1986 3282
90 140 173 181 xix.
195 142 260 192 28,
282 155 348 196 29.
449 141 523 182 IN
565 142 607 183 S.
642 140 985 182 JOANNEM.
1048 140 1175 181 LIB.
1211 140 1315 180 XII.
1627 142 1681 180 93

89 252 232 301 ἐκεῖνο
259 251 314 314 δὴ
345 250 560 314 μάλιστα
592 254 754 316 καιροῦ
781 249 1204 315 συνταραττούσας
1230 248 1375 314 αὐτὴν
1401 249 1578 302 ἐννοίας
1605 251 1679 300 ἐπὶ

89 334 156 402 τῷ
181 334 316 402 τιμίῳ
344 336 568 402 σταυρῷς
609 331 739 385 εἰδὼς
765 332 847 382 οὖν
865 332 957 398 ἄρα
973 330 1080 385 τοὺς
1103 333 1151 382 ἐν
1173 332 1289 399 αὐτῇ
1318 330 1676 397 διαλογισμοὺς,

89 415 270 484 ἀρίστῳ
308 418 614 483 μυσταγωγεῖ)
652 414 903 480 παρεδίδου
942 416 1007 482 τῷ
1046 416 1251 482 μαθητῇ,
1279 414 1332 464 τὸ
1363 419 1448 464 τοῦ
1486 436 1677 478 μυστη-

87 495 189 562 ρίου
219 494 369 554 βάθος
407 497 726 562 ἐκδιηγεῖσθαι
759 499 917 549 καλῶς
948 517 996 545 τε
1036 496 1111 546 καὶ
1142 496 1226 546 οὐκ
1257 495 1485 549 ἀνικάνως
1511 495 1677 563 ἔχοντι.
1699 502 1725 542 d

47 577 244 647 5σοφὸς
283 576 376 644 γὰρ
414 577 472 642 ἧν
511 577 657 630 ὅντως
695 579 771 627 καὶ
811 575 1052 642 θεολόγος,
1092 576 1142 630 ὃς
1182 579 1258 628 καὶ
1293 578 1479 646 δέχεταί
1515 600 1563 628 τε
1602 580 1677 629 καὶ

87 659 354 726 ἀποκομίζει
380 660 574 727 χαίρων,
598 663 763 711 πᾶσαν
795 660 869 710 ἐπ’
898 659 1016 726 αὐτῇ
1042 659 1317 725 πληρώσων
1344 665 1427 711 τοῦ
1456 663 1678 727 Σωτῆρος

89 741 175 806 τὴν
200 742 456 806 βούλησιν.

85 885 208 928 ΛΛετὰ
237 889 364 928 τοῦτο
383 886 553 928 ἸΗσοῡο
580 884 684 927 ἰδὼν
712 885 793 928 aba
821 888 886 928 ὅτι
912 886 1052 928 Πάντα
1079 886 1341 937 τετέλεσται,
1367 886 1436 927 ἵνα
1463 889 1674 945 τελειωθῇ
1703 890 1750 926 28

157 970 179 1010 ἡ
218 969 377 1027 Γραφιέ,
414 970 529 1017 λέΓει
564 970 704 1020 Διψὼ.
753 972 905 1012 σκεῦος
942 970 1083 1012 ἔκειτο
1120 969 1250 1013 ὄξους
1287 970 1457 1018 μεστόν·
1496 970 1678 1017 στῐόΓΓον
1704 984 1751 1021 29

22 1069 71 1095 10
154 1050 226 1094 οὖν
264 1053 419 1101 μεστὸν
456 1053 582 1097 ὄξους
621 1052 810 1107 ὑσσώπῳ
841 1053 1091 1110 Περιθὲντεε
1123 1053 1419 1110 Προσύνει-καν
1453 1054 1583 1094 αὐτοῦ
1616 1055 1678 1108 τῷ

156 1137 348 1185 στόματι.
1699 1145 1722 1172 e

163 1246 549 1314 Πεπληρωμένης
586 1245 778 1311 ἁπάσης
816 1246 1038 1307 ἀσεβείας
1077 1248 1151 1298 ἐπὶ
1190 1250 1392 1314 Χριστῷ
1425 1245 1556 1312 παρὰ
1594 1248 1676 1309 τῆς

86 1334 180 1380 τῶν
206 1330 444 1380 Ἰουδαίων
470 1329 790 1394 ἀνοσιότητος,
829 1332 905 1380 καὶ
943 1329 1114 1380 λοιπὸν
1150 1330 1453 1382 ἐλλείποντος
1492 1327 1677 1382 οὐδενὸς

86 1416 149 1466 εἰς
175 1411 228 1462 τὸ
256 1411 510 1478 φαίνεσθαι
539 1412 728 1465 τελείως
764 1412 970 1479 ἔχουσαν
998 1411 1084 1475 τὴν
1114 1410 1227 1478 ὑπὲρ
1254 1410 1405 1476 λόγον
1431 1410 1672 1475 ὠμότητα,

22 1515 68 1554 15
86 1492 264 1561 πάσχει
290 1517 335 1544 τι
361 1493 510 1544 πάλιν
535 1495 583 1544 ἐν
608 1493 889 1547 τελευταίοις
915 1494 943 1557 ἡ
970 1493 1105 1562 σὰρξ
1126 1492 1243 1544 ’ίδιόν
1268 1516 1317 1544 τε
1344 1495 1419 1544 καὶ
1447 1491 1670 1561 φυσικόν·

86 1573 346 1644 εἰσδέχεται
379 1575 474 1642 γὰρ
507 1575 561 1626 τὸ
595 1578 744 1644 διψῆν
781 1581 883 1629 ταῖς
922 1574 1242 1642 πολυτρόποις
1280 1575 1446 1629 αἰκίαις
1477 1575 1677 1644 ξηρανθ-

85 1655 217 1722 μὲνη.
258 1660 397 1709 δεινοὶ
416 1656 509 1724 γὰρ
537 1661 578 1708 οἰ
605 1656 740 1708 πόνοι
764 1656 883 1724 πρὸς
910 1657 963 1709 τὸ
991 1659 1261 1724 ἀναγκᾶσαι
1290 1661 1452 1726 διψῆν,
1483 1658 1678 1728 ἐμφύτῳ

86 1741 176 1791 τινὶ
213 1742 287 1791 καὶ
323 1738 560 1810 ἀφράστῳ
592 1738 840 1805 θερμότητι
880 1737 966 1803 τὴν
1006 1741 1054 1790 ἐν
1089 1743 1156 1810 τῷ
1194 1737 1331 1801 βάθει
1371 1742 1673 1794 δαπανῶντες

87 1821 273 1887 ἰκμάδα,
305 1825 382 1873 καὶ
419 1821 660 1888 διαπύροις
697 1824 795 1872 τισὶ
833 1827 1138 1888 προσβολαῖς
1178 1822 1232 1874 τὸ
1277 1828 1361 1873 τοῦ
1401 1822 1675 1890 ποίσχοντος
1697 1836 1904 1872 a1067A.

19 1923 69 1948 20
87 1904 369 1957 διακαίοντες
409 1903 715 1971 σπλάγχνον.
769 1902 827 1968 ἧν
857 1904 941 1967 μὲν
968 1904 1062 1971 γὰρ
1090 1905 1144 1955 οὐ
1176 1903 1391 1972 χαλεπὸν
1416 1908 1483 1973 τῷ
1520 1903 1678 1956 πάντα

86 1985 302 2054 ἰσχύοντι
328 1989 436 2056 Θεῷ
463 1984 606 2055 Λόγῳ
633 1987 912 2049 ἀποστῆσαι
939 1987 1015 2037 καὶ
1041 1992 1181 2037 τοῦτο
1214 1989 1298 2051 τῆς
1326 1988 1443 2040 ἰδίας
1477 1986 1672 2054 σαρκὸς,

86 2069 196 2118 ἀλλ’
225 2066 390 2135 ὥσπερ
425 2068 542 2120 ἑκὼν
568 2069 714 2138 ἐφῆκε
751 2072 919 2120 παθεῖν
944 2067 1002 2120 τὰ
1030 2069 1176 2134 ἕτερα,
1203 2068 1382 2137 πάσχει
1422 2071 1496 2120 καὶ
1537 2074 1676 2120 τοῦτο

87 2151 194 2201 καθ’
235 2150 450 2201 ἑκούσιον
488 2151 743 2215 βούλησιν.
795 2151 961 2201 οὐκοῦν
1001 2150 1146 2217 ἐζήτει
1183 2156 1322 2202 πιεῖν.
1377 2155 1420 2202 οἱ
1459 2150 1506 2202 δὲ
1550 2150 1678 2215 ἦσαν

87 2232 234 2286 οὕτως
277 2233 690 2300 ἀφιλοικτίρμονες
739 2233 813 2283 καὶ
857 2231 1045 2298 ἀγάπης
1085 2235 1169 2296 τῆς
1210 2233 1436 2300 φιλοθέου
1475 2232 1676 2300 μακρὰν,

19 2329 67 2368 25
89 2315 151 2367 ὡς·
177 2315 279 2365 ἀντὶ
305 2319 452 2365 ποτοῦ
481 2313 749 2382 πεφυκότος
784 2316 1000 2383 ὠφελεῖν,
1027 2311 1080 2365 τὸ
1107 2316 1296 2365 ἀδικοῦν
1319 2315 1572 2378 ἐπιδοῦναι,
1600 2315 1675 2365 καὶ

86 2395 369 2462 προσθήκην
394 2398 614 2458 ἀσεβείας
654 2399 730 2447 καὶ
766 2395 880 2448 αὐτὸ
911 2399 994 2460 τῆς
1025 2396 1212 2461 ἀγάπης
1245 2396 1298 2447 τὸ
1337 2398 1496 2464 χρῆμα
1535 2396 1672 2461 ποιή-

87 2482 288 2530 σασθαι.
340 2477 396 2529 τὸ
434 2477 527 2545 γὰρ
560 2477 683 2532 ὅλως
722 2482 927 2530 αἰτοῦντι
965 2483 1311 2545 προσενεγκεῖν,
1338 2483 1439 2532 πῶς
1478 2480 1582 2547 οὐχὶ
1622 2477 1675 2530 τὸ
1695 2488 1722 2531 b

135 2636 170 2670 9.
195 2623 333 2670 σκεῦος]
358 2628 395 2665 -f-
416 2623 474 2659 οῧν
492 2623 558 2658 Ed.
579 2624 689 2658 invito
709 2624 750 2658 E.
915 2635 1026 2669 12-23
1052 2624 1160 2658 citant
1179 2623 1288 2659 Cone.
1309 2622 1433 2658 Const.
1451 2624 1498 2658 iii.
1516 2624 1620 2659 Actio
1638 2637 1672 2659 Χ.

89 2671 129 2714 (t.
151 2671 206 2705 vii.
227 2671 294 2715 838
318 2670 371 2706 ed.
389 2670 482 2714 Col.)
510 2677 543 2705 et
570 2670 720 2705 Severus
747 2670 836 2705 Cod.
863 2671 956 2705 Add.
980 2671 1091 2715 12158
1111 2671 1229 2705 Musei
1249 2670 1444 2706 Britannici
1469 2682 1570 2716 saepe
1594 2678 1673 2705 ante

89 2718 148 2752 cit.
167 2718 226 2751 fol.
249 2728 302 2762 73.
322 2724 355 2752 et
372 2718 406 2751 in
427 2717 602 2762 Epistolas
623 2717 712 2753 Cod.
730 2717 825 2752 Add.
847 2727 959 2762 17200
976 2717 1038 2752 fol.
1057 2729 1110 2762 19.
1353 2728 1405 2751 12.
1430 2718 1544 2761 πάσης
1562 2717 1672 2752 Cone.

92 2775 146 2808 13.
173 2764 417 2799 ἐλλελοιπότος
435 2763 544 2798 Cone.
735 2777 789 2807 14.
815 2765 1000 2810 φαίνεσθαι
1019 2766 1090 2798 τελ.
1109 2764 1160 2809 ἕχ.
1182 2763 1248 2798 hoc
1266 2763 1389 2798 ordine
1408 2763 1517 2799 Cone.
1536 2764 1674 2798 favente

88 2816 123 2844 et
141 2810 219 2844 SeV.
237 2811 423 2856 φαίνεσθαι
441 2817 520 2856 post
537 2811 590 2855 ἕχ.
609 2816 652 2844 tr.
673 2810 742 2845 Ed.
945 2812 998 2845 16.
1024 2812 1140 2856 διψεῖν
1158 2810 1199 2845 Ε.
1220 2810 1328 2855 διψᾶν
1346 2810 1454 2845 Cord.
1519 2812 1675 2854 ξηραινο-

88 2856 169 2900 μένη
189 2856 298 2891 Cone.
580 2866 632 2901 17.
658 2857 764 2903 διψῆν
783 2856 892 2891 Cone.
913 2857 1047 2903 Migne.
1063 2858 1181 2902 διψεῖν
1200 2857 1242 2891 Ε.
1260 2857 1369 2902 διψᾶν
1387 2856 1494 2892 Cord.
1513 2868 1531 2890 e
1549 2867 1618 2901 quo
1637 2861 1675 2889 ut

90 2903 228 2938 videtur
248 2903 315 2938 Ed.
475 2914 529 2938 22.
555 2904 638 2938 ἑκὼν
654 2909 878 2949 assumptum
896 2916 914 2938 e
941 2904 1050 2940 Cone.
1071 2903 1163 2938 Catt.
1184 2903 1325 2938 Severo.
1486 2913 1540 2948 23.
1565 2903 1674 2937 ποιεῖν

94 2950 175 2995 (sic)
196 2950 237 2985 E.
