2017 3252
325 136 408 175 602
536 135 585 175 B.
616 132 862 174 CYRILLI
893 129 1238 171 ALEXANDR.
1274 128 1431 168 RESP.
1464 128 1545 168 AD
1577 128 1692 168 TIB.

325 249 411 314 μὲν
436 249 529 316 γὰρ
567 248 671 300 τινὰ
707 252 802 298 τῶν
840 244 1160 313 ἀντιγράφων,
1191 244 1261 295 ὅτι
1298 244 1473 298 ἰδόντες
1508 246 1550 294 οἱ
1590 243 1790 307 ἄγγελοι
1824 247 1907 292 τοῦ

328 335 455 382 Θεοῦ
491 329 576 384 τὰς
607 328 867 396 θυγατέρας
899 331 993 378 τῶν
1020 326 1296 392 ἀνθρώπων.
1346 323 1663 392 παρεγγραφὴ
1697 323 1752 373 δέ
1779 324 1911 373 ἐστιν

289 413 501 481 Οὲξωθεν
537 410 763 474 τιθεμένη·
812 407 866 459 τὸ
905 406 999 474 γὰρ
1032 408 1205 470 ἀληθές
1240 408 1373 457 ἐστιν
1398 403 1596 458 Ἰδόντες
1634 407 1676 455 οἱ
1712 405 1796 454 υἱοὶ
1828 408 1912 454 τοῦ

329 498 454 544 Θεοῦ
479 491 564 546 τὰς·
590 490 850 557 θυγατέρας
876 493 969 540 τῶν
995 488 1272 554 ἀνθρώπων.

378 658 409 681 2.
435 646 668 691 παρεγγρηφὴ
698 644 939 691 [παρενγραφὴ
967 643 1028 689 A.]
1052 644 1147 678 A.D.
1174 642 1383 688 παραγραφὴ
1411 641 1452 676 C.
1472 641 1538 675 Ed.
1566 632 1826 696 εζὲτζῦβ
1852 650 1910 673 ex-

329 713 426 748 hibet
444 719 479 746 Γ.
747 723 779 756 3.
807 709 977 755 τιθεμένη]
996 710 1204 754 τεθησομένη
1223 711 1323 743 τοῦτο
1343 708 1383 743 C.
1456 706 1549 753 ἐστι]
1574 712 1610 748 -Ι-
1631 708 1668 742 τὸ
1688 706 1729 741 C.

398 760 622 816 §4³aessss
649 759 816 823 mh,
842 777 863 810 i.
878 788 907 811 e.
915 776 1090 820 finiuntur
1109 775 1319 820 quaestiones
1335 774 1475 809 exhibet
1492 780 1526 810 Γ.

378 896 518 930 Praeter
542 894 638 934 haec,
665 893 762 927 addit
787 892 852 927 sub
871 893 962 926 calce
981 891 1096 925 adhuc
1114 891 1264 935 capitula
1282 890 1436 936 quinque
1456 889 1533 932 Ed„
1552 901 1639 935 quae
1656 889 1796 923 exhibet
1813 894 1846 923 et
1864 889 1911 923 D.

333 943 426 976 Sunt
450 952 568 975 revera
591 940 628 974 S.
648 939 806 984 Gregorii
824 939 990 984 Nysseni,
1009 950 1026 971 e
1048 938 1200 971 Homilia
1221 938 1257 970 in
1276 937 1368 970 diem
1386 936 1547 970 Natalem
1566 935 1697 970 Christi
1715 935 1913 981 desumpta,

331 989 411 1024 vide
431 988 467 1022 S.
486 987 591 1032 Greg„
610 987 718 1031 Nyss.
736 997 841 1030 opera
857 991 882 1020 t.
900 985 946 1019 iii.
964 995 1028 1030 341
1053 984 1176 1029 B-343
1196 983 1237 1018 C.
1257 989 1289 1017 et
1307 994 1375 1028 344
1395 982 1518 1027 0-345
1536 982 1596 1017 fin.
1615 988 1648 1016 et
1665 982 1733 1027 346
1751 982 1829 1016 ΑΒ.
