2027 3257
116 210 282 252 [57M·]
325 234 336 247 ‚

164 752 229 773 ver.
249 750 261 772 I
268 751 297 772 Ο.

159 1234 216 1268 58
238 1233 299 1269 Μ.

93 1390 125 1440 S.
143 1389 268 1420 Matth.

93 1444 159 1463 x1x.
173 1443 203 1471 3.

94 1487 144 1517 Ib.
159 1498 188 1527 9.

94 1643 141 1674 ΙΙ).
161 1652 208 1675 10.

95 1805 143 1836 lb.
161 1814 209 1837 12.

315 126 399 165 268
478 124 529 165 B.
563 122 810 164 GYRILLI
847 121 1195 162 ALEXANDR.
1235 121 1607 162 FRAGMENTA
1667 121 1736 162 vii.
1761 121 1784 162 8
1807 136 1894 175 sqq.

317 234 385 284 επ’
412 232 629 301 ἐξουσίας
662 234 896 283 ποιεῖσθαι
931 232 1120 293 πολλῆς
1152 229 1260 283 τοὺς
1285 233 1366 293 τῆς
1393 229 1678 298 ὑφηγήσεως
1704 230 1895 296 λόγους,

317 312 404 365 κᾶν
428 319 464 365 εἰ
489 314 554 378 μή
580 336 624 364 τι
652 312 799 363 κεόιτο
826 316 919 362 τῶν
945 311 1189 376 πρακτέων
1214 311 1344 377 παρά
1375 334 1428 377 γε
1454 317 1550 365 τοῖς
1577 315 1712 378 ἱεροῖς
1738 311 1893 377 γράμ-

316 415 479 458 μασιν·
531 394 737 448 τοιοῦτός
761 417 830 447 τις
858 392 1080 460 ὑπάρχων
1107 395 1182 443 καὶ
1209 394 1234 443 ὁ
1259 393 1513 447 θεσπέσιος
1542 397 1737 446 Παῦλος
1765 393 1900 459 Λέγω

318 476 371 528 δέ
390 482 513 546 φησι
540 480 627 531 τοῖς
654 475 855 543 ἀγάμοις
883 480 959 526 καὶ
987 477 1089 528 ταῖς
1116 476 1288 540 χήραις,
1311 476 1450 526 καλὶν
1475 478 1621 529 αὐτοῖς
1644 474 1714 526 ξαν
1741 476 1895 542 μείνω-

316 584 383 611 σιν
409 563 466 614 ὡς
495 557 641 624 nima),
669 560 744 608 καὶ
771 556 830 607 τὰ
858 557 981 624 ἑξῆς·
1027 555 1138 606 ἔνθα
1164 554 1249 619 μὲν
1275 555 1367 622 γὰρ
1394 557 1447 607 οὐ
1473 561 1593 609 θεῖος
1625 557 1735 619 ἡμῖν
1763 557 1901 619 νόμος
1921 573 1943 611 5

316 640 371 691 τό
398 639 529 706 Λέγω
563 641 764 690 τέθεικεν
797 638 1078 704 ἀναγκαίως·
1132 638 1186 688 οῦ
1219 638 1266 688 δὲ
1293 636 1505 704 Χριστὸς
1534 639 1558 688 ὁ
1590 637 1903 704 προστάττων

317 721 393 787 ἧν,
423 721 477 773 τό
506 721 838 789 Παραγγέλλω
878 722 1014 788 φησι,
1045 719 1367 785 προσεπάγων
1406 718 1538 773 εὐθὺς
1577 717 1631 769 τό
1659 722 1760 770 Οὐκ
1799 720 1901 785 ἐγὼ,

317 808 428 855 αλλ’
458 810 475 855 o‘
506 802 670 870 Κύριος·
721 803 771 853 τί
801 801 851 852 δὲ
885 801 977 867 ἄρα
1008 806 1259 867 παρῶπται
1290 805 1384 851 τῶν
1410 801 1675 867 ἀναγκαίων
1703 806 1899 865 νομοθε-

316 891 473 936 τοῦντι
499 888 699 952 Χριστῷ
727 906 738 946 ;
788 885 1027 935 ἐπινοοῦσι
1054 882 1102 933 δὲ
1129 883 1179 933 τί
1198 883 1252 934 τὸ
1279 883 1468 946 ἄμεινον
1494 885 1535 933 οἱ
1561 883 1875 948 μυσταγωγοί
1889 905 1901 943 3

317 967 465 1017 καίτοι
505 970 606 1019 πῶς
647 967 730 1016 οὐκ
771 965 944 1027 ἀμαθὲς
986 968 1060 1015 καὶ
1102 964 1411 1029 ἀπόπληκτον
1453 969 1697 1017 παντελῶς
1742 964 1796 1014 τὸ
1838 963 1902 1028 μὴ
1922 988 1971 1013 10

318 1048 487 1115 ἀρτίως
525 1048 645 1114 ἔχειν
683 1047 865 1098 οἴεσθαι
906 1046 965 1097 τὰ
1004 1045 1134 1112 παρὰ
1172 1050 1423 1111 Χριστοῦ;
1472 1047 1521 1096 τί
1556 1047 1636 1097 οὖν
1674 1047 1898 1112 ἐροῦμεν,

319 1131 402 1181 οὐκ
452 1130 701 1198 ἀπέφησεν
744 1129 826 1179 τὸν
871 1128 1026 1194 γάμον
1069 1127 1122 1179 τὸ
1174 1127 1483 1194 εὐαγγελικὸν
1527 1130 1602 1178 καὶ
1648 1129 1905 1179 θεσπέσιον

320 1211 551 1278 κήρυγμα,
584 1213 936 1276 ἐπιμετροῦντος
976 1208 1107 1272 οἶμαί
1140 1233 1233 1261 που
1271 1215 1354 1261 τοῦ
1395 1214 1520 1261 Θεοῦ
1560 1215 1617 1277 τῇ
1656 1210 1905 1274 ἀνθρώπου

319 1294 464 1362 φύσει
502 1292 588 1356 τὴν
619 1292 828 1356 ἐντολήν·
878 1292 968 1359 ἔφη
997 1291 1091 1358 γὰρ
1130 1297 1226 1345 τοῖς
1263 1291 1535 1357 πειράζουσι
1576 1292 1846 1359 φαρισαίοις
1879 1291 1904 1341 ὁ

915 1375 924 1389 5
973 1372 983 1389 Ι

322 1375 495 1441 Κύριος
533 1374 833 1441 ἐρωτήσασιν
871 1397 1013 1424 αυτον
1053 1382 1079 1404 “
1101 1378 1159 1425 El
1199 1374 1384 1443 ἔξεστιν
1423 1377 1666 1425 ἀπολῦσαι
1703 1372 1789 1436 τὴν
1812 1396 1898 1438 γυ·
1924 1398 1971 1436 15

1554 1462 1581 1484 ίί

317 1465 344 1486 “
371 1462 506 1508 ναῖκα
532 1458 704 1507 αὐτοῦ”
734 1455 798 1520 μὴ
825 1458 898 1506 ἐπὶ
925 1457 1129 1524 πορνείᾳ,
1152 1456 1223 1507 ὅτι
1250 1457 1274 1506 ὁ
1302 1455 1526 1507 ἀπολύων
1597 1456 1682 1518 τὴν
1709 1460 1905 1520 γυναῖκα

318 1547 344 1568 “
372 1540 514 1590 αὑτοῦ
548 1539 777 1603 παρεκτὸς
814 1538 963 1604 λόγου
989 1538 1219 1604 πορνείας,
1244 1542 1368 1589 ποιεῖ
1390 1537 1534 1601 αὐτὴν
1560 1537 1902 1604 μοιχευθῆναι.”

315 1621 434 1687 πρὸς
471 1627 619 1672 ταῦτα
659 1621 885 1686 λέγουσιν
911 1621 1036 1690 αὐτῷ
1067 1623 1108 1670 οἱ
1140 1621 1350 1684 μαθηταί
1386 1627 1412 1649 “
1433 1624 1490 1670 Εἰ
1517 1620 1662 1672 οὕτως
1690 1621 1791 1670 ἐστὶ
1823 1624 1906 1669 τοῦ

318 1711 345 1732 “
371 1703 622 1769 ἀνθρώπου
648 1703 674 1766 ἡ
703 1703 826 1753 αἰτία
860 1701 977 1766 μετὰ
1011 1705 1094 1765 τῆς
1131 1701 1361 1766 γυναικὸς,
1390 1703 1442 1752 οὐ
1478 1701 1709 1768 συμφέρει
1745 1704 1903 1766 γαμῆ-

319 1792 345 1816 “
371 1786 471 1835 σαί·
527 1785 552 1835 ὁ
592 1784 639 1835 δὲ
677 1782 801 1835 εἶπεν
840 1785 995 1837 αὐτοῖς
1023 1784 1164 1834 Εἰσὶν
1202 1784 1409 1850 εὐνοῦχοι
1449 1783 1611 1836 οἵτινες
1647 1785 1696 1833 ἐκ
1729 1784 1905 1836 κοιλίας
1925 1810 1976 1835 20

317 1874 344 1896 ‘⁶
370 1865 546 1932 μητρὸς
581 1864 901 1932 ἐγεννήθησαν
927 1867 1086 1926 οὕτως,
1119 1864 1197 1915 καί
1228 1868 1347 1915 εἰσιν
1383 1867 1593 1932 εὐνοῦχοι
1628 1864 1790 1918 οἵτινες
1827 1864 1901 1914 εὐ-

317 1956 344 1978 “
372 1948 698 2016 νουχίσθησαν
738 1945 826 1998 ὑπὸ
866 1951 960 1997 τῶν
998 1945 1274 2012 ἀνθρώπων,
1314 1947 1395 1997 καί
1429 1950 1547 1996 εἰσιν
1589 1947 1797 2013 εὐνοῦχοι
1832 1945 1902 1996 οἵ·

319 2038 345 2059 “
372 2053 490 2083 τινες
525 2030 805 2096 εὐνούχισαν
832 2027 1022 2082 ἑαυτοὺς
1057 2027 1133 2078 διὰ
1163 2027 1249 2092 τὴν
1274 2029 1527 2089 βασιλείαν
1553 2032 1646 2078 τῶν
1672 2029 1902 2093 οὐρανῶν·

1124 2109 1149 2125 9,

321 2119 347 2141 “
374 2113 399 2162 ὁ
427 2112 678 2175 δυνάμενος
704 2115 871 2178 χωρεῖν
898 2111 1118 2177 χωρείτω.
1188 2111 1423 2176 προῦθηκε
1450 2109 1545 2176 γὰρ
1569 2114 1664 2164 τοῖς
1690 2110 1908 2161 ἐθέλουσι

320 2198 593 2258 κατορθοῦν,
622 2194 674 2244 οὐ
709 2191 802 2256 μὴν
837 2191 1050 2257 ὑπήγαγε
1087 2192 1230 2261 νόμῳ,
1259 2191 1329 2242 ὅτι
1363 2190 1428 2255 μὴ
1460 2191 1640 2244 πάντας
1671 2191 1907 2255 ἠπίστατο
1927 2210 1976 2249 25

320 2280 414 2326 τῶν
440 2278 523 2338 τῆς
549 2273 727 2340 σαρκὸς
754 2274 1021 2337 κινημάτων
1048 2277 1398 2338 κατευμεγεθεῖν
1426 2273 1672 2323 δύνασθαι.

368 2388 400 2417 4.
428 2375 502 2410 Ine.
523 2375 588 2409 H.
588 2374 732 2420 Ἀγαμαι
753 2375 810 2408 τὸν
827 2375 1054 2418 μυσταγωγὸν
1079 2388 1132 2407 και
1158 2372 1370 2416 κατατεθηπα
1395 2373 1473 2407 λίαν
1497 2374 1555 2416 τῆς
1580 2372 1721 2416 ἐνούσης
1738 2373 1826 2418 αὐτῷ
1845 2388 1907 2408 σο-

321 2423 404 2466 φίας
421 2423 458 2455 τὸ
476 2423 612 2461 κάλλος,
631 2422 707 2501 τὴςΙ
706 2421 876 2456 συνέσεως
893 2420 953 2463 τὴν
970 2420 1177 2464 ὑπερβολὴν,
1195 2421 1253 2463 τῆς
1273 2420 1513 2464 μυσταγωγίας
1538 2421 1576 2453 τὸ
1594 2419 1741 2463 ἀκριβές·
1772 2420 1851 2453 ἔνθα
1869 2421 1907 2454 οὐ

322 2467 444 2502 θεῖος
427 2472 466 2510 ἠν
483 2470 583 2511 νόμος
601 2469 652 2510 (5)
926 2467 958 2500 6.
985 2467 1171 2512 ἀναγκαίως
1189 2472 1413 2510 assumptum
1431 2478 1472 2499 ex
1494 2466 1541 2499 H.
1615 2467 1700 2500 ὅπου
1718 2478 1781 2510 pro
1799 2466 1838 2500 οὗ
1858 2466 1906 2521 H.

324 2523 354 2559 7.
380 2516 418 2547 τὸ
437 2516 495 2548 alt.
514 2526 583 2548 om.
608 2515 653 2547 Η.
849 2514 881 2547 8.
908 2512 1048 2558 Κίριος]
1070 2513 1186 2557 Pe1git
1204 2513 1380 2557 aliquanto
1400 2512 1532 2545 dixerse
1554 2512 1600 2546 H.
1619 2513 1662 2547 ὡς
1679 2512 1831 2557 ἀδελφὸς
1847 2513 1908 2556 μὲν

322 2560 380 2595 οὐν
397 2561 557 2605 ὑπιιρχων
579 2561 631 2593 καὶ
655 2561 853 2603 ὁμόδουλος,
873 2559 1113 2602 συμβουλεύει,
1132 2560 1170 2592 οὐ
1194 2559 1258 2602 μὴν
1276 2559 1319 2594 ὡς
1336 2559 1464 2593 ἀτελῶς
1481 2558 1627 2602 εχόντων
1647 2562 1713 2592 τῶν
1731 2559 1907 2604 ευαγγελι-

323 2611 388 2640 κῶν
413 2609 522 2650 νόμων
546 2607 755 2650 προστίθησι
780 2607 820 2639 τὰ
837 2606 914 2648 παρ’
941 2607 1060 2640 ἑαυτοῦ
1086 2608 1104 2639 ὁ
1129 2608 1269 2640 παῦλος.
1296 2607 1314 2638 ὁ
1337 2605 1398 2648 μὲν
1421 2619 1487 2649 γαρ
1513 2605 1728 2650 εὐαγγελικὸς
1746 2607 1861 2650 λόγος,
1879 2606 1908 2639 εἶ

323 2668 376 2687 και
401 2654 441 2686 τὰ
467 2654 618 2696 μάλιστα
643 2654 763 2686 λοιπον
788 2653 897 2686 οὐκέτι
923 2654 980 2695 τῆς
1005 2651 1217 2686 παιδοποιιας
1243 2652 1340 2695 χρεία
1361 2652 1414 2684 διὰ
1434 2651 1472 2685 τὸ
1491 2652 1765 2694 συνεσταλμένον
1783 2653 1836 2685 καὶ
1854 2651 1905 2686 ἐπ’

324 2701 483 2744 ἐσχάτοις
509 2714 546 2731 το
552 2714 568 2732 υ
585 2713 662 2741 παρ
666 2714 692 2732 >ν
695 2714 751 2733 τος
768 2699 884 2733 αιῶνος
907 2700 949 2733 ὡς
967 2698 1153 2733 δύσοιστον
1170 2699 1207 2731 τὸ
1225 2699 1282 2740 τῆς
1300 2698 1492 2742 ἐγκρατείας
1509 2712 1542 2730 π
1535 2700 1666 2742 ιρῆκεν,
1685 2713 1736 2732 ινα
1759 2699 1803 2742 μὴ
1823 2699 1905 2742 δόξῃ

324 2747 465 2790 οζυγος
490 2746 592 2779 ‹zi-rm
617 2760 669 2778 και
694 2746 732 2778 τὸ
757 2745 900 2789 φορτίον
923 2744 1023 2788 βαρύ
1061 2745 1090 2777 εἷ
1115 2745 1150 2777 δὲ
1177 2759 1229 2777 και
1256 2744 1299 2787 μὴ
1326 2746 1480 2788 φανερῶς
1504 2747 1604 2777 τοῦτο
1627 2744 1798 2788 ἐπέταξεν,
1816 2745 1907 2778 ἀλλὰ

323 2793 511 2836 μακαρίσας
529 2792 605 2826 τοὺς
629 2792 888 2836 εὐνουχίσαντας
911 2791 1047 2826 ἑαυτους
1070 2791 1122 2823 δια
1144 2791 1203 2834 τὴν
1221 2790 1403 2830 βασιλείαν
1422 2794 1488 2824 -ιῶν
1508 2791 1667 2835 οὐρανῶν.
1686 2791 1844 2825 ἕδωκεν“
1830 2793 1907 2835 ημῖν

323 2842 410 2872 νοεῖν
427 2839 477 2872 ὅτι
495 2839 524 2872 εἶ
541 2840 593 2872 καὶ
615 2838 659 2881 μὴ
677 2838 787 2871 ἅνειλε
810 2839 867 2871 τὸν
884 2839 942 2880 τῆς
959 2837 1170 2872 παιδοποιιας
1194 2851 1307 2880 νυμον,
1325 2836 1403 2871 ἀλλ’
1427 2852 1482 2870 απ
1484 2838 1630 2882 )ὃεχεται
1652 2838 1730 2873 τοὺς
1754 2837 1905 2882 εὐνουχί-

323 2901 448 2921 ο-ιιντας
473 2885 609 2919 ἑαυτους
634 2886 687 2918 διὰ
711 2885 770 2939 τὴν
791 2885 983 2924 Βασιλείαν
1019 2884 1058 2917 οἰ
1078 2884 1142 2928 μὴν
1159 2898 1211 2918 και
1233 2883 1477 2927 ἐνομοθέτησει
1502 2899 1611 2926 τουτο,
1637 2883 1750 2918 εἴασεν
1775 2884 1811 2918 δέ
1837 2886 1906 2918 τοῖς

322 2932 480 2967 εθέλυυσι
500 2934 597 2965 τοῦτο
616 2946 733 2968 ποιειν,
752 2931 801 2965 ω’τι
822 2930 906 2975 (25)
930 2931 974 2965 H.
1262 2931 1316 2964 26.
1347 2930 1429 2963 Post
1448 2930 1609 2964 &atacem
1630 2937 1739 2976 pwglt
1758 2930 1904 2976 επὴγαγε
