2001 3257
311 128 393 167 150
710 128 761 168 B.
795 127 1075 168 CYRILLI
1116 127 1500 168 ALEXANDR.
1736 129 1888 172 XX.28.

311 243 340 265 “
365 237 518 290 αὐτοῖς
569 237 635 288 Τί
680 237 1014 303 τεταραγμένοι
1063 236 1188 297 ε’στὲ,
1242 237 1316 286 καὶ
1367 236 1442 286 διὰ
1492 235 1541 286 τί
1587 238 1890 300 διαλογισμοὶ

270 328 292 355 0
312 325 338 348 ‘⁶
364 319 702 379 ἀναβαίνουσιν
729 320 776 368 ἐν
801 323 901 371 ταῖς
928 319 1137 383 καρδίαις
1165 319 1323 380 ὑμῶν;
1366 317 1483 368 ἰ’δετε
1510 315 1593 370 τὰς
1619 316 1775 384 χεῖράς
1800 339 1891 379 μου

310 406 337 428 “
365 401 440 449 καὶ
467 398 574 453 τοὺς
598 398 748 452 πόδας
781 422 885 461 μου,
913 398 983 449 ὅτι
1017 399 1109 463 ἐγώ
1140 402 1230 461 εἶμι
1265 397 1418 452 αὑτός.
1469 397 1805 466 ψηλαφήσατέ
1834 421 1890 459 με

310 487 338 509 “
362 483 436 531 καὶ
462 480 592 543 ἴδετε,
620 480 690 531 ὅτι
721 486 904 543 πνεῦμα
932 479 1091 546 σάρκα
1119 483 1192 530 καὶ
1221 479 1365 530 ὀστέα
1394 480 1476 529 οὐκ
1502 479 1592 546 ἔχει
1627 478 1779 532 καθὼς
1814 478 1891 541 ἐμὲ

311 568 338 590 “
364 566 569 627 θεωρεῖτε
619 561 800 628 ἔχοντα.
880 564 957 611 καὶ
1006 567 1143 612 τοῦτο
1194 560 1335 611 εἰπὼν
1384 560 1554 628 ἔδειξεν
1604 560 1757 612 αὐτοῖς
1807 558 1890 612 τὰς·
1910 579 1932 618 5

311 649 337 671 “
364 647 521 709 χεῖρας
559 644 635 693 καὶ
673 642 779 696 τοὺς
819 641 981 695 πόδας.
1052 642 1118 692 ε”τι
1159 642 1206 692 δὲ
1251 641 1579 692 ἀπιστούντων
1621 641 1773 690 αὐτῶν
1815 642 1890 690 καὶ

310 730 337 752 “
365 722 694 790 θαυμαζόντων
720 722 814 774 ἀπὸ
852 726 935 787 τῆς
973 727 1121 790 χαρᾶς
1159 720 1284 774 εἶπεν
1311 723 1464 776 αὐτοῖς
1483 719 1665 788 ’Έχετέ
1684 743 1726 771 τι
1757 720 1886 786 βρώ-

311 812 337 835 “
363 828 506 868 σιμον
535 804 727 867 ἐνθάδε,
770 808 811 855 οἱ
847 803 896 854 δὲ
932 805 1168 855 ἐπέδωκαν
1194 805 1330 872 αὐτῷ,
1359 805 1523 871 φησὶν,
1554 801 1712 869 ἰχθύος
1743 803 1890 853 ὀπτοῦ

311 894 337 916 “
363 887 501 952 μέρος
528 889 602 938 καὶ
626 886 720 938 ἀπὸ
747 886 1003 950 μελισσίου
1030 886 1202 952 κηρίου,
1230 888 1304 936 καὶ
1332 884 1498 945 λαβὼν
1517 884 1712 934 ἐνώπιον
1738 884 1890 934 αὐτῶν

310 975 337 998 “
365 968 580 1036 ἐφαγεν.”
634 970 746 1037 ὁρᾷς
781 968 907 1021 ὅπως
939 969 963 1017 ὁ
989 971 1071 1031 τῆς
1103 967 1323 1020 ἀπιστίας
1358 967 1602 1033 ἐνδομυχεῖ
1634 963 1885 1030 λογισμὸς,
1911 989 1959 1014 10

265 1061 292 1101 d
311 1051 393 1100 οὐκ
419 1051 467 1100 ἐν
493 1049 620 1119 μόνῳ
645 1054 711 1119 τῷ
744 1050 956 1118 μακαρίῳ
982 1052 1151 1118 Θωμᾷ,
1179 1053 1312 1099 νοσεῖ
1342 1047 1388 1098 δὲ
1421 1048 1474 1098 τὸ
1509 1045 1658 1100 πάθος
1690 1048 1765 1097 καὶ
1796 1050 1890 1096 τῶν

309 1131 477 1197 ἑτέρων
510 1135 733 1195 μαθητῶν
762 1132 786 1181 ὁ
823 1136 958 1191 νοῦς;
1000 1129 1098 1181 ἰδοὺ
1134 1129 1227 1195 γὰρ
1262 1128 1360 1180 ἰδοὺ
1399 1131 1473 1179 καὶ
1509 1127 1627 1192 μετὰ
1660 1127 1746 1191 τὴν
1780 1127 1890 1178 θέαν

309 1216 404 1262 τῶν
431 1214 503 1262 ἐπὶ
536 1217 602 1280 τῷ
632 1215 824 1279 σταυρῷ
862 1210 1142 1277 τραυμάτων
1176 1213 1599 1276 ὀλιγοπιστοῦντας
1638 1210 1773 1275 ὀρῶν,
1801 1211 1883 1258 ἀν-

309 1294 512 1344 απείθειν
547 1291 662 1362 ᾤετο
701 1295 795 1343 δεῖν
834 1295 908 1343 καὶ
949 1294 1008 1343 δι’
1057 1292 1212 1358 ἑτερου
1252 1291 1544 1357 πράγματος,
1587 1291 1684 1341 κατ’
1728 1290 1890 1340 οὐδένα

307 1374 391 1437 μὲν
416 1373 592 1441 τρόπον
617 1375 845 1438 πνεύματι
870 1373 1144 1439 πρέποντος,
1171 1373 1422 1437 ἀνήκοντος
1449 1372 1495 1423 δὲ
1523 1376 1711 1435 μᾶλλον
1739 1374 1889 1424 ἱδικῶς
1911 1395 1957 1433 15

307 1460 404 1509 τοῖς
442 1455 535 1506 ἀπὸ
574 1458 661 1521 γῆς
699 1456 895 1520 σώμασι
934 1457 1009 1505 καὶ
1040 1459 1098 1523 τῇ
1135 1459 1230 1505 τῶν
1256 1459 1449 1521 σαρκῶν
1475 1453 1633 1521 φύσει.
1689 1451 1886 1516 κατεδή-

308 1541 414 1588 δοκε
444 1536 538 1604 γάρ
563 1536 616 1589 τὸ
651 1535 971 1604 προκομισθὲν
997 1537 1217 1604 ἰχθύδιον,
1245 1536 1347 1600 η’τοι
1380 1535 1434 1585 τὸ
1469 1535 1526 1602 ἐξ
1554 1535 1696 1584 αὐτοῦ
1730 1534 1884 1598 μέρος.

308 1618 516 1684 ἀνάγκης
554 1618 602 1670 δὲ
640 1617 802 1685 ὥσπερ
836 1618 974 1686 ἔργον
1012 1617 1229 1684 ἑκάτερον
1268 1616 1381 1668 εἶναι
1421 1616 1651 1679 δώσομεν.
1707 1618 1889 1683 φθορᾶς

308 1699 402 1766 γὰρ
434 1700 557 1754 ὅλως
590 1700 856 1766 σωζομένης
889 1700 1039 1750 οὐκέτι
1076 1699 1193 1763 μετὰ
1229 1698 1314 1762 τὴν
1340 1698 1607 1749 ἀνάστασιν
1633 1700 1715 1760 τῆς
1754 1696 1890 1761 ἁγίας

272 1806 293 1833 e
309 1780 525 1845 μάλιστα
556 1781 747 1848 σαρκὸς,
773 1783 958 1847 ἐπείπερ
985 1782 1154 1842 ἀνεβίω
1179 1781 1298 1847 πρὸς
1332 1779 1618 1848 ἀφθαρσίαν,
1647 1780 1745 1828 ἀλλ
1786 1776 1889 1828 οὐδὲ
1909 1804 1958 1828 20

308 1866 487 1930 τροφῆς
515 1866 596 1927 τῆς
626 1862 859 1927 συνήθους
892 1865 1140 1926 δεδεῆσθαι
1166 1861 1550 1925 πεπιστευμένης,
1577 1859 1787 1925 καθάπερ
1815 1861 1889 1910 καὶ

308 1944 550 2011 πρότερον,
577 1944 749 1998 τύπους
782 1945 911 2009 ἥλων
935 1944 1150 2013 ἐπέδειξε,
1179 1945 1252 1994 καὶ
1288 1945 1467 2011 τροφῆς
1500 1945 1781 2008 μεταλαχεῖν
1807 1941 1889 1991 οὐκ

309 2026 565 2090 ἀνένευσεν,
600 2027 675 2077 ἵνα
708 2025 761 2077 τὸ
796 2026 916 2092 μέγα
953 2029 1035 2089 τῆς
1069 2024 1377 2078 ἀναστάσεως
1407 2023 1583 2091 ῥιζώσῃ
1617 2024 1889 2088 μυστήριον,

310 2110 386 2159 καὶ
425 2108 508 2172 τὴν
546 2110 621 2159 ἐπὶ
661 2108 812 2177 τούτῳ
849 2109 1013 2159 πίστιν
1051 2113 1150 2160 ταῖς
1190 2106 1411 2157 ἁπάντων
1448 2106 1579 2169 ἡμῶν
1616 2103 1889 2173 ἐμφυτεύσῃ

309 2193 504 2257 ψυχαῖς.
559 2190 794 2256 ἐργάζεται
833 2188 881 2240 δὲ
911 2188 970 2240 τὰ
1003 2192 1085 2252 τῆς
1118 2192 1211 2239 τῶν
1236 2187 1512 2251 πνευμάτων
1538 2187 1728 2253 φύσεως
1764 2208 1884 2236 παν·
1909 2210 1958 2250 25

310 2276 457 2324 τελῶς
502 2271 748 2338 ἀλλότρια.
818 2271 954 2322 τύποι
999 2270 1092 2337 γὰρ
1139 2271 1282 2335 ἥλων,
1324 2271 1399 2320 καὶ
1439 2267 1719 2334 τραυμάτων
1767 2267 1888 2334 ἰ’χνη,

311 2354 385 2402 καὶ
423 2356 604 2420 τροφῆς
641 2352 826 2422 μέθεξις
864 2355 1148 2416 σωματικῆς,
1176 2351 1322 2403 πόθεν
1349 2348 1406 2400 ἂν
1444 2349 1472 2414 ἢ
1507 2353 1606 2402 πῶς
1637 2350 1889 2415 ἐνυπάρχοι

310 2433 538 2497 πνεύματι
564 2438 728 2503 γυμνῷ
753 2457 803 2485 τε
827 2434 1106 2485 παντάπασι
1144 2434 1220 2484 καὶ
1259 2430 1557 2500 ἀσυμπλόκῳ
1583 2431 1740 2496 σαρκὶ,
1771 2427 1889 2497 ᾗπερ

86 2528 193 2563 1109
208 2512 368 2564 Aa&
406 2515 575 2580 πρέποι
614 2515 733 2566 κατά
769 2538 823 2581 γε
852 2515 934 2566 τὸν
960 2513 1107 2580 λόγον
1133 2517 1214 2577 τῆς
1254 2514 1370 2566 ἰδίας
1409 2512 1598 2581 φύσεως
1637 2513 1712 2562 καὶ
1747 2510 1801 2560 τὸ
1840 2511 1890 2560 ἐν

311 2594 490 2649 τούτοις
534 2597 749 2660 γίνεσθαι
792 2601 985 2664 φιλεῖν,
1045 2597 1210 2646 οὐκοῦν
1255 2594 1329 2644 ἵνα
1372 2593 1436 2657 μὴ
1481 2597 1663 2655 πνεῦμα
1715 2590 1889 2642 λεπτὸν
1909 2622 1959 2659 30

311 2677 500 2729 o’c'covrac'
539 2700 658 2730 τινες
702 2678 949 2743 ε’γηγέρθαι
991 2675 1072 2728 τὸν
1116 2675 1305 2742 Κύριον,
1350 2673 1464 2738 μήτε
1507 2672 1600 2737 μὴν
1645 2673 1890 2742 ἀνέπαφον

361 2786 486 2829 18-ρ,
517 2794 593 2829 151,
621 2796 642 2826 4
669 2784 750 2817 citat
776 2783 931 2817 collectio
957 2782 1236 2817 testimoniorum
1264 2780 1402 2826 Syriace
1428 2791 1534 2824 supra
1559 2780 1616 2814 cit.
1637 2791 1655 2813 e
1682 2778 1770 2813 cod.
1790 2779 1889 2814 Mus.

313 2832 400 2865 Brit.
421 2830 529 2876 (Add.
553 2831 679 2875 14532)
699 2831 758 2864 fol.
778 2830 821 2872 46
841 2842 873 2863 v.
901 2841 1037 2863 necnon
1055 2829 1098 2864 ad
1117 2840 1187 2863 ver,
1208 2837 1251 2873 25
1269 2827 1358 2861 infra
1378 2826 1525 2860 Severus
1547 2832 1668 2860 contra
1689 2826 1821 2860 Julian.
1845 2837 1888 2859 ex

314 2878 407 2942 B‘ffbl.
425 2877 673 2968 qadffimggkgdd.
689 2876 815 2921 12158)
835 2875 895 2910 fol.
913 2887 977 2917 124
994 2888 1028 2910 v.
1245 2885 1299 2915 24.
1327 2873 1386 2916 τὴν
1404 2878 1627 2917 assumptum
1646 2884 1687 2906 ex
1707 2872 1749 2906 E.
1821 2875 1888 2906 τῶν

314 2936 377 2970 Plo
394 2939 465 2959 Ταίς
527 2936 534 2957 l
611 2950 618 2958 ι
