1986 3282
94 152 205 194 xviii.
227 165 319 207 7—9.
384 154 457 194 IN
500 154 541 195 S.
575 154 912 194 JOANNEM.
975 154 1099 194 LIB.
1134 154 1211 194 XI.
1276 155 1409 196 CAP.
1436 157 1538 197 XII.
1630 160 1682 198 21

93 259 278 330 θανάτῳ
322 265 613 328 παραδοῦναι
658 267 818 326 σῶμα,
866 262 941 312 ἵνα
986 264 1061 313 καὶ
1106 264 1443 327 ἀκολουθῆσαν
1493 268 1551 331 τῇ
1601 271 1683 315 τοῦ

91 343 341 398 ἑνωθέντος
383 344 508 413 αὐτῷ
553 342 715 410 Λόγου
757 344 863 411 ζωῇ,
903 348 961 412 τῇ
1003 349 1098 396 τῶν
1144 344 1383 408 σωμάτων
1423 345 1684 413 ὁδοποιήσῃ

91 424 237 492 φύσει
275 425 329 475 τὸ
368 426 600 477 δύνασθαι
640 425 809 477 λοιπὸν
851 428 926 477 καὶ
962 431 1057 477 τῶν
1096 433 1179 477 τοῦ
1216 427 1422 479 θανάτου
1461 451 1684 479 κατανεα-

1750 516 1761 536 1
1774 507 1845 538 Cor.

91 506 323 558 νιεύεσθαι
349 506 558 575 βρόχων.
611 508 803 576 ἀπαρχὴ
840 507 934 574 γὰρ
961 513 1056 559 τῶν
1083 509 1430 574 κεκοιμημένων
1455 511 1479 560 ὁ
1511 510 1684 576 Κύριος
1705 534 1726 561 e
1746 561 1799 581 xv.
1818 560 1868 582 20·

48 603 69 643 5
91 590 166 639 καὶ
191 588 489 655 πρωτότοκος
515 591 564 640 ἐκ
592 595 780 655 νεκρῶν,
803 589 1052 655 λειοτάτην
1071 589 1236 658 ὥσπερ
1264 596 1361 646 τοῖς
1385 593 1490 656 μεθ’
1519 591 1684 643 ἑαυτὸν

90 672 336 722 ἀποτελῶν
381 671 457 722 διὰ
502 675 583 736 τῆς
639 673 756 725 ἰδίας
801 671 1112 727 ἀναστάσεως
1160 673 1246 738 τὴν
1297 677 1359 728 εἰς
1406 676 1684 743 ἀφθαρσίαν

90 753 376 819 ἀναδρομήν.
445 754 665 823 ὑπεξάγει
716 760 968 820 τοιγαροῦν
1020 761 1103 806 τοῦ
1151 757 1419 822 παραυτίκα
1468 756 1684 808 κινδύνου

88 834 197 888 τοὺς
237 836 464 900 μαθητὰς,
504 838 630 906 αὐτῷ
672 836 728 900 δὴ
766 836 959 903 πρέπειν
1000 835 1106 888 τότε
1146 837 1364 902 μάλιστα
1407 839 1491 890 τὸν
1532 838 1685 891 ἆθλον

90 917 233 981 εἰδὼς,
259 919 334 969 καὶ
373 919 459 986 οὐχ
498 918 653 985 ἑτέρου
679 918 804 972 τινὸς
838 919 977 985 ἔργον
1017 918 1103 984 τὴν
1131 924 1225 971 τῶν
1252 922 1359 972 καθ’
1387 922 1508 986 ἡμᾶς
1534 923 1679 973 ἐπαν-

22 1026 70 1051 ιο
90 998 298 1066 όρθωσιν
338 1001 630 1070 ἀποφαίνων,
672 1002 783 1052 ἀλλ’
821 1002 964 1066 αὐτῆς
1004 1004 1079 1053 καὶ
1117 1001 1262 1067 μόνης
1301 1006 1384 1068 τῆς
1419 1008 1514 1055 τῶν
1555 1003 1684 1055 ὅλων

88 1083 443 1144 βασιλευούσης
482 1084 662 1137 οὐσίας.

165 1166 440 1232 Περιτρέπει
483 1164 632 1232 γεμὴν
673 1167 697 1216 ὁ
739 1165 895 1236 σοφὸς
937 1166 1303 1233 Εὐαγγελιστὴς
1343 1172 1406 1222 εἷς
1444 1168 1685 1237 ἀπόδειξιν

87 1246 260 1314 ἐναργῆ
286 1250 369 1312 τῆς
395 1249 530 1299 οἱονεὶ
557 1247 766 1300 καθόλου
792 1250 867 1300 καὶ
894 1251 1212 1315 γενικωτοῖτης
1238 1250 1467 1314 ἐσομένης
1495 1254 1684 1320 φειδοῦς

89 1332 151 1382 εὶς
189 1328 296 1383 τοὺς
333 1329 622 1397 προσιόντας
661 1332 787 1400 αὐτῷ
825 1330 901 1382 διὰ
938 1333 1145 1386 πίστεως
1180 1332 1234 1383 τὸ
1277 1337 1477 1400 μερικῶς
1518 1356 1567 1383 τε
1608 1335 1684 1384 καὶ

22 1430 68 1469 15
91 1413 244 1465 Ξδικῶς
285 1415 347 1466 εἰς
377 1411 484 1466 τοὺς
523 1412 756 1467 συνόντας
795 1415 921 1484 αὐτῷ
961 1414 1016 1465 τὸ
1057 1421 1312 1479 τηνικαῦτα
1355 1415 1678 1481 γεγενημένον.
1700 1427 1727 1466 (1

89 1494 403 1561 παρηγγύησε
437 1494 546 1562 γὰρ,
573 1499 739 1564 φησὶν,
768 1497 956 1565 ἀφεῖναι
991 1495 1098 1551 τοὺς
1128 1497 1356 1562 μαθητὰς,
1382 1498 1455 1549 ἶνα.
1482 1496 1686 1569 πληρωθῇ

90 1582 108 1627 o‘
141 1577 278 1642 λόγος
320 1578 362 1627 ἓν
398 1575 514 1628 εἶπεν
549 1577 611 1629 ’ὅτι
653 1578 721 1632 οὓς
759 1574 932 1634 ἔδωκάς
971 1603 1047 1647 μοι
1087 1584 1163 1631 οὐκ
1197 1580 1426 1632 ἀπώλεο-οι
1461 1581 1507 1649 ἐξ
1544 1580 1683 1631 αὐτῶν

89 1654 253 1710 οὐδένα..
307 1657 377 1709 ὅτι
414 1657 509 1726 γὰρ
545 1662 622 1711 καὶ
656 1665 751 1711 τῶν
789 1660 908 1723 μετὰ
947 1667 1096 1712 ταῦτα
1135 1662 1364 1731 φείσεται,
1392 1667 1492 1715 πῶς
1531 1663 1680 1731 ἀμφί-

85 1744 271 1803 βολον;
333 1740 387 1792 τὸ
427 1741 521 1808 γὰρ
559 1744 607 1793 ἐν
649 1743 831 1808 ὀλίγοις
875 1744 929 1794 οὐ
969 1743 1254 1812 ῥᾳθυμηθὲν,
1293 1749 1394 1799 πῶς
1439 1743 1497 1795 ἂν
1538 1768 1682 1796 κατα-

19 1850 70 1875 20
87 1823 342 1890 φρονηθειή
366 1823 510 1892 τυχὸν
543 1826 591 1876 ἐν
616 1826 812 1877 πλείοσι
836 1848 849 1888 ;
894 1828 968 1877 καὶ
996 1827 1020 1877 ὁ
1049 1825 1195 1895 φειδὼ
1221 1826 1462 1892 τοσαύτην
1487 1851 1682 1892 πεποιη-

85 1904 222 1968 μένος
260 1909 321 1960 εἷς
361 1906 697 1972 εὐαριθμήτους
736 1911 916 1975 κομιδῇ,
956 1913 1057 1963 πῶς
1095 1908 1154 1959 ἂν
1192 1908 1438 1974 ἀλογήσαι
1477 1912 1552 1961 καὶ
1586 1915 1682 1962 τῶν

87 1987 202 2054 ὑπὲρ
242 1987 392 2057 φύσιν
430 1987 517 2053 τὴν
558 1991 791 2055 ἀριθμοῦ;
840 1993 1018 2042 πολλοὶ
1057 1990 1150 2057 γὰρ
1192 1992 1303 2042 λίαν
1345 1995 1386 2042 οἱ
1425 2015 1681 2044 πεπιστευ-

87 2069 232 2123 κότες.
290 2074 352 2124 εἰς
388 2070 543 2122 εἰκόνα
570 2073 725 2124 τοίνυν
751 2079 835 2124 τοῦ
862 2073 1177 2139 γενικωτάτου
1212 2073 1350 2141 δέχου
1387 2074 1441 2125 τὸ
1477 2075 1680 2141 μερικὸν,

85 2153 161 2202 καὶ
188 2153 242 2202 δι’
271 2150 336 2203 ῶν
363 2153 418 2203 οὐ
443 2153 671 2214 βούλεται
698 2155 976 2206 κινδυνεύειν
1007 2155 1130 2209 ὅλως
1165 2155 1274 2210 τοὺς
1306 2157 1473 2207 ἑαυτοῦ
1508 2157 1680 2223 γνωρί-

18 2256 67 2295 25
86 2257 213 2298 μους,
240 2235 353 2285 ποία
378 2257 447 2288 τις
476 2235 612 2287 ἔσται
638 2239 713 2287 καὶ
747 2235 879 2302 πόση
915 2236 1035 2288 κατὰ
1069 2241 1165 2288 τῶν
1199 2237 1341 2288 αὐτὸν
1367 2237 1675 2289 ἀποκτεινάν-

85 2339 180 2367 των
219 2315 353 2383 ὀργὴ,
391 2320 708 2384 περιαθρῆσαι
745 2320 876 2387 ῥᾷον.
931 2317 956 2370 ὃ
993 2318 1087 2386 γὰρ
1123 2317 1409 2385 ἀνεθέλητον
1440 2320 1549 2388 ἔχει,
1578 2326 1679 2375 πῶς

86 2399 189 2466 οὐχὶ
224 2397 413 2452 πάντως
452 2404 614 2463 μισεῖς
671 2399 777 2453 τοὺς
819 2399 867 2451 δὲ
906 2405 1000 2452 τῶν
1042 2400 1153 2468 παρ’
1194 2403 1336 2453 αὐτοῦ
1375 2403 1678 2466 μισουμένων
1698 2422 1900 2459 a1016A.

85 2480 286 2546 ἐργάτας
333 2479 404 2531 ὅτι
449 2480 594 2548 πικρά
642 2504 711 2535 τις
758 2484 833 2532 καὶ
877 2482 1186 2547 ἀτελεύτητος
1230 2483 1467 2554 ἐκδέξεται
1508 2486 1676 2553 κρίσις,

85 2566 187 2616 πῶς
213 2560 270 2613 ἂν
296 2562 363 2627 ε’ίη
391 2561 562 2614 λοιπὸν
587 2561 616 2628 ἢ
642 2562 787 2614 πόθεν
813 2565 1092 2633 ἀμφίβολον
1112 2587 1124 2627 3

639 2724 671 2747 2.
697 2717 763 2748 τῶν
781 2721 1006 2760 assumptum
1024 2727 1066 2749 ex
1084 2715 1126 2751 E.
