1981 3282
118 156 268 179 PASCHA

114 263 334 300 Oblationes
365 264 520 299 humiles
549 263 753 311 majoribus
775 276 875 298 com-

168 329 307 365 mixtae
340 329 406 364 has
437 328 684 376 acceptabiles
714 328 878 364 efficiunt
912 328 914 371 ξ

912 433 913 442 ¹
949 392 1056 440 Opus
1078 392 1146 428 Dci
1169 392 1300 433 Putris,
1325 392 1423 428 salus
1444 398 1572 428 nostra
1593 395 1663 429 198
1683 406 1715 430 a.

167 392 210 429 M
234 396 282 429 70
308 394 359 441 [p.
382 394 488 439 296]

115 457 402 494 Observandum
431 458 665 493 occasionem
695 470 757 493 seu
783 463 876 492 tem-

166 535 235 570 pus
253 538 258 558 :

166 587 353 635 gubernat
380 588 447 623 Ille
470 587 539 624 Cui
563 588 620 623 vel
648 588 693 623 de
721 587 878 635 passeri·
911 579 912 582 Ἴ

165 652 233 687 bus
259 652 516 688 minutissimis
537 664 624 688 cura
645 654 721 688 457
740 664 759 687 c
776 652 809 686 d.

111 715 283 758 Occasio,
320 717 509 764 quomodo
548 717 583 751 in
621 716 776 763 picturis
821 729 876 752 re-
911 745 912 748 ,

165 788 426 831 praesentatur
447 784 523 818 464
541 794 572 822 e,
596 782 671 817 465
687 794 707 815 a
720 781 755 816 b.

110 845 209 882 Octo
249 846 391 882 Christi
434 845 730 881 Resurrectionis
778 833 911 900 sym-¹¹

161 911 292 946 bolum
313 914 388 947 432
402 911 426 946 b
440 911 475 953 d,
498 913 574 946 433
590 910 613 945 d
627 924 656 946 e.

108 974 252 1011 Oculus
273 988 385 1023 supra
411 975 563 1010 modum
589 987 697 1010 suum
724 987 800 1010 non
820 975 872 1010 vi-

164 1041 239 1082 det,
257 1053 362 1076 mens
383 1053 426 1076 ea
442 1053 535 1088 quae
556 1052 667 1087 supra
683 1039 779 1075 vires
800 1052 874 1075 non
909 1049 910 1054 ¹

161 1104 339 1153 perspicit
362 1107 437 1142 279
453 1117 484 1141 e.

110 1169 251 1206 Oculos
279 1169 501 1205 infirmiores
529 1169 753 1206 habentibus
774 1182 874 1205 com-

161 1240 339 1282 parantur
378 1234 401 1269 ii
441 1234 502 1281 qui
542 1240 665 1270 mente
704 1234 876 1270 laborant

162 1299 314 1335 3800d
369 1299 431 1346 qui
463 1299 604 1334 bonum
637 1311 711 1334 non
747 1305 874 1335 amant

166 1366 263 1400 1021
281 1377 302 1399 a
340 1364 473 1411 quibus
501 1363 703 1411 injucunda
726 1363 874 1399 Veritas
910 1371 912 1379 '

165 1430 266 1465 1039
284 1428 318 1473 d,
344 1430 445 1464 1040
460 1441 481 1463 a
519 1428 582 1475 qui
603 1434 706 1463 recta
724 1441 800 1463 non
821 1429 874 1463 in-
911 1463 912 1469 ,

160 1493 336 1541 telligunt
356 1492 400 1528 M
421 1495 437 1528 1
458 1499 548 1536 not„
567 1493 613 1529 cf.
636 1492 691 1529 M.
715 1495 777 1535 17,
797 1496 857 1530 18.

107 1556 248 1593 Oculus
270 1559 400 1594 dexter
422 1557 678 1593 scandalizans
699 1559 800 1594 1059
815 1571 846 1594 a.

107 1628 129 1642 “
145 1622 284 1658 Odium
304 1623 508 1670 perfectum
526 1622 546 1635 ’'
571 1622 660 1670 quid
681 1623 758 1660 886
773 1635 792 1658 c
806 1622 841 1658 d.

107 1687 226 1723 Odori
270 1687 418 1733 florum,
460 1688 563 1734 quasi
606 1687 764 1730 diverso,
805 1700 874 1723 nec

160 1751 313 1787 omnino
347 1751 555 1799 separabili,
587 1751 748 1800 Spiritus
778 1751 873 1788 San-

160 1817 210 1852 cti
241 1816 440 1852 existentia
471 1822 708 1864 comparatur
735 1819 813 1853 930
837 1817 872 1858 b,

161 1883 234 1918 931
256 1894 285 1922 e,
318 1883 433 1917 932a
479 1887 517 1916 ut
551 1882 644 1916 odor
675 1881 721 1916 ad
751 1886 872 1917 vestes

161 1945 384 1993 impertitur,
410 1945 461 1981 ita
486 1945 635 1981 Natura
660 1945 797 1981 Divina
826 1947 871 1982 ad

159 2010 302 2046 animas
322 2016 470 2046 nostras
491 2022 557 2057 per
574 2010 755 2058 Spiritum
776 2010 869 2047 Sau-

159 2080 260 2110 ctum
282 2077 359 2112 932
377 2075 410 2111 b.

108 2138 341 2174 Oeconomia
368 2139 413 2174 ad
444 2151 501 2174 res
532 2138 620 2174 alias
651 2140 871 2182 necessaria,

160 2203 249 2239 alias
270 2216 344 2238 non
368 2205 443 2240 399
461 2216 480 2239 c
495 2204 529 2239 d.

108 2267 235 2315 Opera
254 2267 341 2303 fidei
361 2267 625 2314 doctrinaeque
646 2274 770 2303 rectae
785 2280 871 2303 con-

154 2332 350 2380 jungenda
381 2333 456 2367 868
476 2332 509 2375 b,
543 2333 619 2368 869
637 2344 656 2367 c
672 2332 695 2367 d
744 2332 871 2367 unioni

159 2408 245 2432 cum
271 2396 423 2431 Christo
455 2396 555 2445 prius
580 2397 687 2432 datae
717 2398 870 2445 conjun-

158 2461 283 2509 genda
321 2463 398 2497 874
431 2473 449 2496 c
481 2461 505 2496 d
535 2473 566 2502 e,
607 2463 695 2497 875.
788 2462 873 2497 Vide

158 2525 281 2561 Fides.

105 2589 294 2637 Operatur
323 2603 398 2625 non
430 2590 584 2626 seorsim
606 2590 736 2632 Filius,
762 2591 870 2627 Pater
907 2593 908 2607 ¹

159 2654 313 2689 seorsim
340 2657 389 2691 45
411 2667 443 2698 e,
471 2657 520 2691 46
541 2658 667 2691 a-—47
686 2668 718 2699 a,
742 2658 818 2692 224
836 2668 868 2697 a,

160 2720 237 2754 238
256 2732 287 2754 c.

106 2782 295 2830 Operatur
320 2796 396 2818 non
426 2783 504 2819 sine
525 2783 634 2819 Patre
656 2784 770 2819 Filius
793 2786 868 2820 213

159 2859 234 2882 non
256 2846 335 2883 sine
355 2846 447 2882 Filio
470 2847 579 2883 Pater
601 2850 674 2884 221
692 2848 727 2891 d,
747 2851 821 2885 241
838 2861 868 2892 c,

161 2913 236 2947 493
254 2923 285 2947 c·
324 2911 409 2946 Vide
425 2911 540 2947 Filius
560 2914 610 2960 [p.
630 2915 706 2949 627
729 2913 797 2949 col.
817 2910 867 2962 1].
904 2942 905 2945 ¹

870 2988 898 3025 4
919 2986 947 3014 N

219 2984 310 3013 VOL.
333 2985 399 3013 ΙΙΙ.

660 142 871 178 INDEX
930 141 1174 178 RERUM.

311 523 551 558 nihilominus
587 522 712 557 onmia
751 527 879 557 nostra
911 561 912 574 ἵ

1636 145 1711 178 641

951 262 1207 310 Opprobrium
1250 262 1390 298 Christi
1435 263 1614 310 gaudium
1655 275 1716 299 ve-

1003 341 1083 363 rum
1107 334 1143 363 et
1165 327 1337 363 nobilitas
1360 330 1431 363 621
1451 340 1481 363 e.

948 458 1067 494 Orare
1103 458 1139 493 in
1175 457 1322 493 nomine
1355 457 1436 492 Filii
1469 458 1628 505 antiquis
1659 459 1714 493 in-

1001 528 1147 558 suetum
1180 524 1256 558 809
1277 522 1310 562 b,
1342 523 1418 558 937
1441 534 1460 557 c
1512 521 1620 557 nobis
1654 522 1716 558 da-

1002 592 1078 621 tum
1103 586 1263 627 936de,
1287 587 1362 622 938
1383 598 1414 627 e,
1440 588 1516 621 939
1532 599 1563 622 a.

947 651 1080 687 Oratio
1105 664 1233 686 eorum
1257 652 1319 698 qui
1348 656 1448 686 recte
1477 663 1551 685 non
1582 656 1716 698 petant

1002 716 1168 751 inaudita
1198 717 1275 751 806
1298 729 1328 756 e,
1359 714 1404 751 cf.
1427 717 1502 751 878
1528 728 1560 756 e,
1594 717 1672 751 879
1695 727 1716 751 a

1001 780 1207 816 orationem
1240 792 1368 815 eorum
1407 780 1468 827 qui
1509 786 1608 816 recte
1639 793 1715 816 non

1001 844 1139 885 vivant,
1179 844 1357 880 exaudire
1408 857 1483 879 non
1527 845 1715 892 promittit

1000 910 1101 945 Deus
1123 911 1200 946 879
1215 909 1249 945 b.

945 974 1077 1010 Oratio
1120 973 1359 1021 acceptabilis
1408 974 1597 1020 quomodo
1650 974 1715 1009 fiat

1000 1041 1077 1076 879
1092 1039 1113 1075 b
1127 1052 1158 1080 c,
1178 1040 1254 1076 893
1270 1038 1326 1074 ab
1368 1037 1440 1074 Dei
1458 1038 1625 1074 Gloriam
1647 1038 1714 1074 im-

1000 1104 1128 1152 primis
1160 1115 1336 1152 quaerere
1370 1108 1407 1138 et
1441 1103 1535 1139 bene
1566 1103 1714 1139 vivendi

999 1169 1213 1205 facultatem
1235 1168 1276 1203 M
1301 1169 1361 1204 30.

910 1245 911 1250 ¹
946 1234 1047 1271 Oves
1088 1241 1124 1270 et
1168 1233 1279 1269 hoedi
1327 1232 1363 1267 in
1405 1231 1442 1268 S.
1474 1232 1587 1269 Matt.
1625 1244 1711 1269 xxv.

1001 1301 1046 1335 41
1094 1312 1187 1346 quae
1219 1301 1295 1335 540
1317 1298 1352 1333 b.

1306 1462 1333 1494 P

910 1566 912 1579 ³
945 1564 966 1576 ‘¹
987 1558 1150 1593 PACTUM
1173 1557 1308 1593 Pacis''
1328 1557 1415 1605 quid
1436 1559 1509 1594 651
1531 1569 1562 1593 c.

944 1622 1132 1658 Palestiua
1151 1622 1198 1658 iii.
1224 1624 1313 1659 570.

943 1687 1062 1723 Panes
1109 1687 1286 1723 hordacei
1335 1686 1497 1734 quinque
1545 1685 1712 1733 pisciculi

998 1752 1084 1793 duo,
1108 1751 1195 1799 quid
1217 1754 1293 1788 283
1310 1752 1345 1793 b,
1369 1753 1445 1787 285
1460 1751 1484 1786 b
1521 1750 1711 1797 fragmen-

998 1825 1122 1852 torum
1170 1816 1367 1852 duodecim
1412 1815 1574 1863 cophini,
1623 1814 1712 1862 quid

997 1883 1073 1918 285
1092 1894 1110 1916 c
1125 1880 1147 1916 d
1161 1894 1191 1916 e.

946 1947 1055 1982 Panis
1075 1944 1322 1993 primitiarum
1350 1944 1396 1980 ad
1416 1945 1538 1980 Deum
1560 1943 1710 1979 Patrem

997 2011 1154 2052 oblatus,
1191 2009 1333 2045 Christi
1371 2015 1540 2045 nostrum
1581 2009 1710 2056 primi-

996 2077 1131 2111 tiarum
1149 2080 1260 2123 tyfus
1278 2077 1354 2111 355
1370 2075 1393 2110 d
1408 2087 1427 2109 e
1463 2080 1502 2109 ut
1519 2073 1711 2109 vivificans

997 2140 1183 2180 Christus,
1202 2152 1336 2186 panem
1358 2144 1395 2174 et
1416 2138 1608 2185 Apostolis
1629 2149 1710 2173 esse

997 2204 1073 2245 dat,
1096 2204 1191 2239 sicut
1211 2203 1295 2238 Lux
1317 2203 1402 2250 Ipse
1426 2203 1511 2237 illos
1532 2208 1568 2238 et
1588 2202 1708 2238 lucem

995 2268 1106 2303 efficit
1129 2270 1218 2308 356,
1239 2270 1327 2311 357,
1351 2267 1400 2302 iii.
1423 2269 1512 2303 470.

942 2332 1122 2368 Parabola
1142 2344 1236 2379 quae
1259 2334 1335 2368 937
1351 2332 1386 2367 d.

907 2394 909 2419 fi
942 2397 1120 2432 Parentes
1152 2409 1254 2444 erga,
1289 2396 1508 2443 obsequium
1540 2402 1710 2431 nostrum

994 2462 1120 2509 imago
1153 2460 1314 2496 Unionis
1344 2461 1441 2496 inter
1472 2459 1619 2496 Patrem
1650 2460 1710 2495 Fi-

993 2526 1160 2573 liumque
1186 2528 1260 2562 337
1276 2538 1295 2561 c
1312 2525 1334 2560 d
1351 2537 1382 2567 e,
1413 2525 1458 2560 cf.
1477 2526 1550 2561 661
1574 2525 1596 2559 d
1645 2537 1708 2560 ex-

995 2590 1136 2638 emplar
1170 2590 1279 2625 nobis
1315 2589 1488 2625 Christus
1522 2591 1622 2625 1066
1644 2589 1707 2624 ab

994 2661 1136 2696 contra,
1166 2661 1360 2702 peccatum
1388 2653 1424 2688 in
1450 2653 1529 2700 pari
1553 2666 1595 2689 ac
1617 2665 1704 2688 con-

994 2726 1052 2755 tra
1071 2719 1194 2754 Deum
1222 2717 1453 2765 blasphemia
1478 2717 1580 2764 ponit
1603 2716 1707 2752 Deus

998 2785 1099 2820 1065
1117 2796 1148 2824 e,
1173 2785 1274 2820 1066
1292 2795 1314 2818 a
1329 2782 1362 2818 b.

941 2848 1083 2884 Pascha
1099 2848 1399 2883 Christianorum
1415 2844 1576 2881 Carnem
1596 2843 1703 2880 Chri-

994 2912 1042 2948 sti
1062 2913 1171 2948 edere
1192 2913 1269 2949 693
1288 2923 1318 2946 e.
