2017 3252
88 264 171 298 379
194 263 245 297 A.
270 274 292 296 a

312 138 395 175 596
742 136 792 175 B.
826 135 1071 176 CYRILLI
1114 136 1461 176 ALEXANDR.

213 321 288 363 IB'·
305 324 398 367 ’Ότι
430 328 493 369 τὰς
524 329 709 379 σαρκικὰς
739 328 876 378 ἡδονὰς
908 330 1032 369 εἵτουν
1053 330 1221 380 φυσικὰς
1249 332 1475 379 κολοβῶσαι
1497 327 1701 379 δυνάμεθα,
1726 329 1892 382 ἐκκόψαι

92 731 105 751 2
119 722 148 752 S
161 722 232 753 Pet.

87 766 132 795 iii.
149 764 197 795 16.

88 897 183 928 Rom.
200 896 255 928 vii.

92 949 208 979 22,23.

91 1214 139 1244 Ib.
158 1223 206 1252 24,

93 1266 141 1296 25.

888 411 928 449 δὲ
950 414 1151 452 παντελῶς
1172 410 1308 450 οὐκέτι.

932 536 962 571 Ε
981 536 1013 572 Π
1034 536 1047 571 Ι
1064 536 1141 572 AT
1157 536 1184 572 Σ
1203 536 1214 571 1
1232 536 1276 572 Σ.

388 643 535 690 Δοκεῖ
566 662 692 690 τισιν
732 641 756 689 ὁ
795 639 1048 709 πάνσοφος
1089 643 1285 694 Παῦλος
1330 642 1537 706 δυσχερῆ
1581 663 1684 690 τινα
1723 638 1892 705 λέγειν,

311 719 412 783 ἤτοι
439 719 692 784 δυσνόητα,
721 720 841 771 κατὰ
867 720 953 785 τὴν
987 726 1080 772 τῶν
1107 722 1255 787 ἁγίων
1281 720 1569 773 ἀποστόλων
1596 721 1775 789 φωνήν.
1822 720 1892 772 ὅτι
1913 741 1934 780 5

265 808 291 848 b
313 801 360 852 δὲ
398 802 576 870 σοφίας
614 805 697 866 τῆς
728 802 908 853 ἄνωθεν
944 802 1240 867 μεμέστωται
1278 809 1439 866 ταῦτα,
1465 804 1547 854 οὐκ
1582 803 1713 854 ἔστιν
1738 805 1888 871 ἀμφι-

313 888 494 947 βαλεῖν,
540 889 684 935 λαλεῖ
728 884 821 950 γὰρ
866 886 914 934 ἐν
963 885 1088 953 αὐτῷ
1134 883 1362 950 Χριστός.
1429 884 1520 952 ἔφη
1571 884 1726 936 τοίνυν
1777 884 1894 935 ὅςὸτι

313 973 342 995 “
368 966 633 1029 συνήδομαι
658 965 751 1032 γὰρ
777 970 843 1035 τῷ
871 966 997 1035 νόμῳ
1021 972 1103 1017 τοῦ
1125 970 1249 1017 Θεοῦ
1270 965 1389 1017 κατὰ
1408 965 1491 1017 τὸν
1513 966 1607 1017 ἔσω
1629 966 1893 1032 ἄνθρωπον,

314 1055 340 1077 “
365 1048 533 1109 βλέπω
572 1047 619 1098 δὲ
659 1048 815 1112 ἕτερον
854 1047 995 1110 νόμον
1028 1046 1502 1113 ἀντιστρατευόμενον
1542 1049 1608 1116 τῷ
1647 1047 1774 1117 νόμῳ
1811 1053 1894 1098 τοῦ

315 1136 341 1158 “
368 1128 472 1182 νοός
498 1152 607 1191 μου,
637 1133 712 1179 καὶ
738 1128 1145 1196 αἰχμαλωτίζοντά
1179 1152 1236 1192 με
1262 1133 1329 1198 τῷ
1362 1129 1489 1198 νόμῳ
1517 1132 1598 1193 τῆς
1624 1129 1891 1196 ἁμαρτιάς,”

314 1212 389 1261 καὶ
417 1209 566 1262 πάλιν
605 1218 631 1239 “
652 1210 970 1276 Ταλαίπωρος
1003 1210 1093 1276 ἐγὼ
1127 1210 1389 1277 ἄνθρωπος,
1421 1212 1490 1264 τίς
1522 1234 1580 1274 με
1613 1211 1806 1279 ῥύσεται
1845 1214 1895 1263 ἐκ

315 1299 342 1322 “
367 1298 451 1343 τοῦ
491 1292 715 1354 σώματος
747 1299 829 1342 τοῦ
864 1292 1067 1343 θανάτου
1098 1292 1295 1353 τούτους
1337 1291 1470 1360 χάρις
1498 1292 1545 1344 δὲ
1583 1295 1649 1362 τῷ
1675 1296 1781 1362 Θεῷ
1820 1293 1896 1345 διὰ

274 1382 342 1429 0“
367 1376 529 1439 Ἰησοῦ
556 1378 774 1440 Χριστοῦ
812 1380 894 1425 τοῦ
933 1375 1090 1440 κυρίου
1124 1375 1299 1438 ἡμῶν.”
1351 1374 1774 1440 καταστρατεύεται
1812 1375 1896 1439 μὲν

314 1456 408 1523 γὰρ
449 1462 532 1507 τοῦ
575 1462 656 1507 νοῦ
694 1457 958 1518 βλέποντος
1000 1461 1061 1510 εἰς
1100 1455 1371 1523 ἐγκράτειαν
1412 1456 1486 1507 διὰ
1528 1456 1610 1507 τὸν
1648 1464 1730 1508 τοῦ
1770 1461 1896 1508 Θεοῦ

313 1538 469 1604 φόβον
507 1537 561 1588 τὸ
601 1539 770 1602 κίνημα
806 1541 889 1603 τῆς
927 1537 1120 1604 σαρκὸς,
1160 1541 1234 1589 καὶ
1272 1543 1373 1593 ταῖς
1408 1543 1469 1592 εἰς·
1503 1540 1691 1604 ἁγνείαν
1732 1539 1895 1606 ὁρμαῖς

312 1620 630 1671 ἀντιτάττεται
662 1622 737 1670 καὶ
776 1620 1021 1689 ἀντεξάγει
1061 1623 1231 1675 δεινῶς.
1280 1621 1391 1670 ἀλλ’
1423 1623 1464 1671 οἱ
1500 1621 1639 1688 νήψει
1666 1621 1896 1688 χρώμενοι

313 1702 372 1768 τῇ
410 1701 661 1769 πρεπούσῃ
699 1707 795 1755 τοῖς
824 1701 948 1753 Θεὸν
974 1701 1264 1766 σεβομένοις,
1289 1704 1539 1764 ἐπιτιμῶσι
1574 1706 1640 1771 τῷ
1677 1702 1893 1767 κινήματι

314 1785 396 1845 τῆς
440 1782 631 1849 σαρκὸς,
675 1786 750 1834 καὶ
794 1783 848 1835 τὸ
893 1787 976 1848 τῆς
1018 1785 1247 1850 ἁμαρτίας
1292 1783 1663 1848 ἀπαμβλύνουσι
1707 1783 1897 1850 κε’ντρον

315 1863 557 1928 ἀσκήσεσι
605 1868 681 1916 καὶ
731 1864 893 1919 πόνοις
938 1867 1014 1916 καὶ
1056 1871 1156 1920 ταῖς
1200 1865 1373 1920 ἄλλαις
1413 1867 1666 1919 ἐπιεικειάις
1705 1865 1889 1933 χρώμε-

270 1960 400 2000 (ὶνοι.
454 1945 577 1997 ὥστε
605 1947 894 2014 ἀποριζῶσαι
929 1947 1014 2011 μὲν
1052 1950 1134 2011 τῆς
1172 1947 1350 2014 σαρκὸς
1388 1945 1474 2011 τὴν
1509 1948 1718 2015 ε”μφυτον
1756 1948 1897 2012 αὐτῆς

315 2029 562 2091 ἐπιθυμίαν
588 2029 670 2079 οὐκ
695 2028 861 2080 ἔνεστι·
915 2028 1058 2097 νήψει
1084 2029 1147 2092 δὲ,
1174 2031 1235 2082 ὡς
1274 2029 1408 2097 ἔφην,
1436 2030 1517 2080 οὐκ
1551 2031 1630 2080 ε’ἇν
1655 2033 1894 2096 καταθρα-

314 2108 548 2160 σύνεσθαι
574 2115 657 2160 τοῦ
684 2116 777 2173 νοῦ,
806 2110 1019 2170 δυνατὸν,
1045 2111 1250 2175 μάλισθ’
1280 2110 1351 2162 ὅτι
1382 2110 1575 2177 γέγονεν
1601 2111 1846 2177 ἄνθρωπος
1873 2111 1896 2162 ὁ

366 2240 395 2260 1.
421 2227 471 2260 IB'
492 2228 630 2272 reposui
648 2239 665 2261 e
682 2233 732 2266 Γ.,
752 2227 804 2261 ΙΑ’
824 2227 964 2262 exhibet
977 2228 1010 2262 A
1027 2240 1099 2274 mg.
1177 2229 1286 2264 ε’ίτουν
1303 2229 1398 2263 A.D.
1417 2231 1520 2275 ἤγουν
1535 2228 1575 2264 C.
1594 2231 1694 2273 ἤτουν
1712 2228 1778 2263 Ed.
1841 2243 1898 2262 κο-

313 2275 471 2314 λοβῶσαι
489 2274 656 2318 δυνάμεθα
673 2274 738 2308 hoe
757 2274 878 2308 ordine
895 2274 986 2310 A-C.
1299 2287 1330 2310 2.
1357 2276 1466 2311 οὐκέτι
1486 2275 1566 2310 CT.
1586 2276 1626 2310 οὐ
1643 2275 1811 2319 δυνάμεθα
1829 2275 1897 2311 Ed.

314 2331 347 2365 3.
372 2320 531 2355 ἐπίλυσις
548 2321 687 2365 reposui
705 2333 745 2354 ex
765 2320 846 2356 C.P.
865 2321 961 2355 deest
977 2322 1013 2356 in
1032 2323 1073 2356 A.
1093 2323 1217 2367 κεφαλ.
1237 2337 1270 2356 ια
1289 2321 1355 2356 Ed.
1544 2331 1624 2367 4—7.
1652 2323 1734 2357 citat
1750 2322 1786 2356 in
1805 2322 1898 2366 Epp.

315 2367 493 2400 catholicis
514 2366 590 2401 Cat.
609 2367 663 2400 ed.
683 2367 741 2401 Cr.
903 2380 935 2410 4.
963 2368 1078 2414 Δοκεῖ]
1102 2373 1139 2409 -Ι-
1161 2369 1197 2402 δέ
1215 2369 1256 2402 A.
1280 2369 1356 2403 Cat.
1375 2369 1484 2402 invito
1504 2368 1544 2403 C.
1710 2368 1742 2402 6.
1769 2368 1836 2402 ἅνω
1855 2368 1898 2403 Ο.

316 2412 441 2446 Statim
467 2413 680 2456 μεμέστωται
709 2416 813 2448 ταῦτα
843 2413 910 2448 hoc
937 2415 1059 2449 Ordine
1088 2416 1130 2449 A.
1137 2415 1177 2450 C.
1205 2415 1282 2450 Cat.
1359 2415 1571 2459 ἀμφιβαλεῖν
1596 2415 1640 2448 A.
1645 2414 1691 2449 D.
1719 2414 1898 2459 ἀμφιβάλ-

314 2461 387 2492 λειν
406 2459 446 2492 C.
465 2459 505 2492 Cz
507 2465 542 2493 tt.
562 2459 628 2494 Ed.
808 2469 840 2505 7.
866 2461 902 2494 ἐν
919 2461 1007 2507 αὐτῷ
1026 2464 1176 2505 Χριστός
1192 2462 1259 2496 hoe
1277 2461 1399 2495 ordine
1416 2462 1458 2495 A.
1462 2461 1503 2494 C.
1524 2461 1599 2495 Cat.
1622 2460 1730 2513 [Ante
1748 2462 1899 2504 Χριστὸς

316 2505 505 2549 plaemittit
522 2507 540 2538 6
567 2507 843 2550 suprascriptum
862 2506 950 2541 Cod.
972 2497 1061 2542 Con.
1082 2508 1174 2542 Novi
1202 2508 1369 2541 Catenam
1396 2507 1536 2541 citatam
1561 2508 1755 2547 continens,
1782 2509 1800 2541 6
1825 2519 1898 2542 non

317 2551 456 2584 exhibet
475 2551 563 2585 Cod.
583 2551 746 2597 Cois1i11.]
961 2554 994 2587 8.
1020 2555 1085 2598 γὰρ
1104 2560 1326 2598 assumptum
1345 2566 1385 2587 ex
1404 2555 1445 2587 A.
1451 2553 1491 2587 C.
1565 2552 1670 2599 Θεοῦ]
1691 2556 1843 2597 Χριστοῦ
1861 2560 1897 2588 Γ.

316 2609 348 2653 9.
376 2596 489 2642 ἕτερον
506 2599 606 2641 νόμον
623 2598 688 2631 hoc
706 2598 827 2632 ordlne
844 2600 887 2632 A.
893 2599 932 2634 C.
936 2605 971 2633 Γ.
993 2602 1093 2643 νόμον
1110 2600 1224 2644 ἕτερον
1243 2601 1288 2634 D.
1305 2600 1409 2634 VIIIC.
1434 2601 1535 2642 νόμον
1551 2600 1587 2634 ἐν
1606 2603 1676 2636 τοῖς
1692 2600 1816 2644 μέλεσί
1833 2615 1898 2645 μου

316 2643 432 2688 ἕτερον
449 2643 517 2678 Ed.
688 2657 699 2677 1
711 2656 739 2678 1.
764 2659 804 2687 με
823 2652 1045 2690 assumptum
1062 2658 1103 2680 ex
1122 2647 1164 2680 A.
1170 2646 1210 2680 Ο.
1216 2652 1250 2680 Γ.
1258 2647 1302 2680 D.
1322 2653 1355 2680 et
1372 2646 1419 2680 ita
1437 2646 1514 2690 Mig
1518 2658 1571 2680 ne.
1742 2658 1794 2689 14.
1820 2646 1896 2703 νοῦ]

318 2692 420 2733 νόμου
440 2691 537 2734 (err.)
555 2696 591 2724 Γ.
665 2693 723 2724 τοῦ
742 2693 828 2724 Θεοῦ
845 2693 961 2736 φόβον
977 2692 1044 2726 hoc
1062 2692 1183 2726 ordine
1200 2693 1243 2726 A.
1248 2692 1288 2727 C.
1400 2693 1453 2727 16.
1479 2695 1646 2738 χρώμενοι
1664 2696 1702 2737 τῇ
1720 2707 1898 2737 πρεπουσῃ

317 2736 384 2771 hoc
409 2736 530 2770 ordine
556 2737 599 2771 A.
605 2736 645 2771 C.
697 2737 820 2771 Statim
848 2740 918 2772 τοῖς
943 2741 1029 2772 Θεὸν
1048 2739 1246 2783 σεβομένοις
1265 2739 1308 2773 A.
1312 2738 1352 2773 C.
1359 2740 1404 2773 D.
1429 2740 1488 2773 τὸν
1513 2741 1598 2774 Θεὸν
1624 2742 1804 2783 σεβόμενοι
1830 2740 1898 2774 Ed.

321 2792 374 2828 17.
401 2783 550 2827 κινήματι
568 2785 626 2827 τῆς
643 2785 769 2828 σαρκὸς
785 2783 852 2817 hoc
869 2784 990 2818 ordine
1008 2785 1051 2818 A.
1057 2784 1097 2818 C.
1249 2786 1301 2819 18.
1327 2785 1589 2830 ἀπαμβλύνουσι
1607 2787 1650 2820 A.
1655 2786 1695 2820 C.
1702 2787 1747 2820 D.
1766 2786 1785 2820 ἆ
1787 2785 1898 2830 μβλύ·

317 2844 412 2863 νουσι
431 2830 495 2864 Ed.
605 2842 657 2873 19.
676 2829 846 2873 ἀσκήσεσι
866 2830 906 2864 C.
925 2830 1070 2873 ἀσκήσει
1088 2831 1154 2866 Ed.
1203 2832 1390 2867 ἐπιεικείαις
1407 2835 1573 2878 χρώμενοι
1591 2832 1656 2867 hoc
1674 2801 1811 2867 ordine?
1808 2832 1851 2866 A.
1856 2832 1898 2866 C.

320 2887 373 2910 20.
399 2876 545 2920 (ἶποριζιῖ
549 2891 606 2909 σαι
627 2877 668 2910 Α.
674 2876 714 2910 C.
733 2876 963 2920 ἅποῤῥιζῶσαι
985 2877 1049 2911 Ed.
1243 2890 1297 2914 21
1322 2879 1357 2912 ε’(ι
1378 2879 1418 2913 C.
1619 2890 1674 2914 22.
1700 2878 1775 2924 νοῦ]
1796 2880 1898 2924 νόμου

319 2922 398 2966 (sic)
420 2922 459 2957 C.
532 2922 678 2967 μιιλισθ’
698 2922 748 2957 ὅτι
767 2923 809 2956 A.
817 2923 860 2957 D.
877 2924 1058 2967 μάλιστα
1046 2924 1095 2958 ότι
1116 2924 1155 2959 C.
1177 2924 1242 2960 Ed.

1917 1147 1964 1172 10

1919 1556 1964 1594 15

1919 1971 1967 1996 20
