2012 3272
122 147 180 189 iii.
204 161 237 197 1,
263 160 298 190 2.
475 147 543 187 IN
580 145 925 187 EPISTOLAM
961 144 1043 185 AD
1082 142 1415 184 HEBRAEOS.
1619 142 1704 181 399

1730 211 1744 251 [
1766 219 1825 249 1¹4
1844 210 1892 241 M.
1913 209 1927 250 ]

135 256 303 307 ‘gorm
341 257 493 308 ἀδικια
530 257 579 307 ἐν
615 257 753 324 αὐτῷ,
794 255 967 309 δικαιος
1005 255 1079 305 καὶ
1118 252 1250 305 ὅσιος
1289 251 1313 301 ὁ
1357 250 1543 316 Κύριος
1547 249 1571 265 ”
1612 249 1704 316 ἔφη

933 340 952 350 Α

121 338 176 387 δε
194 360 263 392 τις
289 361 365 388 και
390 343 485 389 τῶν
510 341 727 404 Χριστοῦ
761 340 984 400 μαθητων
1012 343 1038 365 “
1055 333 1210 385 ΓΏστε
1249 356 1324 383 και
1360 336 1402 382 οἱ
1435 331 1729 397 πάσχοντες
1725 355 1737 376 1
1755 346 1785 376 S.
1800 347 1874 378 Pet

121 425 148 449 ‘⁶
173 419 292 470 κατὰ
318 419 371 470 τὸ
399 419 584 484 θέλημα
615 425 697 469 τοῦ
725 422 850 469 Θεοῦ
880 440 1038 486 πιστερ
1069 417 1239 482 κτίστῃ
1271 412 1705 480 παρατιθέσθωσαν
1722 390 1764 420 iv
1782 398 1830 431 ¹9

603 506 622 515 Α
676 499 700 515 )’

121 506 148 529 “
173 500 258 554 τὰς
299 501 460 569 ψυχὰς
501 503 671 563 αὐτων,
729 502 804 550 καὶ
846 498 940 563 μὴν
978 501 1055 549 καὶ
1098 499 1123 548 ὁ
1168 501 1363 548 Παῦλος
1406 502 1433 524 ‘⁶
1455 491 1638 545 Πιστὸς
1681 492 1832 541 ὁπΟον.
1850 506 1869 536 i.
1888 516 1918 547 9.

79 588 148 632 5⁶⁴
175 581 295 634 Θεὸς
335 583 390 632 δι’
424 582 478 632 οὗ
516 581 741 646 ἐκλήθητε
780 585 841 635 εἰς
880 579 1122 631 κοινωνίαν
1159 583 1243 628 τοῦ
1286 580 1384 627 υἱοῦ
1425 575 1610 626 αὐτοῦ.”
1663 575 1712 624 τί

119 660 214 727 γὰρ
241 661 397 729 ἕτερον
423 665 471 714 ἐν
496 662 676 717 τούτοις
702 664 811 727 ἡμῖν
837 663 1056 726 σημαίνει
1087 661 1142 711 τό
1171 658 1335 713 nto-r&
1373 656 1402 721 ἢ
1441 656 1495 707 τὸ
1536 658 1705 723 ἀσφα-

121 743 210 807 λής
248 767 295 795 τε
335 747 409 795 καὶ
448 744 640 806 βέβαιος
679 747 753 795 καὶ
793 743 1049 813 ἀξιόχρεως
1088 746 1148 796 εἷς
1186 742 1351 792 πίστιν
1383 737 1448 789 ὧν
1487 737 1544 788 ἂν
1580 738 1710 802 λε’γοι

121 824 274 892 τυχὼν
314 825 343 891 ἢ
388 824 453 876 ὧν
491 825 548 877 ἂν
586 826 742 877 ἕλοιτο
788 830 1047 890 κατορθοῦν
1069 847 1082 887 ;
1133 823 1298 889 γε’γονε
1341 820 1389 872 δὲ
1429 825 1637 871 τοιοῦτος
1684 818 1809 867 &forte
1828 828 1931 868 τυχὸν

121 907 236 961 Υἱὸς
260 910 326 977 τῷ
354 912 509 975 Πατρὶ
535 911 610 959 καὶ
637 910 685 959 ἐν
709 907 1034 974 ἀνθρωπότητι
1071 905 1366 970 καθιγμένος,
1396 905 1471 953 καὶ
1498 899 1708 967 σταυρὸν

56 1011 104 1036 10
123 990 197 1039 καὶ
230 989 433 1041 θανατον
464 990 674 1044 ἀνατλὰς
711 990 786 1040 ἵνα
826 988 1109 1056 κατορθώσῃ
1143 987 1195 1038 τὸ
1227 987 1353 1054 αὐτῶ
1385 988 1566 1036 δοκοῦν.
1617 983 1708 1077 ἔφη

189 1076 209 1085 ‘⁵
269 1072 334 1100 (μ’

122 1092 238 1136 γουν
338 1075 431 1122 Οτι
468 1072 772 1136 καταβεβηκα
810 1073 858 1122 ἐκ
897 1077 980 1122 τοῦ
1019 1071 1217 1136 οὐρανοῦ
1256 1070 1342 1136 οὐχ
1380 1068 1456 1120 ι’να
1495 1070 1614 1118 ποιῶ
1654 1079 1758 1115 TOS
1773 1078 1871 1109 Joan
1888 1077 1935 1108 vi„

123 1159 151 1181 “
177 1151 361 1216 θέλημα
386 1154 439 1204 τὸ
466 1152 577 1216 ε’μον
603 1152 732 1204 ἀλλα
760 1175 813 1203 το
841 1153 1025 1215 θέλημα
1051 1157 1133 1202 τοῦ
1160 1149 1439 1218 πέμψαντός
1467 1165 1537 1211 με·
1570 1152 1710 1198 τοῦτο
1729 1122 1783 1162 38’
1796 1131 1848 1162 39

124 1240 151 1262 ‘⁴
178 1234 232 1284 δέ
251 1236 354 1284 ε’στι
379 1234 433 1285 τὸ
457 1233 642 1298 θέλημα
670 1240 751 1285 τοῦ
777 1232 1055 1301 πεζαψαντός
1082 1257 1137 1297 με
1165 1233 1241 1283 ἵνα
1265 1237 1361 1283 πᾶν
1387 1230 1411 1281 ὃ
1438 1228 1612 1281 δέδωκέ
1633 1250 1712 1292 μοι

177 1314 242 1379 μὴ
282 1317 509 1367 ἀπολέσω
548 1317 605 1384 ἐξ
640 1318 782 1367 αὐτοῦ
822 1315 932 1366 ἀλλ’
974 1314 1237 1379 ἀναστήσω
1277 1313 1389 1364 αὐτὸ
1429 1316 1486 1379 τῇ
1532 1308 1714 1377 ἐσχάτῃ

59 1411 105 1450 15
127 1402 152 1426 ‘⁶
178 1397 364 1466 ἡμερᾳ.”
420 1398 640 1462 δεδόμεθα
676 1397 769 1465 γὰρ
810 1400 872 1451 ὡς
912 1400 1096 1463 Σωτῆρι
1136 1397 1212 1447 καὶ
1246 1396 1455 1462 ζωοποιεῖ)
1485 1398 1552 1462 τῷ
1589 1395 1709 1460 Υὶειῦ,

125 1480 202 1529 καὶ
233 1485 371 1530 τοῦτο
403 1478 461 1543 ἧν
486 1480 625 1546 ἔργον
655 1481 780 1549 αὐτῷ
812 1478 942 1545 παρὰ
972 1485 1054 1529 τοῦ
1083 1476 1285 1543 Πατρός·
1326 1478 1505 1542 ἐνεργεῖ
1531 1473 1623 1540 γὰρ
1657 1472 1713 1522 δι’

125 1564 244 1612 Υἱοῦ
282 1567 377 1613 πᾶν
408 1563 478 1613 ὅτι
513 1561 569 1613 ἂν
601 1561 825 1623 βούλοιτο
865 1564 1214 1626 κατορθοῦσθαι
1246 1562 1515 1624 θεοπρεπῶς
1540 1556 1611 1607 ὅτι
1638 1559 1714 1605 καὶ

127 1642 319 1707 δύναμις
346 1645 487 1695 αὐτοῦ
515 1645 617 1694 ἐστι
646 1644 721 1694 καὶ
747 1644 915 1711 σοφία.
967 1642 1044 1692 διὰ
1066 1647 1205 1692 τοῦτο
1237 1643 1311 1691 καὶ
1339 1638 1478 1693 αὐτὸς
1503 1639 1714 1704 ἔφασκεν

129 1725 154 1774 ὁ
178 1724 292 1780 Υἱός
319 1732 345 1755 “
369 1724 500 1791 Εγω
529 1726 618 1776 δε’
601 1725 692 1792 ε’χω
719 1724 805 1789 τὴν
830 1747 1090 1789 μαρτυριαν
1124 1723 1259 1788 μειζω
1284 1727 1367 1772 τοῦ
1393 1718 1627 1781 Ἰωάννου,
1654 1717 1714 1768 τὰ
1734 1733 1784 1764 Π)
1800 1744 1831 1764 v.
1850 1733 1902 1774 36.

225 1806 238 1823 x

60 1824 109 1849 20
129 1812 156 1836 ‘⁶
181 1829 273 1874 γαρ
308 1807 423 1874 ἔργα
462 1831 493 1857 α
531 1806 704 1857 δεδωκε
732 1829 810 1870 μοι
846 1807 870 1856 ὁ
899 1804 1069 1870 Πατηρ
1106 1805 1182 1855 ἵνα
1219 1802 1459 1854 τελειώσω
1498 1798 1616 1851 αὐτα
1655 1823 1715 1850 τα

129 1889 296 1955 “ἐργα
335 1889 365 1939 ἃ
403 1887 495 1954 ἐγώ
535 1893 654 1939 ποιῶ
693 1892 922 1952 μαρτυρεῖ
957 1889 1062 1952 περὶ
1104 1888 1216 1949 εμοῦ
1260 1885 1331 1935 ὅτι
1376 1885 1401 1934 ὁ
1445 1881 1614 1946 Πατηρ
1658 1903 1715 1944 με

129 1971 477 2021 “οἰπεστειλε·”
519 1968 703 2038 ψαλλει
725 1970 782 2019 δε
796 1991 888 2020 που
909 1992 983 2019 και
1001 1969 1025 2018 ὁ
1043 1967 1218 2017 Δαυειδ
1245 1968 1296 1995 “’
1297 1964 1570 2016 Έντειλαι
1552 1987 1576 2014 ο
1595 1963 1716 2016 Θεὸς
1735 1984 1790 2015 ΡΞ
1802 1982 1896 2014 lxxii.

131 2059 158 2081 ‘⁶
183 2054 241 2119 τῇ
268 2051 458 2116 δυνάμει
481 2074 589 2114 σου,
614 2049 944 2115 δυνάμωσον
926 2073 950 2101 ο
979 2049 1100 2103 Θεός
1125 2054 1264 2100 τοῦτο
1292 2046 1316 2098 ὸ
1344 2044 1641 2112 κατειργάσω
1668 2046 1716 2095 ἐν
1736 2037 1787 2068 29

133 2140 160 2163 ‘⁶
186 2134 343 2196 ἡμῖν.”

65 2228 114 2266 25
209 2214 327 2282 Φέρε
355 2213 404 2265 δὲ
429 2213 972 2280 πολυπραγμονήσωμεν
998 2216 1035 2263 εἰ
1062 2214 1196 2273 δοκεῖ,
1225 2211 1292 2264 τίς
1323 2210 1378 2274 δὴ
1412 2210 1504 2274 ἄρα
1534 2211 1610 2259 καὶ
1643 2209 1718 2259 ἐπὶ

134 2295 233 2347 τίσι
258 2297 422 2362 γε’γονε
450 2300 516 2365 τῷ
541 2300 642 2364 Υἱῲ
667 2298 749 2359 τῆς
783 2295 1002 2360 ἱερατείας
1040 2295 1064 2344 ὁ
1100 2291 1293 2359 τρόπος,
1323 2290 1522 2357 πότερον
1550 2292 1712 2340 δουλο-

135 2377 316 2442 πρεπὴς
357 2379 432 2428 καὶ
470 2381 552 2440 τῆς
590 2377 747 2443 ἑτέρου
786 2374 928 2444 δόξης
967 2371 1270 2440 ὑπουργὸς,ἢ
1309 2378 1499 2436 μᾶλλον
1523 2376 1589 2440 τῷ
1615 2375 1717 2440 Υὶῴ

136 2457 197 2509 τὰ
223 2459 342 2509 κατὰ
374 2459 523 2525 φύσιν
561 2457 908 2524 ἀρμοδιώτατος
950 2458 1024 2506 καὶ
1065 2460 1160 2508 τοῖς
1199 2457 1281 2518 τῆς
1321 2452 1719 2519 ε’νανθρωπήσεως

138 2538 301 2604 λόγοις
326 2541 408 2590 οὐκ
434 2540 728 2602 ἀσύμβατος.
771 2541 814 2588 οἱ
840 2536 925 2601 μὲν
950 2537 1044 2603 γὰρ
1069 2536 1221 2587 πάλαι
1247 2535 1365 2586 κατὰ
1391 2533 1473 2585 τὸν
1501 2533 1720 2586 Μωσέως

70 2643 119 2678 30
140 2621 333 2671 δοθέντα
378 2620 521 2684 νόμον
562 2623 906 2686 ἱερουργοῦντες
952 2622 1061 2687 Θεῷ
1108 2620 1170 2671 ὡς
1217 2618 1264 2667 ἐν
1308 2615 1440 2684 τύπῳ
1486 2617 1561 2665 καὶ
1605 2617 1720 2682 σκιᾷ

136 2705 388 2768 προσῆγον
415 2701 648 2768 λατρείας,
675 2699 816 2751 αὑτὸν
844 2699 1077 2766 ἱερωμένοι
1105 2702 1170 2767 τῷ
1198 2699 1352 2764 Πατρὶ
1380 2695 1462 2747 τὸν
1488 2695 1619 2758 Why,
1646 2696 1721 2745 καὶ

186 2846 219 2876 4.
246 2848 299 2867 και
317 2834 376 2867 alt.
395 2833 526 2866 omittit
545 2832 604 2866 Cr.
721 2842 774 2865 10.
799 2830 1006 2864 Theodoriti
1025 2829 1184 2864 scholion
1202 2840 1219 2862 e
1237 2827 1395 2872 malgine
1413 2838 1443 2860 c.
1461 2826 1516 2859 hic
1534 2824 1723 2868 interpellit

140 2880 340 2914 Cramerus.
503 2888 556 2923 15.
581 2877 742 2922 δεδέμεθα
762 2878 814 2921 (el
816 2876 907 2921 role)
929 2875 988 2911 Cr.
1153 2886 1209 2920 30.
1236 2870 1504 2918 ἱερουργοῦντες]
1526 2873 1723 2915 ἱερουργοῦν

138 2927 185 2972 τῷ
206 2924 404 2970 (mendose)
425 2924 484 2959 Cr.
