2017 3252
304 137 389 176 482
613 135 663 175 B.
697 133 943 174 CYRILLI
985 132 1331 173 ALEXANDR.
1366 132 1589 172 FRAGM.

305 241 455 311 φύσιν
482 242 601 293 ἰδίαν
627 241 968 307 ἐπιπηδήσασα
1002 242 1148 306 ἤγουν
1174 243 1547 304 ἀνακομισθεῖσα
1583 243 1641 306 τῇ
1676 244 1759 290 τοῦ
1787 239 1886 290 Λό-

304 347 393 389 γου
420 323 627 387 θελήσει,
654 323 809 389 καιρὸς
837 326 898 376 ὡς
925 323 1039 372 ἔοικε
1075 323 1150 372 καὶ
1185 322 1304 385 ἡμᾶς
1340 320 1506 374 αὐτοὺς
1532 320 1687 386 ἕτερον
1713 319 1890 386 τρόπον

304 409 540 456 ποιεῖσθαι
575 411 658 455 τοῦ
693 404 955 469 μυστηρίου
980 403 1065 467 τὴν
1093 402 1300 466 δύναμιν,
1328 404 1402 453 καὶ
1437 407 1532 455 τοῖς
1559 403 1700 453 αὑτοῦ
1728 405 1891 452 δοκοῦ-

306 509 386 536 σιν
412 488 698 537 ἀκολουθεῖν.

1068 604 1121 655 δ.
1913 620 1934 658 5

382 713 570 764 Οὐκοῦν
608 716 691 776 τῆς
728 710 1126 778 ἐνανθρωπήσεως
1166 714 1248 760 τοῦ
1290 713 1592 774 Μονογενοῦς
1634 705 1893 772 ὁμολογίαν

307 793 437 862 ἔχεις,
463 795 545 862 ἀφ’
574 795 628 859 ἧς
662 796 737 846 καὶ
775 791 975 857 ἀληθινὴ
1008 793 1036 856 ἡ
1072 792 1247 844 πίστις.
1301 795 1338 840 εἰ
1365 790 1413 841 δὲ
1439 789 1565 840 καθά
1588 794 1739 856 φησιν
1766 791 1808 838 οἱ
1835 790 1890 838 δι’

306 876 530 938 ἐναντίας,
558 876 829 927 ἀπεδύσατο
862 875 947 939 τὴν
973 873 1146 940 σάρκα,
1171 872 1458 936 μεταβαλὼν
1494 870 1637 936 αὐτὴν
1673 874 1735 924 εἷς
1774 870 1894 920 ἰδίαν

306 958 469 1025 φύσιν,
495 959 520 1008 ὁ
547 959 730 1011 ἑνωθεὶς
764 958 880 1024 αὐτῇ
908 956 1079 1021 Λόγος,
1104 954 1497 1019 συμπεπαύσεται
1532 953 1649 1004 κατὰ
1686 951 1739 1003 τὸ
1777 950 1894 1006 εἰκὸς

306 1040 334 1103 ἡ
358 1041 604 1103 μεταβολὴ
631 1041 714 1103 τῆς
740 1038 918 1105 σαρκὸς
952 1040 1027 1088 καὶ
1062 1040 1144 1101 τῆς
1178 1035 1507 1102 σωτηριώδους
1531 1036 1737 1088 πίστεως
1762 1035 1894 1098 ἡμῶν
1916 1057 1965 1082 10

305 1121 333 1185 ἡ
374 1121 620 1186 ὁμολογία,
647 1118 976 1188 συγκατὲληξε
1016 1119 1065 1169 δὲ
1102 1118 1289 1171 πάντως
1329 1118 1445 1184 αὐτῇ
1485 1119 1560 1167 καὶ
1598 1118 1625 1180 ἡ
1661 1117 1715 1166 δι’
1753 1116 1895 1179 αὐτῆς

85 1214 134 1245 Of.
154 1223 167 1244 1
188 1214 262 1245 Cor.
306 1202 558 1264 δικαίωσις,
586 1202 649 1253 ε”τι
686 1200 831 1265 ἐσμὲν
863 1209 888 1231 “
911 1203 958 1251 ἐν
994 1205 1094 1254 ταῖς
1132 1199 1410 1265 ἁμαρτίαις”
1439 1199 1572 1262 ἡμῶν
1606 1199 1680 1249 καὶ
1718 1196 1895 1248 ἀναπό-

84 1268 138 1288 xv.
156 1266 204 1297 17-
305 1288 486 1349 βλητος
511 1283 621 1347 ἡμῖν
646 1285 776 1334 ἐστιν
800 1287 894 1333 τῶν
921 1283 1128 1350 ἀρχαίων
1154 1280 1439 1346 αἱτιαμάτων
1466 1282 1490 1330 ὁ
1517 1281 1676 1346 ῥύπος.

1095 1438 1104 1455 ι

1072 1463 1090 1489 Ε
1113 1481 1121 1489 .

380 1551 439 1599 ΕΖ
480 1547 714 1599 πέπαυται
757 1552 840 1598 τοῦ
884 1547 990 1597 καθ’
1034 1547 1153 1610 ἡμᾶς
1194 1543 1308 1595 εἶναι
1349 1545 1593 1596 τουτέστιν
1632 1544 1893 1611 ἄνθρωπος,
1918 1560 1963 1598 Ι5

306 1629 424 1695 μετὰ
462 1635 543 1680 τοῦ
583 1631 658 1680 καὶ
698 1629 812 1696 ὑπὲρ
847 1628 968 1692 ἡμᾶς
1008 1631 1184 1690 θεϊκῶς,
1214 1626 1504 1678 σεσάλευται
1542 1629 1624 1691 τῆς
1658 1625 1896 1692 σωτηρίας

307 1713 439 1776 ἡμῶν
472 1712 497 1761 ὁ
530 1710 759 1774 θεμέλιος,
800 1709 1196 1774 ὑπενοστήσαμεν
1235 1708 1354 1760 κατὰ
1394 1708 1448 1760 τὸ
1486 1708 1604 1762 εἰκὸς
1642 1707 1705 1762 ε’ίς
1745 1730 1799 1774 γε
1840 1705 1894 1758 τὸ

307 1797 400 1845 δεῖν
425 1796 754 1859 τυραννεῖσθαι
781 1791 928 1843 πάλιν
954 1790 1142 1860 θανάτῳ
1170 1794 1245 1841 καὶ
1282 1791 1542 1857 ἁμαρτίαις.
1598 1788 1763 1856 ὥσπερ
1800 1788 1894 1855 γάρ

307 1875 452 1927 οἰκίας
492 1872 634 1941 τυχὸν
673 1872 701 1938 ὴ
741 1875 921 1940 τείχους
962 1877 1057 1924 τῶν
1096 1872 1378 1923 κατωτάτων
1416 1872 1610 1936 βάθρων
1649 1877 1888 1921 σεσαλευ-

306 1955 471 2019 μένων,
497 1953 740 2020 συνιζήσει
763 1954 952 2008 πάντως
980 1955 1135 2007 αὐτοῖς
1162 1955 1238 2004 καὶ
1263 1952 1323 2004 τὰ
1348 1952 1730 2020 ἐπερηρεισμένα·
1773 1953 1894 2003 οὕτω
1916 1977 1963 2002 20

307 2040 389 2101 τῆς
427 2036 545 2100 μετὰ
583 2035 762 2102 σαρκὸς
800 2036 1062 2098 οἰκονομίας
1094 2041 1177 2086 τοῦ
1207 2039 1508 2101 Μονογενοῦς
1541 2036 1623 2085 οὐκ
1655 2033 1894 2100 ἀραρότως

308 2119 523 2186 ἐχούσης,
563 2117 948 2184 συγκατεδονήθη
985 2116 1174 2171 πάντως
1211 2117 1271 2168 τὰ
1310 2119 1416 2168 καθ’
1452 2118 1571 2180 ἡμᾶς
1606 2119 1681 2168 καὶ
1714 2117 1887 2183 κατηῤ-

308 2200 533 2267 ῥώστησε
570 2199 624 2251 τὸ
662 2199 845 2251 λοιπόν’
901 2202 976 2250 καὶ
1016 2199 1119 2249 τίνα
1158 2198 1334 2265 τρόπον
1368 2200 1575 2265 ἐροῦμεν·
1632 2202 1669 2249 εἰ
1706 2197 1799 2264 γὰρ
1831 2201 1894 2251 εἷς
2016 2218 2017 2274 ᾗ

311 2281 460 2349 φύσιν
486 2279 703 2345 θεότητος
732 2281 1109 2349 μετατετροίφθαι
1137 2282 1288 2348 φασὶν
1314 2280 1398 2344 τὴν
1424 2287 1506 2331 τοῦ
1534 2279 1695 2346 Λόγου
1721 2280 1892 2345 σάρκα,

310 2362 447 2413 πᾶσά
479 2386 580 2417 πως
614 2361 794 2429 ἀνάγκη
830 2367 948 2414 νοεῖν
974 2365 1035 2416 ὡς
1068 2362 1445 2432 ἀποπεφοίτηκεν
1470 2361 1784 2428 ἀλλοτρόπως
1809 2367 1892 2412 τοῦ
1913 2379 1961 2416 25

312 2442 424 2494 εἶναι
452 2442 606 2494 θέλειν
643 2444 737 2498 υἱὸς
769 2443 1037 2510 ἀνθρώπου·
1091 2442 1188 2494 εἶτα
1225 2448 1325 2497 πῶς
1359 2445 1383 2494 ὁ
1417 2442 1670 2512 πάνσοφος
1698 2447 1892 2497 Παῦλος

2016 2572 2017 2588 l

364 2608 393 2632 Ι.
420 2597 661 2641 ἐπιδημήσασα
678 2610 707 2632 c.
898 2598 931 2632 6.
958 2598 992 2632 ἐκ
1009 2600 1068 2632 τοῦ
1085 2599 1187 2632 αὐτοῦ
1205 2600 1311 2643 λόγου
1326 2598 1393 2633 b.c.
1587 2609 1640 2643 13.
1667 2598 1685 2642 ἡ
1704 2597 1809 2643 ῥύπος
1827 2603 1893 2633 τῶν
2012 2619 2017 2642 2

311 2644 461 2690 ἀρχαίων
477 2644 680 2688 αἷτιαμάτων
697 2656 726 2678 c.
891 2654 942 2689 15.
970 2645 1005 2678 ἐκ
1023 2647 1082 2679 τοῦ
1099 2645 1201 2678 αὐτοῦ
1218 2646 1325 2689 λόγου
1343 2645 1410 2679 b.c.
1567 2657 1619 2689 19.
1646 2645 1750 2680 οἰκίας
1768 2657 1837 2679 om.
1856 2645 1891 2679 b.
2016 2642 2017 2651 ¹

314 2702 370 2724 20.
396 2691 450 2724 καὶ
466 2692 507 2724 τὰ
525 2690 805 2735 ἐπερηρεισμένα]
826 2692 908 2724 κατὰ
925 2691 1206 2736 περιερηρισμένα
1225 2702 1253 2725 c.
1479 2703 1534 2736 23.
1560 2693 1682 2726 λοιπόν
1699 2691 1892 2726 emendavi.

312 2739 442 2771 λυποῦν
458 2737 525 2771 bs.
730 2748 833 2781 23-p.
853 2738 932 2782 483,
951 2747 984 2781 5.
1011 2737 1039 2770 εἰ
1055 2738 1206 2782 γὰρ-ἐν
1223 2738 1311 2782 αὐτῷ
1331 2737 1414 2772 citat
1433 2737 1581 2772 Severus
1599 2738 1635 2771 in
1655 2738 1718 2782 Ep.
1738 2737 1893 2772 secunda

312 2794 356 2829 ad
388 2793 551 2839 Sergium
579 2793 656 2828 cod.
690 2794 786 2828 Mus.
818 2794 905 2829 Brit.
937 2793 1017 2829 add.
1047 2804 1169 2840 17154‚
1199 2795 1258 2828 fol.
1286 2806 1330 2840 23
1353 2807 1374 2829 v
1405 2795 1471 2830 sub
1501 2796 1602 2830 titulo
1633 2777 1889 2835 ωιλᾸ-ιῖαβ

314 2844 646 2916 &mam-&dx
668 2841 883 2899 Ᾱέῡολπ
904 2852 1193 2901 dmm
1217 2861 1492 2905 Cyrilluselibro
1504 2866 1624 2896 contra
1637 2862 1890 2906 Synousiastas.

316 2915 370 2950 26.
399 2918 416 2949 ὁ
433 2914 630 2961 πάνσοφος]
650 2914 844 2950 ἀπόστολος
862 2916 916 2958 (ut
935 2915 1054 2960 supra)
1073 2927 1104 2951 C,
