2027 3257
97 195 147 236 [6
186 197 222 228 M
300 135 384 175 290
519 137 569 177 B.
603 135 849 177 CYRILLI
886 135 1234 178 ALEXANDR.
1274 135 1645 176 FRAGMENTA
1717 134 1787 175 xii.
1812 146 1874 177 12.

153 205 168 236 7
227 198 267 239 -]

300 264 350 292 τε
376 242 541 310 ἁπάσῃ
575 245 649 294 καὶ
676 244 795 294 ἔθνει
828 245 967 295 παντὶ
1002 247 1300 310 προσλαλεῖν
1326 242 1380 292 τὸ
1407 242 1710 308 εὐαγγελικὸν
1737 245 1880 305 δηλο-

302 323 399 373 νότι
439 326 512 373 καὶ
552 324 787 391 σωτήριον
827 324 1057 389 κήρυγμα,
1098 329 1295 387 σημεῖον
1337 325 1485 374 ἐδίδου
1524 323 1607 378 τὰς
1642 323 1878 388 γλώσσας

301 405 471 457 αὐτοῖς·
526 405 688 471 ἄνδρες
727 405 854 458 ὄντες
887 409 1138 455 Γαλιλαῖοι
1176 407 1251 455 καὶ
1289 406 1596 471 τεθραμμε’νοι
1636 404 1754 456 κατὰ
1793 404 1879 467 τὴν

301 484 545 548 Ἰουδαίαν,
587 486 803 551 εΕβραῖοι
853 509 903 536 τε
948 488 1023 536 καὶ
1067 486 1123 554 ἐξ
1167 486 1418 551 εΕβραίων,
1474 486 1656 549 Μήδοις
1704 508 1753 536 τε
1806 486 1881 534 καὶ

304 564 527 630 Πάρθοις,
555 568 628 616 καὶ
654 567 810 628 με’ντοι
837 568 911 616 καὶ
937 567 1229 630 Ἐλαμίταις,
1257 568 1333 616 καὶ
1359 572 1454 620 τοῖς
1481 569 1531 617 ἐκ
1556 566 1705 630 με’σης
1731 566 1880 616 οἷκού-
1902 583 1924 622 5

302 668 393 710 σης
423 651 664 710 ποταμῶν,
694 646 1036 700 Καππαδόκαις
1074 670 1122 698 τε
1164 649 1239 698 καὶ
1267 649 1552 713 Αἰγυπτίοις,
1593 652 1692 700 ταῖς
1730 648 1883 698 αὐτῶν

302 728 639 793 προσελάλουν
682 728 950 794 γλώσσαις.
1009 731 1084 780 καὶ
1136 730 1444 795 διεπεραίνετο
1492 728 1577 792 μὲν
1625 729 1679 779 τὸ
1724 731 1883 795 χρῆμα

304 809 458 862 αὐτοῖς
478 813 536 876 τῇ
562 815 644 860 τοῦ
663 810 936 873 Πνεύματος
962 810 1165 878 ἐνεργείᾳ
1192 815 1266 861 καὶ
1294 810 1462 877 χάριτι·
1502 809 1763 876 γε’γραπται
1789 809 1884 876 γὰρ

82 901 243 975 ἓοῒῑῆβὲ-
306 889 375 940 ὅτι
403 898 430 919 “
449 889 686 959 ὤφθησαν
712 892 866 945 αὐτοῖς
903 890 1266 958 διαμεριζόμεναι
1298 896 1528 957 γλῶσσαι
1553 893 1665 942 ὡσεὶ
1695 890 1842 957 πυρὸς
1857 892 1881 906 ”

118 955 198 984 P’n'
220 954 248 984 δ’
305 974 381 1022 καὶ
419 971 478 1022 τὰ
508 972 632 1040 ἑξῆς’
682 972 813 1023 ἀλλὰ
851 972 1023 1038 τρόπος
1057 973 1142 1035 μὲν
1175 973 1436 1037 οἰκονομίας
1471 973 1525 1023 τὸ
1553 972 1788 1038 δρώμενον
1813 971 1883 1037 ἧν,
1908 997 1955 1022 10

304 1054 532 1104 συνίεσαν
557 1052 605 1103 δὲ
640 1054 692 1103 οὐ
718 1053 903 1107 πάντες.
957 1054 1111 1117 ἐπειδὴ
1148 1053 1195 1104 δὲ
1232 1054 1366 1122 ἅπαξ
1392 1059 1491 1108 ταῖς
1518 1054 1684 1120 ἑτέρων
1710 1054 1880 1119 γλώσ-

305 1157 414 1187 σαις
441 1133 661 1193 ἐλάλουν,
689 1135 910 1203 ἐπίδειξιν
940 1133 1102 1201 ὥσπερ
1134 1135 1237 1186 τινὰ
1275 1134 1361 1199 τὴν
1388 1135 1462 1186 διὰ
1499 1142 1582 1186 τοῦ
1612 1135 1887 1199 Πνεύματος

305 1215 571 1277 ποιούμενοι
609 1214 759 1282 χάριν,
805 1218 881 1266 καὶ
927 1218 1248 1284 φιλοκομπίας
1287 1216 1508 1284 ἀφορμὴν
1552 1213 1790 1284 δεχόμενοι
1830 1216 1885 1267 τὸ

306 1300 514 1359 σημεῖον,
542 1295 742 1364 ῥᾴθυμοι
776 1296 862 1360 μὲν
894 1296 1021 1361 ἦσαν
1058 1295 1112 1347 τὸ
1152 1299 1245 1347 δεῖν
1283 1302 1379 1351 τοῖς
1417 1298 1577 1365 ὄχλοις
1614 1297 1674 1348 τὰ
1711 1300 1760 1349 ἐκ
1794 1302 1888 1349 τῶν

307 1378 455 1441 ἁγίων
490 1381 752 1445 προφητῶν
790 1378 1106 1443 διαλέγεσθαι,
1140 1380 1214 1429 καὶ
1250 1383 1345 1432 τοῖς
1381 1379 1699 1444 εὐαγγελικοῖς
1732 1402 1882 1430 συνα-
1910 1398 1956 1436 15

307 1458 512 1524 γορεύειν
550 1457 798 1524 δόγμασιν,
826 1461 888 1512 ὡς
923 1459 1100 1510 ἄνωθέν
1137 1482 1187 1510 τε
1226 1464 1302 1510 καὶ
1341 1462 1389 1510 ἐκ
1426 1466 1614 1511 πολλοῦ
1652 1483 1882 1526 προκεκη-

304 1539 550 1604 ρυγμένου·
603 1540 1034 1604 ἀποσεμνυνόμενοι
1073 1541 1120 1592 δὲ
1160 1543 1221 1594 ὡς
1264 1543 1338 1592 ἐπὶ
1381 1540 1509 1610 μόνῳ
1550 1546 1615 1610 τῷ
1658 1541 1888 1592 δύνασθαι

304 1621 559 1685 γλώσσαις
594 1626 773 1683 λαλεῖν,
809 1621 977 1673 τούτου
1015 1645 1064 1673 τε
1106 1625 1180 1673 καὶ
1216 1622 1362 1686 μόνου
1402 1626 1756 1686 μεταποιεῖσθαι
1794 1626 1887 1673 δεῖν

306 1698 469 1769 ᾤοντο·
512 1704 587 1752 καὶ
613 1700 667 1753 τὸ
694 1707 892 1768 πρᾶγμα
918 1702 974 1766 ἧν
1000 1705 1047 1754 ἐν
1073 1707 1303 1757 σπουδαῖς
1329 1709 1428 1757 ταῖς
1454 1703 1882 1770 προυργιαιτάταις.

245 1886 288 1910 12
347 1872 545 1930 Καθάπερ
583 1873 660 1930 Γὰρ
697 1873 745 1916 τὸ
783 1873 905 1923 σῶμα
942 1876 987 1915 ἕν
1024 1874 1125 1926 ἐστι,
1164 1874 1232 1915 καὶ
1269 1875 1376 1923 μὲλΗ
1416 1874 1501 1930 ἔχει
1537 1874 1678 1916 Πολλὰ
1714 1877 1854 1918 κ.τ.λ.
1911 1893 1961 1919 20

380 1992 636 2053 “Ηνώμεθα
686 1990 779 2058 γὰρ
829 1992 1075 2055 ἀλλήλοις,
1126 1992 1390 2055 σύσσωμοί
1435 2015 1485 2043 τε
1536 1991 1796 2057 γεγόναμεν
1841 1993 1889 2042 ἐν

309 2075 522 2141 Χριστῷ,
550 2074 907 2138 συνεγείραντος
945 2074 1064 2136 ἡμᾶς
1103 2075 1178 2123 καὶ
1215 2076 1464 2141 μονονουχὶ
1502 2073 1778 2126 συνδέοντος
1815 2073 1891 2123 διὰ

309 2160 392 2204 τοῦ
430 2153 529 2207 ἑνὸς
568 2155 643 2204 καῖ
679 2156 726 2204 ἐν
751 2158 901 2205 πᾶσιν
926 2155 1078 2220 Ἁγίου
1107 2154 1398 2218 Πνεύματος,
1431 2154 1456 2205 ὃ
1492 2156 1567 2205 καὶ
1599 2155 1647 2205 ἐν
1681 2153 1892 2217 πόματος

310 2234 441 2303 τάξει
480 2235 704 2300 ζωοποιοῦ
747 2236 1091 2299 πεποτίσμεθα.
1146 2238 1221 2286 καὶ
1266 2242 1382 2301 γοῦν
1426 2236 1517 2305 ἔφη
1559 2235 1771 2302 Χριστὸς
1817 2234 1892 2285 ὅτε

311 2315 429 2381 πρὸς
460 2315 512 2366 τὸ
550 2316 742 2382 γύναιον
767 2317 963 2367 ἐποιεῖτο
996 2316 1105 2371 τοὺς
1143 2315 1317 2382 λόγους
1348 2317 1402 2367 τὸ
1434 2319 1506 2368 ἐπὶ
1545 2320 1603 2383 τῇ
1640 2320 1770 2384 πηγῇ
1808 2321 1890 2367 τοῦ
1914 2336 1961 2375 25

92 2400 234 2483 ῗόὖξῗᾙ·
251 2399 295 2429 iv.
313 2396 488 2456 Ἰακώβ
527 2404 553 2426 “
573 2398 636 2448 Ὁ
663 2398 811 2448 πίνων
837 2399 886 2448 ἐκ
913 2403 995 2448 τοῦ
1022 2400 1188 2450 ὕδατος
1221 2399 1388 2449 τούτου
1426 2397 1621 2465 διψήσει
1655 2396 1814 2460 πάλιν,
1842 2395 1893 2451 ὃς

138 2468 144 2480 ’
315 2484 341 2506 “
368 2478 404 2527 δ’
443 2476 500 2527 ἂν
538 2478 620 2545 πίῃ
660 2480 709 2528 ἐκ
745 2484 827 2529 τοῦ
866 2480 1032 2531 ὕδατος
1071 2480 1125 2529 οὗ
1158 2479 1248 2544 ἐγὼ
1288 2479 1429 2529 δώσω
1469 2480 1606 2546 αὐτῷ,
1643 2478 1893 2543 γενήσεται

316 2565 342 2587 “
368 2559 415 2607 ε’ν
442 2559 567 2626 αὐτῷ
603 2558 733 2622 πηγὴ
774 2560 938 2612 ὕδατος
969 2560 1235 2622 ἁλλομένου
1274 2563 1336 2612 εἷς
1375 2558 1494 2625 ζωὴν
1525 2559 1754 2610 αἷώνιον.”
1801 2559 1892 2625 ἔφη

92 2653 143 2683 Ib.
160 2653 214 2683 vii.
235 2653 284 2693 38,
317 2637 370 2688 δέ
402 2661 494 2689 που
536 2641 610 2688 καὶ
648 2639 765 2704 πρὸς
803 2640 1054 2692 Ἰουδαίους
1095 2647 1121 2668 “
1146 2641 1209 2690 ‘O
1235 2639 1470 2691 πιστεύων
1509 2643 1570 2693 εἷς
1609 2639 1699 2702 ἐμὲ,
1740 2639 1894 2694 καθὼς

95 2705 145 2736 39'
316 2726 344 2748 ‘⁶
369 2717 494 2771 εἶπεν
532 2743 559 2783 η
593 2719 772 2787 γραφὴ,
804 2723 1007 2783 ποταμοὶ
1046 2722 1094 2771 ἐκ
1133 2724 1215 2784 τῆς
1251 2721 1427 2775 κοιλίας
1468 2722 1608 2772 αὐτοῦ
1641 2721 1894 2788 ῥεύσουσιν
1914 2750 1964 2786 30

366 2864 419 2898 16.
446 2879 481 2898 τε
500 2864 533 2898 d.
552 2878 582 2897 τι
601 2875 630 2898 c.
822 2875 874 2909 19.
900 2865 1192 2911 προυργιαιτάτοις
1209 2877 1239 2900 c.
1431 2876 1485 2900 22.
1510 2867 1764 2912 συνεγείραντος
1780 2866 1893 2912 legere

317 2910 394 2945 cod.
414 2923 519 2946 suum
537 2910 679 2945 adnotat
699 2910 829 2946 Maius.
