2012 3272
448 139 670 179 FRAGM.
708 138 857 178 HOM.
894 138 969 178 DE
1008 139 1131 179 UNO
1168 138 1343 178 FILIO.
1608 140 1691 179 453

101 246 295 312 μερίζων
326 247 467 297 αὐτοῦ
499 246 584 310 τὴν
610 246 859 313 κυριότητα
892 248 966 297 καὶ
999 247 1283 312 προσνεμων
1315 246 1470 315 ἑτέρῳ.
1524 247 1690 297 οὐκοῦν

101 326 302 392 λέγομεν
340 333 434 381 τοῖς
474 329 594 379 οὕτω
630 333 821 396 φρονεῖν
855 328 1107 392 ἑλομένοις,
1133 329 1187 379 τὸ
1224 328 1299 378 διὰ
1327 331 1488 396 φωνῆς
1515 328 1690 380 Ἡλίου

1646 411 1687 442 .”
1710 420 1728 450 3
1750 412 1830 449 Πομ.

1643 452 1655 472 ⁹
1708 456 1797 485 xviii.
1819 465 1867 486 21.

140 489 203 540 ὶδΧ
356 491 366 507 9
407 493 417 506 t
460 496 479 505 Α
538 493 548 507 9
619 491 631 505 Χ
864 491 874 507 Ι
984 491 994 508 N
1077 490 1090 505 Ι
1265 494 1278 510 χ
1456 490 1468 507 Χ
1646 492 1655 507 Ι

101 513 153 540 ου
185 514 232 540 εν
257 515 355 556 παρ
396 515 502 555 υμιν
528 496 689 557 ορθον,
718 499 913 559 χωλευει
948 495 995 543 δε
1021 515 1177 543 παντα
1205 516 1279 543 και
1309 498 1474 555 πολλη
1501 497 1682 558 σαθρο-

102 416 129 438 “
147 407 275 463 ’Έως
301 409 415 461 πότε
445 415 699 477 χωλανεΐτε
727 411 796 461 ἐπ’
825 410 1114 478 ἀμφοτέραις
1147 415 1249 463 ταῖς
1281 409 1458 475 ἰγνύαις
1492 411 1621 473 ὑμῶν

59 586 182 636 5της
234 574 434 624 ἐννοιῶν·
501 575 611 624 ἀλλ’
653 574 706 624 οὐ
756 579 857 627 ταῖς
904 578 1043 624 τινῶν
1082 574 1424 635 εἶκαιοβουλιάς
1460 572 1688 642 ἑψόμεθα,

100 654 315 719 Χριστὸν
342 654 389 705 δὲ
420 660 609 718 μᾶλλον
635 656 961 720 ὁμολογοῦμεν
991 655 1071 705 ἕνα
1104 660 1163 722 τῇ
1199 655 1343 722 φύσει
1382 657 1457 706 καὶ
1497 658 1688 719 ἀληθῶς

99 737 148 786 ἐκ
177 737 368 803 Πατρὸς
397 736 572 803 Λόγον,
608 740 682 787 καὶ
723 739 769 787 ἐν
801 737 1084 804 προσλήψει
1123 737 1354 803 γεγονότα
1392 736 1572 804 σαρκὸς
1612 741 1687 789 καὶ

99 817 307 881 αἵματος.

619 929 697 970 Ἐκ
734 932 808 971 τοῦ
847 929 977 971 αὐτοῦ
1018 930 1159 977 λόΓου.

34 1049 81 1074 10
171 1029 295 1082 ’Υπὸ
322 1031 529 1098 κατάραν
565 1031 708 1096 ἐσμὲν
730 1035 770 1083 οἱ
804 1035 866 1085 εἷς
906 1031 1123 1097 Χριστὸν
1155 1031 1514 1095 πιστεύσαντες,
1543 1035 1579 1083 εἰ
1612 1032 1677 1097 μὴ

99 1111 243 1180 φύσει
282 1136 332 1163 τε
368 1116 443 1165 καὶ
479 1115 670 1179 ἀληθῶς
697 1115 799 1164 ε’στι
828 1113 950 1167 Θεὸς
986 1115 1010 1164 ὁ
1044 1115 1094 1164 ἐκ
1133 1114 1366 1179 παρθένου
1405 1116 1683 1179 σαρκωθείς·

98 1193 189 1260 ε”φη
216 1193 308 1261 γάρ
332 1218 424 1247 που
450 1198 554 1261 περὶ
586 1197 727 1247 αὑτοῦ
755 1196 780 1245 ὁ
811 1195 1060 1264 προφήτης
1086 1196 1297 1249 Ἱ-Ισαΐας
1332 1204 1359 1225 “
1378 1199 1471 1248 Καὶ
1498 1197 1634 1247 ἔσται
1660 1198 1762 1261 ἡΕΞ·
1780 1211 1822 1240 xi·
1848 1220 1895 1241 10-

98 1281 125 1303 ‘⁶'
151 1275 253 1342 ῥίζα
279 1281 361 1327 τοῦ
385 1277 568 1327 Ἰεσσαὶ
595 1281 671 1328 καὶ
697 1278 722 1327 ὁ
750 1276 1060 1341 ἀνιστάμενος
1089 1277 1250 1344 ἄρχειν
1275 1280 1435 1340 ἐθνῶν,
1463 1279 1533 1329 ἐπ’
1562 1279 1689 1348 αὐτῷ

99 1363 126 1386 “
152 1357 260 1420 ε”θνη
295 1359 557 1409 ἐλπιοῦσι.”
610 1363 710 1413 πῶς
749 1360 831 1409 οὖν
870 1360 938 1410 ἐπ’
982 1361 1108 1429 αὐτῷ
1142 1358 1226 1413 τὰς
1260 1360 1452 1413 ἐλπίδας
1491 1360 1687 1427 ἔχοντες,

32 1460 79 1498 15
99 1440 182 1489 οὐκ
205 1439 347 1502 ἐσμὲν
373 1441 596 1507 ἐπάρατοι
622 1441 749 1507 εἴπερ
780 1443 911 1492 ἐστὶν
934 1441 1115 1505 ἀληθὴς
1141 1442 1165 1491 ὁ
1192 1442 1440 1510 προφήτης
1467 1442 1689 1508 Ἱερεμίας

98 1520 254 1586 λέγων
295 1529 320 1550 “
341 1521 718 1588 Ἐπικατάρατος
745 1522 794 1577 ὃς
826 1522 911 1588 τὴν
938 1524 1108 1574 ἐλπίδα
1147 1524 1239 1590 ἕχει
1278 1525 1346 1574 ἐπ’
1376 1524 1627 1590 ἄνθρωπον
1645 1526 1686 1585 ;”
1708 1526 1802 1557 Hier.
1818 1527 1897 1558 '‘¹²³³-

1707 1579 1736 1609 5.

98 1603 209 1653 ἀλλ’
237 1605 319 1654 οὐκ
357 1605 425 1655 ἐπ’
454 1604 688 1674 ἀνθρώπῳ
727 1605 810 1659 τὰς
851 1608 1046 1659 ἐλπίδας
1084 1604 1353 1672 ἐσχήκαμεν
1386 1608 1427 1656 οἱ
1467 1609 1528 1660 εἷς
1561 1610 1682 1673 Χρι-

97 1682 217 1735 στὸν
242 1685 597 1740 πιστεύσαντες·
653 1686 775 1741 Θεὸς
807 1687 898 1754 ἄρα
924 1689 1055 1738 ἐστὶν
1081 1686 1145 1740 εἷς
1171 1689 1246 1737 καὶ
1281 1686 1422 1750 μόνος
1457 1689 1532 1738 καὶ
1568 1688 1686 1739 κατὰ

98 1765 320 1830 ἀλήθειαν
346 1767 460 1822 Υἱὸς
499 1770 574 1819 καὶ
604 1767 698 1835 πρὸ
730 1767 910 1835 σαρκὸς
943 1771 1016 1819 καὶ
1052 1767 1170 1833 μετὰ
1209 1768 1401 1835 σαρκὸς,
1429 1767 1478 1822 ὃς
1516 1768 1686 1837 ε”ποχος

32 1871 80 1897 20
98 1845 161 1898 ὢν
187 1852 252 1918 τῷ
283 1849 433 1919 πώλῳ
467 1849 586 1901 κατὰ
620 1850 705 1915 τὴν
731 1855 825 1902 τῶν
861 1852 1215 1917 εὐαγγελιστῶν
1249 1852 1414 1902 πίστιν
1443 1851 1685 1912 ἀνέβαινεν

97 1933 159 1983 εἰς
186 1930 514 1996 Ἱεροσόλυμα,
548 1930 645 1983 εἶτα
681 1932 995 1998 προυπήντων
1026 1933 1326 2002 εὐφημοῦντα
1355 1933 1568 2000 μειράκια
1607 1936 1682 1984 καὶ

97 2010 154 2075 δὴ
187 2014 262 2062 καὶ
298 2012 512 2080 ε”φασκον
551 2021 578 2043 “
597 2013 813 2064 Ὡσαννὰ
851 2018 918 2083 τῷ
956 2018 1038 2084 υἱῲ
1080 2017 1268 2077 Δαυεὶδ,
1311 2014 1624 2081 εὐλογημένος
1657 2017 1875 2081 ὁὸῷῐαιιῑι.

97 2100 124 2122 “
150 2092 396 2162 ἐρχόμενος
434 2097 483 2146 ἐν
514 2095 706 2160 ὀνόματι
737 2097 958 2163 Κυρίου.”
1009 2095 1128 2162 πρὸς
1167 2097 1340 2161 ταύτην
1374 2101 1468 2147 τῶν
1501 2099 1682 2148 παίδων
1701 2085 1814 2116 x.x1.9.

95 2174 181 2238 τὴν
207 2175 384 2243 φωνὴν,
410 2176 704 2241 ἠγανάκτουν
739 2181 781 2228 οἱ
815 2183 1078 2246 φαρισαῖοι·
1131 2178 1286 2242 ἐπειδὴ
1321 2177 1414 2244 γὰρ
1449 2179 1682 2244 ὁρώμενος

30 2256 343 2324 25ἄνθρωπος
381 2257 466 2322 τὴν
497 2260 606 2328 Θεῷ
641 2260 920 2326 πρέπουσαν
959 2260 1248 2325 ὑμνολογίαν
1273 2258 1471 2328 ἐδέχετο·
1522 2262 1596 2310 καὶ
1624 2260 1680 2324 δὴ

143 2415 175 2449 5.
202 2407 365 2451 ἑψώμεθα
382 2407 416 2442 b.
573 2420 606 2453 9.
633 2420 650 2442 e
669 2407 848 2443 codicibus
865 2408 988 2442 iisdem
1003 2422 1010 2443 :
1047 2409 1128 2443 citat
1145 2415 1179 2443 et
1196 2408 1410 2454 Euthymius
1429 2409 1628 2454 Zigabenus
1646 2411 1682 2444 in

97 2452 265 2498 Panoplia
284 2454 492 2498 Dogmatica
509 2454 577 2498 (tit.
597 2456 653 2498 14)
673 2467 753 2489 cum
776 2456 878 2489 titulo
903 2457 963 2489 τοῦ
987 2456 1089 2490 αὐτοῦ
1110 2456 1146 2490 ἐκ
1171 2457 1229 2499 τῆς
1253 2457 1330 2500 περὶ
1353 2457 1426 2491 ἑνὸς
1445 2458 1518 2490 υἱοῦ
1536 2458 1681 2500 ὁμιλίας,

97 2500 197 2544 eujus
217 2500 333 2535 codice
350 2512 422 2534 uno
441 2513 526 2535 usus
545 2514 636 2541 sum,
651 2513 776 2546 nempe
791 2514 808 2535 e
822 2502 906 2536 bibl.
920 2502 1152 2536 Laurentiana
1167 2503 1398 2536 Eseorialensi
1416 2503 1461 2537 X.
1479 2503 1525 2538 iii.
1544 2512 1565 2548 5
1584 2504 1681 2548 (olim

98 2544 294 2580 cardinalis
322 2547 504 2581 Hurtados
531 2548 572 2582 de
600 2548 788 2591 Mendoza)
816 2549 963 2582 membr.
983 2560 1052 2582 sec.
1072 2549 1145 2583 xiii.
1171 2549 1232 2584 fol.
1252 2560 1331 2594 233.
1351 2561 1455 2595 quem
1477 2551 1502 2583 k
1523 2551 1679 2594 signavi3

97 2592 153 2626 cui
178 2593 286 2637 adjeci
311 2593 389 2627 cod.
409 2593 480 2627 Fen
496 2594 533 2628 in
552 2594 744 2628 Bodleiana
762 2600 892 2635 nostra,
911 2606 978 2629 sec.
998 2595 1080 2629 xvii.
1098 2596 1361 2640 transcriptum,
1379 2608 1482 2642 quem
1501 2597 1518 2630 f
1532 2597 1682 2641 signavi.

101 2650 153 2672 10.
178 2638 395 2675 πιστεύοντες
412 2640 475 2673 f.k.
683 2652 736 2686 13.
763 2642 864 2675 αὐτὸν
882 2641 966 2684 (bis)
984 2642 1019 2676 k.
1229 2644 1281 2677 16.
1308 2642 1404 2678 ὅστις
1420 2643 1485 2676 f.k.
1504 2643 1563 2676 sed
1583 2643 1626 2677 cs.
1646 2644 1682 2677 in

96 2685 154 2718 xii.
174 2685 305 2730 Proph.
323 2697 367 2731 92
387 2685 421 2720 d.
439 2687 475 2720 in
494 2687 554 2721 Es.
577 2687 642 2721 160
661 2699 691 2722 c.
763 2687 813 2722 ἐπ’
832 2687 1010 2732 ἄνθρωπον
1026 2689 1097 2733 ἕχει
1113 2688 1139 2722 f.
1393 2700 1449 2723 20.
1476 2690 1683 2735 εὐαγγελίων

98 2731 206 2765 Euth.
445 2744 500 2767 22.
527 2734 579 2766 καὶ
597 2746 666 2767 om.
685 2734 720 2768 b.
958 2745 1012 2778 23.
1041 2735 1170 2768 Partim
1189 2735 1271 2769 citat
1288 2740 1321 2769 et
1339 2735 1487 2770 Niketas
1507 2736 1681 2771 Seri-ensis

98 2777 191 2819 (Cat.
205 2778 242 2812 in
257 2777 293 2812 S.
310 2778 394 2813 Luc.
412 2778 447 2812 in
468 2780 553 2813 Maii
570 2780 660 2814 Bibl.
675 2781 767 2814 Nov.
786 2780 821 2814 ii.
835 2792 902 2825 393
914 2780 973 2815 fin.
992 2787 1025 2815 et
1040 2781 1407 2826 Cod.Vatopedhiensi
1421 2782 1462 2815 L.
1476 2782 1536 2816 fol.
1551 2793 1618 2826 329
1632 2783 1681 2825 v.)

98 2823 226 2868 Incipit
252 2825 338 2859 Nik.
359 2825 449 2860 Serr.
465 2825 563 2860 Ἀλλ’
582 2826 641 2860 οὐκ
667 2827 773 2861 ἐδόκει
800 2827 1041 2872 συμφέρεσθαι
1066 2829 1138 2863 ταῖς
1162 2831 1222 2862 τοῦ
1248 2827 1398 2871 πλήθους
1423 2829 1588 2863 σπουδαῖς
1613 2830 1684 2863 τοῖς

97 2870 318 2915 καθηγεῖσθαι
335 2873 516 2916 λαχοῦσιν·
550 2872 727 2917 ὑπέτριζον
744 2874 809 2918 γὰρ
827 2874 904 2909 τοὺς
921 2874 1060 2909 ὀδόντας
1076 2874 1184 2908 αὐτῶν
1201 2875 1255 2908 καὶ
1271 2876 1366 2918 πρὸς.
1439 2874 1499 2917 τὴν
1523 2877 1589 2907 τῶν
1605 2875 1682 2908 παί-

98 2916 165 2950 δων
181 2917 243 2951 f.k.
262 2918 321 2962 τὴν
338 2921 403 2952 τῶν
415 2918 544 2952 παίδων
560 2919 682 2962 ταύτην
701 2920 785 2953 Nik.
804 2919 895 2955 Serr.
1010 2931 1065 2963 24.
1092 2919 1291 2965 φαρισαῖοι]
1312 2921 1478 2961 βάσκανοι
1496 2922 1682 2964 φαρισαῖοι

98 2961 184 2998 Nik.
206 2962 297 2998 Serr.
370 2965 436 3010 γὰρ
455 2976 524 2999 om.
545 2965 629 2999 Nik.
651 2965 744 3000 Serr.
859 2976 914 3008 25.
941 2967 994 3001 καὶ
1012 2967 1051 3010 δὴ
1070 2967 1123 3000 καὶ
1140 2971 1363 3011 assumptum
1382 2979 1398 3001 e
1418 2966 1545 3000 Niketa
1565 2966 1657 3001 Serr.
