2012 3272
448 136 819 177 FRAGMENTA
859 133 1173 176 HOMILIAR
1182 133 1271 174 UM
1281 165 1287 172 .
1581 134 1665 173 463

807 310 928 358 VII.
1686 327 1703 347 e
1720 316 1817 347 Hom.
1838 325 1889 356 25.

151 422 213 473 ‘O
241 421 455 475 πολλοὺς
494 420 615 474 υἱοὺς
655 425 716 475 εἷς
756 420 902 489 δόξαν
941 419 1136 485 ἀγαγὼν
1175 419 1257 469 οὐκ
1296 417 1353 469 ἂν
1392 417 1667 482 ὀλισθήσειε
1688 434 1890 466 Heb.ii.10.

79 509 162 554 τοῦ
205 501 318 554 εἶναι
362 503 481 554 κατὰ
523 502 747 566 ἀλήθειαν
777 502 906 556 Υἱός·
951 503 1004 552 οὐ
1045 501 1139 568 γὰρ
1178 500 1390 564 ἠμέλησε
1434 505 1516 550 τοῦ
1555 498 1668 550 εἶναι

80 583 105 634 ὅ
142 586 285 647 ἐστιν,
322 585 436 651 ὅπερ
476 586 558 636 οὑκ
596 583 654 648 ἧν
686 584 905 651 γεγονὼς,
934 583 1058 647 με’νει
1099 583 1147 634 δὲ
1181 582 1355 650 Κύριος
1395 584 1443 633 ἐν
1484 585 1542 649 τῇ
1585 586 1668 632 τοῦ

37 688 57 727 5
81 666 253 718 δούλου
277 672 455 737 μορφῇ.

803 764 954 812 VIII.
1688 772 1836 808 111111.

153 877 328 924 Νοοῖτο
355 872 393 923 δ’
422 873 479 924 ἂν
505 872 623 938 πρὸς
650 873 782 937 ἡμῶν
803 874 827 923 ὁ
852 872 1205 938 παραπλησίως
1231 872 1341 936 ἡμῖν
1366 871 1667 939 μετεσχηκὼς
1689 888 1893 919 eMaio111.

81 954 276 1018 αἵματος
301 958 375 1006 καὶ
402 954 594 1021 σαρκὸς,
622 958 684 1008 ὡς
710 955 862 1021 ἕτερος
889 953 954 1004 ὧν
978 955 1086 1020 παρ’
1115 955 1235 1018 ἡμᾶς
1267 954 1386 1005 κατὰ
1413 955 1574 1023 φύσιν·
1615 955 1670 1005 οὐ

80 1037 172 1103 γάρ
214 1060 285 1087 τοι
326 1038 442 1107 φαίη
487 1060 554 1090 τις
597 1037 655 1087 ἂν
697 1036 930 1136 ἀνθρώπω
974 1035 1166 1098 πρέπειν
1207 1035 1261 1087 τὸ
1307 1036 1667 1102 ἀνθρωπότητος
1686 1043 1857 1117 ffegffll‘ssiff

13 1142 60 1167 10
80 1125 349 1187 μετασχεῖν·
391 1127 416 1170 ο
441 1143 534 1186 γαρ
561 1122 661 1170 ἐστι
686 1118 805 1170 κατὰ
832 1118 994 1187 φύσιν,
1020 1123 1119 1171 πῶς
1146 1118 1203 1168 ἄν
1229 1141 1296 1172 τις
1324 1123 1475 1169 νοοῖτο
1502 1118 1668 1180 λαβὼν
1688 1138 1725 1171 77
1745 1141 1772 1168 e
1789 1134 1849 1162 ete
1867 1098 1897 1128 3·

83 1203 144 1255 ὡς
168 1224 323 1301 ετερον
350 1201 415 1252 ὦν
441 1224 485 1252 τι
511 1202 619 1268 παρ’
650 1200 763 1267 ὅπερ
789 1201 924 1251 ἐστί·
913 1241 925 1262 ,
969 1200 1019 1250 τί
1048 1199 1106 1250 δε
1129 1201 1233 1250 ἐστι
1258 1207 1285 1229 “
1308 1200 1670 1266 Παραπλησίως
1688 1212 1778 1244 Heb·
1794 1212 1828 1242 ii
1846 1220 1895 1253 14-

83 1282 336 1351 “μετεσχε
383 1287 477 1334 τῶν
521 1284 687 1344 αὐτῶν,
689 1282 714 1297 ”
754 1281 782 1347 ὴ
828 1282 970 1333 ἐκεῖνό
1015 1305 1108 1332 που
1150 1282 1350 1344 πάντως,
1395 1281 1466 1332 ὅτι
1507 1304 1671 1346 γεγονε

84 1366 190 1416 καθ’
220 1366 340 1428 ἡμᾶς
366 1367 414 1415 ἐν
449 1365 608 1429 αἵματι
636 1387 709 1415 και
745 1387 902 1429 σαρκι,
932 1368 1075 1427 σῶμα
1113 1362 1280 1424 λαβὼν
1319 1365 1369 1414 ἐκ
1410 1366 1492 1427 τῆς
1533 1364 1672 1428 ἁγίας

83 1446 328 1512 παρθένου,
346 1448 427 1497 οὐκ
445 1447 650 1515 ἄψυχον,
668 1445 877 1512 καθάπερ
895 1444 1027 1513 ἔδοξέ
1046 1468 1145 1496 τισι
1164 1450 1258 1496 τῶν
1274 1448 1527 1511 αἱρετικῶν,
1545 1445 1668 1514 ἐψύ-

16 1548 62 1586 15
83 1527 296 1595 χωμένον
322 1528 369 1579 δὲ
402 1530 538 1596 ψυχῇ
574 1532 756 1595 λογικῇ·
797 1529 873 1578 καὶ
907 1530 1028 1577 οὕτω
1066 1530 1307 1593 προῆλθεν
1339 1526 1585 1592 ἄνθρωπος
1625 1528 1675 1577 ἐκ

81 1608 312 1676 γυναικὸς,
336 1611 417 1660 οὐκ
445 1609 748 1676 ὀλιγωρήσας
774 1615 857 1661 τοῦ
883 1607 996 1660 εἶναι
1025 1608 1160 1671 Θεὸς,
1184 1608 1314 1659 ἀλλὰ
1339 1611 1412 1659 καὶ
1441 1611 1489 1659 ἐν
1512 1631 1671 1675 προσ-

83 1691 230 1760 λήψει
269 1691 460 1757 σαρκὸς,
487 1690 753 1756 μεμενηκὼς
793 1691 907 1758 ὅπερ
942 1690 999 1755 ἧν
1026 1691 1147 1752 ἀεί;.
1181 1689 1335 1753 ἐπειδὴ
1375 1689 1423 1741 δὲ
1462 1690 1610 1751 βαθὺς
1650 1691 1674 1740 ὁ

83 1773 244 1839 λόγος,
273 1773 483 1840 πρόσεχε
520 1773 861 1843 διεγηγερμένῳ
896 1773 966 1824 νοῒ
999 1776 1100 1825 πῶς
1127 1773 1252 1837 ἡμεῖς
1281 1771 1676 1836 κεκοινωνήκαμεν

83 1856 275 1918 αἵματος
312 1859 386 1905 καὶ
422 1855 618 1921 σαρκός·
659 1854 911 1923 ἑτεροφυὴς
950 1853 1033 1917 μὲν
1059 1852 1151 1920 γὰρ
1178 1854 1206 1917 ἡ
1238 1852 1374 1922 ψυχὴ
1410 1853 1528 1920 πρὸς
1561 1852 1676 1917 αἷμα

17 1959 66 1984 20
85 1939 158 1988 καὶ
190 1935 361 2003 σάρκα,
389 1938 498 1987 ἀλλ’
528 1941 589 1991 εἷς
629 1936 880 2003 ἄνθρωπον
911 1936 992 1987 ἕνα
1030 1937 1084 1986 δι’
1114 1938 1291 2004 ἀμφοῖν
1325 1936 1675 1998 συντεθεῖμεθα,

83 2023 183 2072 ταῖς
208 2024 290 2069 τοῦ
316 2018 594 2072 πλάσαντος
622 2019 741 2082 ἡμᾶς
772 2019 1036 2085 εὐτεχνιάις,
1064 2021 1125 2070 εἷς
1153 2016 1407 2086 ἄφραστόν
1432 2040 1536 2068 τινα
1562 2040 1677 2068 συν-

85 2099 442 2165 δεδραμηκότων
494 2100 688 2164 ἑνότητα
732 2105 827 2150 τῶν
875 2099 1108 2163 ἀλλήλοις
1158 2100 1378 2149 ἐναντίων
1426 2098 1544 2149 κατὰ
1592 2096 1678 2162 τὴν

1414 2188 1441 2210 (6

85 2181 247 2250 φύσιν.
287 2181 453 2242 βούλει
492 2182 614 2232 καθά
653 2186 803 2249 φησιν
827 2181 1051 2242 Ἡσαΐας,
1079 2181 1387 2246 μετρήσωμεν
1462 2184 1520 2247 τῇ
1559 2203 1675 2247 χειρι
1697 2198 1751 2229 Es
1765 2197 1877 2229 x1.12.

85 2270 112 2293 ‘⁶
138 2263 192 2314 τὸ
232 2264 374 2329 ὕδωρ,
418 2266 494 2313 καὶ
533 2263 616 2313 τὸν
652 2262 849 2328 οὐρανὸν
883 2265 1118 2330 σπιθαμῇ,
1156 2264 1232 2312 καὶ
1269 2266 1433 2313 πᾶσαν
1470 2261 1554 2325 τὴν
1587 2265 1678 2327 γῆν

20 2352 112 2405 ²5⁶⁶
139 2344 333 2411 δρακί;”
374 2344 538 2405 βούλει
575 2344 635 2395 τὰ
670 2344 784 2410 ὑπὲρ
819 2344 938 2408 ἡμᾶς
977 2344 1147 2407 ’ἴδωμεν
1183 2345 1232 2394 ἐκ
1267 2348 1361 2394 τῶν
1387 2342 1496 2394 καθ’
1524 2343 1676 2406 ἠμᾶςς

86 2427 252 2477 οὐκοῦν
274 2426 561 2492 παραθέντες
596 2430 657 2479 εἷς
691 2425 989 2492 παράδειγμα
1024 2425 1182 2492 βραχὺ
1214 2423 1296 2475 τὸν
1322 2426 1371 2475 ἐκ
1406 2428 1566 2493 ψυχῆς
1604 2426 1679 2475 καὶ

86 2508 308 2571 σώματος
335 2508 596 2574 ἄνθρωπον,
624 2507 1003 2571 ἀναπηδήσωμεν
1029 2510 1089 2560 εἷς
1125 2506 1301 2560 ε’ννοίας
1335 2506 1419 2560 τὰς
1454 2508 1528 2558 ἐπὶ
1554 2511 1675 2573 Χρι-
1697 2524 1767 2558 112
1792 2523 1853 2559 Μ.

87 2593 205 2659 στῲ·
268 2589 437 2640 ἕνωσιν
484 2591 640 2655 ἀληθῆ
699 2589 920 2655 γενέσθαι
972 2587 1127 2656 φαμὲν
1177 2587 1544 2654 προσλαβόντος
1595 2593 1679 2639 τοῦ

138 2729 169 2752 1.
188 2718 438 2763 Fragmentum
455 2718 522 2752 hoe
542 2718 638 2752 deest
655 2723 694 2752 ut
713 2717 838 2789 νίἀλίη
853 2717 961 2758 Μ3ἰο,
978 2716 1178 2762 suppeditat
1191 2722 1308 2751 tamen
1323 2716 1425 2751 nobis
1440 2716 1587 2750 Niketas
1607 2716 1677 2749 He·

89 2798 283 2840 rachensis,
309 2810 351 2832 ex
369 2810 399 2832 3.
417 2803 450 2831 et
467 2797 490 2831 b
508 2797 568 2831 fol.
592 2809 653 2839 151
675 2810 707 2831 v.
733 2799 789 2842 ὁμι
815 2812 851 2831 κε
874 2798 909 2832 in
934 2809 994 2842 mg
998 2797 1219 2842 ,praemittit
1236 2796 1285 2837 b,
1313 2796 1356 2830 cf.
1378 2795 1510 2829 Homil.
1532 2803 1573 2839 27
1594 2794 1676 2827 cita-

89 2849 161 2877 tam
179 2856 284 2888 supra
301 2857 334 2889 p.
353 2845 432 2887 458.
699 2853 730 2889 7.
757 2856 799 2878 ex
817 2856 848 2878 a.
867 2850 900 2878 et
918 2844 940 2878 b
959 2823 1018 2877 foi.
1041 2853 1102 2889 171
1124 2856 1157 2878 v.
1185 2844 1359 2887 Κυρὶλλου
1378 2848 1515 2876 tantum
1533 2840 1678 2885 apponit

89 2889 127 2923 in
142 2890 299 2934 margine
316 2891 364 2933 b.,
383 2890 546 2936 κυριλλου
564 2890 680 2934 ὁμιλια
697 2903 728 2925 3.
893 2890 1069 2929 ,βλέπειν
1086 2902 1149 2935 pro
1166 2903 1307 2933 πρεπειν
1323 2889 1358 2922 1).
1505 2898 1518 2921 1
1529 2898 1558 2920 Ι.
1584 2886 1625 2919 ὅν
1641 2886 1675 2919 b.

93 2946 148 2980 23.
173 2936 284 2980 βούλη
302 2937 338 2971 b.
539 2946 594 2982 25.
620 2936 731 2980 βούλη
749 2937 784 2970 b.
977 2937 1080 2981 28-p.
1094 2936 1173 2979 464,
1190 2937 1222 2970 8.
1248 2936 1330 2969 citat
1348 2934 1495 2968 Niketas
1522 2933 1614 2967 idem
1641 2933 1677 2966 in
