2001 3257
277 138 358 178 122
676 142 727 183 B.
761 141 1036 182 CYRILLI
1078 140 1461 181 ALEXANDR.
1703 151 1772 176 xx.
1794 145 1857 186 17·

277 246 410 311 στὸν,
456 251 531 300 καὶ
580 249 902 316 προπηδώσης
953 253 1047 300 τῶν
1099 248 1279 311 ἄλλων,
1325 248 1387 302 εἵς
1436 271 1490 314 γε
1540 244 1593 297 τὸ
1647 247 1756 295 ἰδεῖν
1805 241 1859 293 τὸ

52 340 261 375 1088A.a
278 335 502 394 μνημεῖον
544 333 618 382 καὶ
659 331 712 382 τὸ
753 333 800 382 ἐν
841 335 908 399 τῷ
955 329 1088 399 κήπῳ
1128 330 1362 394 γενέσθαι,
1404 331 1478 380 καὶ
1518 326 1673 379 πάντα
1715 322 1861 375 τόπον

277 417 569 477 περινοστεῖν
610 417 676 482 τῷ
727 412 934 481 μνημείῳ
986 412 1174 476 γείτονα
1218 410 1337 477 πρὸς
1382 410 1467 474 τὴν
1510 415 1593 461 τοῦ
1638 406 1861 470 σώματος

277 491 483 558 ζήτησιν.
547 494 663 562 ᾤετο
718 493 812 560 γὰρ
868 495 1059 556 ἀληθῶς
1117 495 1472 556 μετατεθεῖσθαι
1530 489 1613 541 τὸν
1664 486 1855 553 Κύριον.

275 574 583 644 ἐπιγράφεται
619 576 674 626 δέ
696 598 797 629 πως
835 576 904 625 ἀεὶ
940 579 1037 627 τοῖς
1071 574 1343 639 ἡγουμένοις
1378 572 1594 637 μάλιστα
1633 571 1709 622 καὶ
1742 573 1857 630 βου·
1881 587 1903 626 5

278 658 365 719 λῆς
396 659 471 707 καὶ
504 655 783 723 πράγματος
817 655 876 707 τὰ
911 660 1005 707 τῶν
1032 654 1276 717 ἐκβάσεων
1301 653 1432 720 τέλη,
1459 652 1545 706 κᾶν
1570 652 1720 719 ἕτεροί
1741 671 1861 703 τινες

276 736 365 789 εἶεν
391 742 432 789 οἱ
459 738 838 803 συσκεπτόμενοι
863 740 939 789 καὶ
965 736 1370 803 συμπράττοντες.

351 821 541 872 Οὐκοῦν
583 825 645 875 εἷς
689 819 828 885 τιμὴν
873 822 948 871 καὶ
994 819 1140 889 δόξαν
1181 822 1256 871 καὶ
1298 824 1360 873 εἷς
1400 818 1620 886 καύχημα
1661 813 1862 879 διηνεκὲς

276 903 510 970 ἐχαρίζετο
561 905 618 971 τῇ
663 902 867 969 Μαριὰμ
913 903 938 952 ὁ
989 899 1157 969 Σωτὴρ
1202 901 1256 952 τὸ
1308 901 1715 967 εὐαγγελίσασθαι
1765 900 1862 950 τοῖς

278 985 500 1054 ἀδελφοῖς
546 985 617 1036 ὅτι
665 986 896 1046 ἀναβαίνω
943 984 1048 1054 πρὶς
1092 982 1159 1036 τὸν
1202 983 1382 1055 Πατέρα
1424 1008 1510 1052 μου
1558 986 1634 1034 καὶ
1679 978 1863 1049 Πατέρα
1886 1003 1933 1029 10

230 1066 395 1134 ὓὺμῶν
436 1071 513 1118 καὶ
556 1067 661 1118 Θεόν
699 1091 783 1135 μου
829 1071 907 1118 καὶ
949 1068 1052 1118 Θεὸν
1091 1064 1223 1135 ὑμῶν·
1283 1065 1348 1117 σὺ
1395 1065 1448 1116 δέ
1488 1087 1568 1128 μοι
1617 1061 1764 1114 πάλιν
1807 1059 1861 1111 τὸ

277 1147 403 1208 βαθὺ
441 1148 498 1213 δὴ
537 1155 674 1200 τοῦτο
714 1152 789 1199 καὶ
827 1148 950 1214 με’γα
991 1148 1127 1215 δέχου
1166 1147 1440 1214 μυστήριον,
1480 1149 1563 1210 τῆς
1599 1149 1693 1196 τῶν
1728 1143 1864 1194 θείων

279 1229 529 1295 δογμάτων
555 1230 808 1295 ὀρθότητος
843 1230 926 1280 τὸν
959 1230 1132 1280 κανόνα
1168 1232 1398 1294 διαπηδᾶν
1429 1227 1514 1293 τὴν
1543 1229 1707 1278 ἑαυτοῦ
1743 1247 1860 1291 καρ-

279 1312 383 1361 δίαν
422 1312 504 1362 οὐκ
542 1312 696 1379 ἐφιείς.
761 1312 940 1366 ἀκούεις
979 1311 1104 1365 ὅπως
1142 1311 1305 1378 γέγονε
1344 1312 1448 1363 καθ’
1477 1310 1597 1375 ἡμᾶς
1637 1310 1661 1359 ὁ
1702 1311 1863 1358 Μονο-

277 1392 414 1459 γενὴς
440 1399 523 1444 τοῦ
550 1397 675 1445 Θεοῦ
703 1391 875 1459 Λόγος,
901 1393 976 1444 ἵνα
1003 1395 1078 1444 καὶ
1107 1395 1237 1458 ἡμεῖς
1264 1395 1361 1445 κατ’
1390 1392 1546 1455 αὐτὸν,
1573 1389 1692 1442 κατά
1721 1413 1774 1455 γε
1809 1387 1862 1440 τὸ
1887 1415 1932 1452 15

278 1474 469 1543 ἐφικτὸν
510 1479 568 1543 τῇ
614 1475 757 1544 φύσει
810 1478 886 1527 καὶ
932 1475 1050 1526 ὅσον
1094 1475 1202 1540 ἧκεν
1243 1479 1384 1527 εἰπεῖν
1426 1479 1488 1529 εἷς
1533 1473 1614 1526 τὸν
1659 1471 1735 1524 διὰ
1781 1474 1864 1535 τῆς

278 1556 469 1624 χάριτος
509 1555 879 1622 ἀνακαινισμόν;
931 1558 1237 1609 τεταπείνωκε
1278 1557 1373 1625 γὰρ
1413 1556 1591 1619 ἑαυτὸν,
1629 1555 1704 1606 ἵνα
1746 1552 1865 1621 πρὸς

278 1637 333 1689 τὸ
372 1638 487 1690 ἰ’διον
527 1640 650 1707 ὕψος
691 1638 910 1707 ἀναγάγῃ
951 1639 1005 1691 τὸ
1045 1639 1266 1691 ταπεινὸν
1304 1639 1423 1691 κατὰ
1462 1638 1625 1707 φύσιν,
1664 1639 1740 1688 καὶ
1778 1635 1864 1700 τὴν

241 1726 362 1771 Οτοῦ
389 1721 561 1772 δούλου
595 1721 785 1790 μορφὴν
815 1721 1060 1790 πεφόρεκε,
1088 1722 1237 1773 καίτοι
1273 1721 1392 1773 κατὰ
1428 1722 1577 1791 φύσιν
1606 1718 1780 1786 Κύριός
1814 1742 1864 1770 τε

280 1800 503 1869 ὑπάρχων
542 1805 617 1853 καὶ
658 1802 786 1866 Υἱὸς,
828 1803 904 1854 ἵνα
948 1803 1002 1854 τὸ
1047 1807 1105 1871 τῇ
1151 1804 1295 1872 φύσει
1340 1807 1513 1855 δοῦλον
1553 1807 1615 1857 εἷς
1656 1800 1741 1866 τὴν
1781 1804 1864 1866 τῆς
1885 1831 1935 1856 20

280 1885 514 1938 υἱοθεσίας
564 1886 860 1953 μετακομίσῃ
913 1884 1073 1955 δόξαν,
1119 1888 1225 1937 καθ’
1269 1885 1519 1951 ὁμοιότητα
1568 1884 1654 1949 τὴν
1699 1885 1863 1935 ἑαυτοῦ

280 1969 356 2015 καὶ
395 1968 456 2020 ὡς
494 1965 612 2032 πρὸς
651 1966 807 2018 αὐτόν.
862 1970 924 2020 ὡς
962 1969 1043 2018 οὖν
1075 1969 1180 2018 καθ’
1216 1968 1336 2032 ἡμᾶς
1374 1966 1594 2034 γεγονὼς,
1621 1966 1865 2018 τουτέστιν

282 2048 541 2113 ἅνθρωπος,
568 2049 644 2099 ἵνα
675 2051 750 2099 καὶ
781 2049 910 2113 ἡμεῖς
942 2050 1041 2100 κατ’
1071 2047 1225 2112 αὐτὸν,
1255 2051 1376 2118 φημὶ
1416 2049 1472 2114 δὴ
1511 2052 1607 2101 θεοὶ
1645 2051 1720 2100 καὶ
1756 2051 1861 2111 υἱοὶ,

282 2129 462 2196 δέχεται
498 2129 583 2192 μὲν
614 2133 677 2184 εἰς
713 2129 878 2181 ἑαυτὸν
906 2129 965 2181 τὰ
1003 2131 1136 2195 ἡμῶν
1169 2134 1334 2195 ἱδικῶς,
1362 2133 1631 2183 ἀντιδίδωσι
1670 2130 1719 2182 δὲ
1756 2131 1865 2195 ἡμῖν

280 2210 340 2261 τὰ
366 2212 544 2274 ἑαυτοῦ,
572 2216 672 2265 πῶς
699 2210 727 2276 ἢ
755 2213 858 2263 τίνα
888 2212 1080 2279 τρόπον,
1107 2213 1298 2280 ε’ρέσθαι
1333 2213 1390 2278 δὴ
1425 2213 1613 2268 πάντως
1649 2213 1866 2279 θελήσεις
1888 2238 1935 2276 25

282 2292 504 2358 εὐλόγως.
570 2295 736 2345 οὐκοῦν
777 2296 864 2361 ἐρῶ
906 2294 1025 2345 κατὰ
1065 2294 1274 2360 δύναμιν.
1333 2300 1522 2362 πρῶτον
1560 2293 1643 2360 μὲν
1681 2294 1773 2363 γὰρ
1818 2297 1866 2347 ἐν

283 2378 471 2425 οἰκετῶν
503 2374 640 2429 ὄντας
674 2375 803 2444 τάξει
834 2399 884 2426 τε
924 2378 999 2426 καὶ
1040 2376 1199 2443 φύσει·
1242 2380 1391 2428 δοῦλα
1429 2377 1522 2445 γὰρ
1556 2383 1638 2428 τοῦ
1672 2383 1866 2442 ποιητοῦ

239 2455 342 2505 (1τά
372 2455 626 2520 ποιήματα·
667 2461 805 2507 καλεῖ
830 2455 916 2520 μὲν
944 2458 1082 2511 ἰδίους
1116 2458 1366 2528 ἀδελφοὺς,
1396 2460 1587 2526 Πατέρα
1626 2458 1673 2510 δὲ
1712 2459 1867 2510 κοινὸν

284 2538 448 2587 ἑαυτοῦ
486 2560 535 2587 τε
574 2540 648 2588 καὶ
687 2538 818 2602 ἡμῶν
847 2537 1058 2605 ὀνομάζει
1092 2539 1174 2590 τὸν
1202 2540 1340 2604 Θεὸν,
1368 2541 1672 2605 οἰκειούμενος
1708 2540 1756 2592 δὲ
1791 2539 1866 2592 διὰ

283 2617 369 2681 τὴν
406 2618 524 2684 πρὸς
563 2620 682 2682 ἡμᾶς
721 2619 947 2681 ὁμοίωσιν
987 2620 1046 2670 τὰ
1090 2622 1373 2688 ἀνθρώπινα,
1415 2622 1540 2674 Θεὸν
1577 2625 1740 2674 ἑαυτοῦ
1784 2622 1866 2673 τὸν
1888 2648 1939 2684 30

285 2699 416 2763 ἡμῶν
441 2699 637 2750 ἐκάλεσε
672 2700 808 2763 Θεὸν,
837 2700 1003 2768 καίπερ
1040 2701 1104 2752 ὧν
1129 2703 1243 2757 Υἱὸς
1278 2703 1398 2755 κατὰ
1433 2704 1596 2774 φύσιν,
1621 2705 1674 2755 ἵν’
1704 2703 1867 2771 ὥσπερ

331 2849 364 2882 3.
389 2838 464 2883 τὴν]
488 2843 525 2879 -†-
546 2839 870 2886 ἄλλων-γενέσθαι
889 2841 922 2884 (e
949 2842 1080 2886 Supra),
1099 2845 1159 2876 τοῦ
1186 2844 1341 2887 σώματος
1367 2844 1506 2888 ζήτησιν
1530 2842 1614 2890 ᾤετο
1639 2844 1704 2888 γὰρ
1733 2843 1868 2889 ἀληθῶς

282 2886 565 2965 μετα-Εοῐηίῐῖεῃε
585 2886 626 2922 Ε.
858 2899 915 2932 23.
940 2888 1057 2934 αὐτὸν]
1076 2890 1249 2934 γενώμεθα
1268 2891 1356 2925 inter
1375 2903 1483 2925 uncos
1502 2890 1599 2925 addit
1617 2890 1751 2935 Migne.
1826 2891 1866 2935 δὴ

283 2942 353 2965 om.
408 2958 414 2965 .
