1981 3267
270 148 325 186 90
673 145 722 185 Β.
756 143 1026 184 CYRILLI
1068 142 1450 182 ALEXANDR.
1682 142 1765 182 xix.
1783 152 1849 195 25.

271 252 364 319 γάρ
397 276 497 306 πως
539 254 607 303 ἀεὶ
646 251 699 302 τὸ
740 255 940 315 θηλειῶν
966 251 1070 301 ἐστι
1109 250 1255 315 γένος,
1292 253 1367 301 καὶ
1397 250 1524 302 πολὺ
1559 249 1615 314 δὴ
1651 250 1759 299 λίαν
1791 252 1852 303 εἰς

272 333 469 400 θρήνους
508 332 707 395 εὐπετὲς,
747 332 861 384 ὅταν
899 331 955 395 δὴ
994 330 1210 395 μάλιστα
1248 333 1323 382 καὶ
1360 332 1597 385 πλουσίας
1636 331 1733 398 ε”χοι
1771 335 1853 380 τοῦ

272 416 569 482 δακρυῤῥοεῖν
608 414 691 468 τὰς
726 412 961 482 ἀφορμάς.
1017 413 1067 463 τί
1101 412 1157 477 δὴ
1200 413 1281 463 οῦν
1318 412 1409 478 ὀίρα
1448 411 1502 463 τὸ
1546 414 1854 475 λεπτομυθεΐν

233 499 532 548 οάναπεῖσαν
576 495 658 547 τὸν
704 495 932 561 μακάριον
977 493 1361 560 Εὐαγγελιστὴν,
1409 496 1470 547 ὡς
1516 496 1590 544 καὶ
1632 496 1714 556 τῆς
1760 496 1855 543 τῶν

270 579 474 643 γυναίων
499 579 845 641 διαμεμνῆσθαι
870 579 1176 643 παραμονῆς;
1213 575 1395 629 σκοπὸς
1421 574 1514 641 γὰρ
1541 576 1665 644 αὐτῷ
1689 574 1853 639 γέγονε
1874 595 1896 634 5

271 658 456 727 διδάξαι
492 660 688 720 κάκεῖνο,
715 657 785 709 ὅτι
816 661 891 708 καὶ
918 656 1061 722 αὐτὴν
1088 657 1207 708 κατὰ
1232 657 1286 708 τὸ
1313 656 1430 710 εἰκὸς
1456 656 1542 720 τὴν
1566 661 1648 706 τοῦ
1678 656 1855 722 Κυρίου

270 739 444 806 μητέρα
485 739 538 790 τὸ
577 739 814 804 ἀδοκήτως
857 739 1163 804 συμβεβηκὸς
1205 737 1525 790 ἐσκανδάλισε
1569 737 1732 799 πάθος,
1778 740 1852 788 καὶ

271 828 436 888 μικροῦ
470 826 552 872 τοῦ
585 821 846 888 πρέποντος
871 821 1102 890 ἐξέστησε
1139 825 1377 886 λογισμοῦ
1411 818 1577 886 πικρὸς
1603 818 1666 869 ὧν
1693 819 1801 869 λίαν
1828 820 1853 869 ὁ

269 905 343 954 ἐπὶ
370 902 429 971 n}
456 909 629 973 σταυρῷ
652 902 868 957 θάνατος·
911 905 986 954 καὶ
1011 902 1130 969 πρός
1156 926 1208 968 γε
1235 901 1398 971 τούτῳ,
1419 900 1479 953 τὰ
1504 906 1597 952 τῶν
1615 901 1854 951 Ἰουδαίων

271 984 584 1050 ἐμπαίγματα,
620 987 697 1035 καὶ
732 985 862 1035 αὐτοὶ
898 985 946 1035 δὲ
984 984 1108 1052 τοίχα
1145 984 1537 1051 προσεδρεύοντες
1579 988 1641 1053 τῷ
1686 987 1855 1052 σταυρῷ
1878 1010 1926 1035 10

271 1068 344 1116 καὶ
377 1069 686 1131 διαγελῶντες
725 1070 766 1117 οἱ
805 1071 1091 1133 στρατιῶται
1129 1065 1211 1117 τὸν
1237 1066 1570 1135 ἐξηρτημένον,
1601 1067 1676 1115 καὶ
1715 1065 1855 1127 αὐτῆς

270 1149 318 1197 ἐν
344 1146 453 1215 ὄψει
478 1151 561 1211 τῆς
586 1148 762 1214 μητρὸς
789 1148 872 1199 τὸν
896 1152 990 1199 τῶν
1018 1149 1213 1212 ἱματίων
1245 1147 1574 1212 τολμήσαντες
1606 1145 1852 1212 μερισμόν.

226 1237 253 1277 d
269 1228 334 1292 μὴ
363 1228 455 1294 γὰρ
481 1230 740 1297 ε’νδοιοῖσῃς,
769 1229 839 1280 ὅτι
866 1230 1101 1284 τοιούτους
1132 1229 1261 1282 τινὰς
1297 1228 1563 1297 εἰσεδέξατο
1590 1228 1854 1293 λογισμούς

271 1310 536 1375 Γεγέννηκα
575 1311 660 1373 μὲν
701 1309 793 1376 ἐγὼ
832 1309 914 1362 τὸν
953 1312 1027 1361 ἐπὶ
1063 1311 1212 1380 ξύλου
1250 1310 1535 1376 γελώμενον·
1593 1310 1701 1360 ἀλλ’
1737 1308 1855 1359 Υἱὸν

269 1389 432 1442 ἑαυτὸν
458 1391 685 1457 ἀληθινὸν
723 1391 836 1443 εἶναι
877 1392 1031 1458 λέγων
1061 1399 1144 1443 τοῦ
1181 1392 1374 1443 ποίντων
1398 1397 1679 1459 κρατοῦντος
1705 1394 1849 1452 Θεοῦ,
1878 1413 1924 1453 15

48 1493 154 1543 sppra
268 1472 392 1541 τοῖχα
429 1497 522 1524 που
560 1476 635 1524 καὶ
675 1473 977 1541 διεσφάλετο,
1009 1476 1245 1526 ἐπλανᾶτο
1282 1473 1401 1524 κατὰ
1439 1473 1493 1524 τὸ
1524 1472 1641 1527 εἰκός
1679 1480 1705 1501 “
1724 1471 1854 1537 Ἐγώ

47 1546 114 1568 x1v.
131 1535 162 1567 6.
270 1562 296 1585 “
323 1558 412 1618 εἶμι
440 1555 593 1621 λέγων
620 1556 647 1619 ἡ
676 1555 808 1622 ζωή’”
850 1561 950 1610 πῶς
978 1556 1287 1622 ε’σταυρώθη;
1333 1555 1452 1606 κατὰ
1478 1555 1580 1607 τίνα
1607 1554 1655 1605 δὲ
1679 1554 1855 1621 τρόπον

268 1641 365 1690 τοῖς
403 1641 498 1688 τῶν
538 1638 795 1705 φονώντων
836 1639 1050 1704 ἐνεπνίγη
1086 1638 1310 1705 βρόχοις,
1367 1641 1467 1691 πῶς
1508 1638 1561 1688 οὐ
1603 1636 1853 1702 κεκράτηκε

267 1721 350 1782 τῆς
381 1723 474 1769 τῶν
502 1719 766 1770 διωκόντων
790 1720 1046 1783 ἐπιβουλῆς
1070 1742 1081 1782 ;
1125 1724 1225 1773 πῶς
1252 1719 1299 1769 δὲ
1333 1719 1385 1769 οὐ
1417 1717 1623 1769 κάτεισιν
1650 1717 1743 1769 ἀπὸ
1769 1722 1852 1768 τοῦ

268 1806 492 1866 σταυροῦ,
520 1801 668 1851 καίτοι
693 1804 760 1869 τῷ
787 1799 989 1871 Λαζάρῳ
1014 1803 1351 1867 παλινδρομεῖν
1378 1801 1602 1869 ἐπιτάξας
1630 1804 1691 1853 εἷς
1718 1798 1851 1865 ζωὴν,
1876 1826 1925 1853 20

269 1884 345 1932 καὶ
371 1882 488 1946 ὅλην
514 1887 609 1936 τοῖς
637 1882 848 1944 θαύμασι
879 1883 1191 1953 καταπλήξας
1218 1882 1303 1947 τὴν
1328 1883 1589 1944 ’Ῑουδαίαν;
1634 1884 1709 1932 καὶ
1736 1880 1854 1933 εἰκός

231 1986 323 2029 eye
362 1963 419 2028 δὴ
447 1964 642 2033 σφόδρα
677 1963 730 2015 τὸ
765 1964 1027 2031 μυστήριον
1054 1966 1136 2016 οὐκ
1175 1966 1291 2018 εῖδὸς
1329 1966 1378 2016 ἐν
1403 1964 1628 2018 τοιούτοις
1666 1965 1764 2014 τισὶ
1797 1963 1852 2014 τὸ

269 2045 462 2111 γύναιον
488 2048 751 2110 ὀλισθῆσαι
785 2049 1129 2113 διαλογισμοῖς·
1176 2047 1265 2115 χρὴ
1292 2047 1384 2113 γὰρ
1410 2048 1579 2098 ἐννοεῖν
1604 2051 1854 2099 ποιοῦντας

268 2128 431 2193 ὀρθῶς,
459 2127 530 2178 ὅτι
556 2132 650 2178 τῶν
676 2127 1052 2193 συμβεβηκότων
1077 2129 1105 2193 ἡ
1133 2129 1278 2197 φύσις
1305 2129 1428 2193 δεινὴ
1462 2128 1581 2195 πρὸς
1615 2127 1669 2179 τὸ
1706 2151 1847 2179 κατα-

268 2209 479 2278 στρέψαι
513 2211 589 2260 καὶ
623 2209 705 2261 τὸν
732 2210 945 2278 νήφοντα
980 2211 1232 2277 λογισμόν.
1272 2209 1549 2275 θαυμαστὸν
1575 2209 1623 2261 δὲ
1659 2208 1791 2260 οὐδὲν
1816 2212 1852 2260 εὶ
1875 2232 1925 2272 25

267 2291 554 2356 παρώλισθέ
584 2315 685 2345 πως
725 2296 787 2346 εἰς
825 2298 962 2343 τοῦτο
1002 2293 1134 2359 γυνή·
1190 2297 1227 2343 εἰ
1266 2292 1359 2359 γὰρ
1398 2293 1473 2342 καὶ
1517 2291 1654 2345 αὐτὸς
1694 2293 1719 2342 ὁ
1758 2295 1853 2342 τῶν

269 2372 414 2437 ἁγίων
476 2376 700 2436 μαθητῶν
762 2372 1012 2440 πρόκριτος
1066 2372 1246 2441 Πέτρος
1308 2373 1662 2437 ἐσκανδαλίσθη
1713 2372 1848 2435 ποτὲ,

269 2453 492 2517 λέγοντος
527 2459 610 2504 τοῦ
637 2458 854 2520 Χριστοῦ
890 2456 964 2505 καὶ
1001 2455 1306 2509 διδάσκοντος
1332 2457 1551 2521 ἐναργῶς,
1579 2453 1648 2505 ὅτι
1682 2454 1853 2517 μέλλοι

45 2540 211 2625 Ξὲῐίἃῗξ·
268 2537 592 2600 παραδοθῆναι
633 2542 659 2565 “
680 2539 743 2588 εἰς
787 2541 944 2603 χεῖρας
984 2538 1320 2603 ἀμαρτωλῶν,”
1364 2540 1439 2587 καὶ
1484 2535 1693 2603 σταυρὸν
1732 2538 1847 2587 ὑπο-

48 2608 207 2702 stabis
269 2616 422 2680 μένειν
453 2618 528 2667 καὶ
565 2617 780 2680 θάνατον,
807 2619 869 2671 ὡς
908 2619 1220 2685 ἀναφωνῆσαι
1252 2618 1605 2683 προαλέστερον
1645 2625 1671 2647 ‘⁶
1689 2616 1853 2671 Ἵλεώς
1876 2637 1926 2673 30

47 2696 299 2754 1565A.a“
323 2721 404 2749 σοι
438 2697 595 2764 Κύριε,
621 2699 674 2749 οὐ
711 2698 776 2762 μὴ
807 2699 941 2749 ε”σται
978 2722 1058 2749 σοι
1096 2700 1280 2750 τοῦτο·”
1322 2700 1371 2749 τί
1404 2698 1457 2750 τὸ
1493 2698 1778 2767 παράδοξον,
1816 2703 1854 2750 εἰ

318 2812 349 2837 2.
375 2802 447 2847 ἔχοι
466 2801 507 2835 Ε.
525 2802 596 2846 ἔχει
616 2801 682 2836 Ed.
1102 2810 1133 2845 7.
1161 2799 1395 2846 συμβεβηκὸς]
1415 2801 1555 2846 γεγονὸς
1573 2802 1791 2844 συμβεβηκὸς
1810 2802 1853 2837 Ε.

272 2847 324 2882 16.
351 2848 560 2893 διεσφάλετο
588 2848 739 2892 Eprius
767 2848 950 2892 scriptum.
977 2848 1212 2892 διεσφάλλετο
1239 2848 1268 2881 Ε
1293 2859 1399 2881 manu
1425 2848 1537 2892 prima
1563 2847 1763 2891 castigatus.
1784 2848 1850 2882 Ed.

269 2895 395 2929 Statim
414 2895 582 2929 ἐπλανᾶτο
600 2896 681 2928 κατὰ
698 2895 736 2927 τὸ
754 2894 841 2930 εἰκός
858 2900 1081 2939 assumptum
1099 2906 1140 2928 ex
1161 2894 1201 2928 E.
1494 2892 1548 2928 26.
1574 2894 1791 2938 παρώλισθαί
1810 2895 1850 2930 Ε.

271 2941 325 2975 28.
352 2941 476 2986 μέλλοι
497 2941 537 2975 Ε.
555 2943 676 2986 μέλλει
696 2940 763 2975 Ed.
