2012 3272
96 158 248 186 xv.12.
360 144 427 184 IN
464 143 548 184 ΕΡ.
585 144 619 182 Ι.
657 143 738 182 AD
777 141 1161 183 CORINTHIOS.
1218 142 1330 182 LIB⁴
1356 142 1406 182 Υ.
1596 144 1678 181 299

93 254 424 322 ἐξειλεγμένοις
456 256 516 305 εἰς
543 251 823 314 ἀποστολὴν
849 251 890 301 οἳ
927 252 1000 301 καὶ
1038 257 1063 280 “
1085 250 1311 301 αὐτόπται
1347 252 1419 300 καὶ
1457 249 1677 314 ὑπηρέται
1698 209 1900 299 ἑζιιέῐῑλ.

94 342 121 366 “
148 333 376 401 γεγόνασι
404 340 487 385 τοῦ
513 332 709 398 λόγου.”

97 504 141 548 Εἰ
177 506 222 548 δὲ
249 505 426 563 Χριστὸς
461 507 715 563 κΗρύσσε-ῑται
745 505 811 547 ὅτι
843 505 890 546 ἐκ
925 505 1090 561 νεκρῶν
1116 505 1356 562 ἐΓήΓερται,
1384 506 1475 547 Πῶς
1512 505 1677 553 ΛέΓουοί
1705 519 1746 543 12

309 607 420 634 τινες
452 592 498 633 ἐν
532 589 626 641 ὑμῖν
657 593 721 633 ὅτι
755 592 986 633 ἀνάστασις
1021 592 1183 649 νεκρῶν
1217 592 1292 633 οὐκ
1325 593 1465 644 ἔστιν,

52 739 73 775 5
171 716 564 781 Καταπλήττεται
603 721 697 767 τῶν
728 717 811 767 οὐκ
848 715 936 767 οἶδ’
971 716 1098 771 ὅπως
1137 717 1553 780 ἀναπεπεισμένων
1579 722 1679 772 ταῖς

94 803 232 864 ἱεραῖς
277 822 325 849 τε
372 801 446 849 καὶ
489 800 628 852 θείαις
670 799 1005 866 ἀντιφέρεσθαι
1049 804 1270 867 γραφαῖς,
1318 802 1393 849 καὶ
1439 799 1595 864 ἕτερόν
1637 823 1681 850 τι

92 880 222 946 παρὰ
271 887 408 932 τοῦτο
457 885 647 949 φρονεῖν
691 881 1091 945 ἀποτολμώντων’
1153 885 1190 931 εἰ
1242 880 1333 947 γὰρ
1379 882 1610 932 ἀπέθανεν
1655 883 1680 932 ὁ

93 962 306 1029 Χριστὸς
333 964 418 1030 οὐχ
443 963 517 1013 ἵνα
544 964 660 1031 μένῃ
689 961 862 1029 νεκρὸς,
887 962 997 1013 ἀλλ’
1025 962 1100 1013 ἵνα
1128 964 1349 1029 κρείττων
1376 962 1581 1014 θανάτου
1605 966 1680 1014 καὶ

94 1049 275 1112 φθορᾶς
302 1047 508 1110 εὑρεθεὶς,
537 1043 642 1099 ὁδὸς
668 1043 831 1110 ὥσπερ
858 1068 927 1098 τις
959 1047 1035 1095 καὶ
1070 1044 1189 1110 θύρα
1222 1048 1280 1111 τῇ
1314 1051 1398 1096 τοῦ
1431 1045 1682 1111 ἀνθρώπου

29 1153 76 1179 10
95 1127 282 1191 γένηται
316 1126 460 1194 φύσει
498 1124 616 1192 πρός
649 1149 697 1177 τε
733 1125 787 1177 τὸ
820 1126 1051 1177 δύνασθαι
1088 1131 1340 1178 καταθλεῖν
1378 1130 1460 1190 τῆς
1500 1131 1683 1195 φθορᾶς

94 1209 170 1258 καὶ
213 1210 600 1274 παλινδρομῆσαι
645 1207 763 1274 πρὸς
808 1207 941 1274 ζωὴν,
981 1213 1097 1271 πῶς,
1141 1208 1451 1274 ἐγηγερμένον
1495 1214 1579 1259 τοῦ
1625 1208 1681 1259 δι’

95 1289 214 1353 ἡμᾶς
247 1290 295 1339 ἐν
321 1296 495 1356 νεκροῖς
522 1290 597 1340 ἵνα
630 1291 704 1340 καὶ
730 1290 859 1353 ἡμεῖς
885 1289 978 1340 σὺν
1004 1291 1129 1359 αὐτῷ
1159 1289 1278 1355 πρὸς
1310 1289 1445 1357 ζωὴν,
1473 1295 1568 1344 τοῖς
1599 1296 1683 1342 τοῦ

95 1369 300 1422 θανάτου
326 1371 520 1438 βρόχοις
545 1374 928 1435 καταδεσμοῦσιν
955 1372 1020 1422 ε”τι
1046 1371 1155 1425 τοὺς
1182 1371 1238 1422 δι’
1257 1371 1336 1426 οὓς
1362 1371 1578 1424 τεθνάναι
1606 1375 1683 1423 καὶ

95 1454 352 1513 ἀναβιῶναι
372 1453 558 1518 λέγεται
582 1453 703 1506 Θεὸς
724 1452 841 1503 κατὰ
864 1452 1014 1520 φύσιν
1035 1451 1261 1520 ὑπάρχων
1285 1454 1310 1504 ὁ
1336 1454 1648 1519 Ἐμμανουήλ
1669 1476 1681 1515 ;

30 1553 75 1592 15
96 1534 144 1584 τί
163 1540 497 1601 παραιροῦνται
523 1534 576 1586 rb
601 1535 733 1600 γένος
759 1534 813 1585 rb
846 1535 1141 1601 ἀνθρώπινον
1168 1540 1262 1586 τῶν
1292 1536 1349 1604 ἐξ
1371 1536 1683 1591 ἀναστάσεως

93 1617 299 1682 ἀγαθῶν,
325 1619 402 1668 καὶ
437 1615 490 1667 τὸ
534 1619 617 1681 τῆς
650 1616 768 1680 μετὰ
809 1617 989 1682 σαρκὸς
1022 1617 1284 1679 οἰκονομίας
1322 1622 1683 1686 συκοφαντοῦσι

93 1699 236 1765 πέρας
256 1720 268 1761 3
313 1703 350 1750 εὶ
377 1698 469 1765 γὰρ
496 1698 688 1765 γέγονεν
714 1700 739 1750 ὁ
761 1698 975 1765 Χριστὸς
1002 1697 1192 1765 ἀπαρχὴ
1218 1704 1313 1749 τῶν
1339 1704 1684 1764 κεκοιμημένων

94 1781 169 1830 καὶ
199 1779 496 1845 πρωτότοκος
523 1782 572 1831 ἐκ
605 1785 700 1831 τῶν
731 1785 918 1847 νεκρῶν,
944 1780 1114 1849 ἕψεταί
1143 1803 1234 1831 που
1267 1780 1456 1835 πάντως
1490 1784 1683 1851 ἀπαρχῇ

95 1862 185 1930 ἰδίᾳ
223 1861 277 1913 rb
311 1866 475 1913 λεῖπον
501 1863 633 1930 αὐτῇ,
662 1865 736 1914 καὶ
764 1867 830 1932 τῷ
861 1862 1146 1932 πρωτοτόκῳ
1173 1864 1684 1930 συμπαρομαρτήσειεν

29 1969 76 1994 20
94 1941 165 2005 ἂν,
191 1946 265 1994 καὶ
303 1944 436 2007 μάλα
475 1942 672 2007 εἰκότως,
701 1943 799 1995 οἶόν
829 1967 917 2010 περ
954 1943 1012 1995 ἂν
1045 1949 1198 1995 νοοῖτο
1235 1943 1547 2011 πρωτότοκος.
1607 1950 1683 1998 καὶ

93 2025 382 2092 μαρτυρήσει
432 2026 587 2091 λέγων
634 2025 773 2079 αὐτὸς
820 2026 845 2076 ὁ
890 2026 1145 2079 θεσπέσιος
1195 2030 1392 2080 Παῦλος
1438 2032 1544 2078 “Ei
1589 2028 1682 2095 γὰρ
1704 2049 1907 2089 R0m.vi.5‚

96 2113 122 2136 ‘⁶
148 2107 390 2175 σύμφυτοι
436 2107 697 2174 γεγόναμεν
737 2111 803 2177 τῷ
847 2108 1104 2171 ὁμοιώματι
1145 2114 1228 2159 τοῦ
1270 2107 1473 2160 θανάτου
1518 2110 1677 2171 αὐτοῦ,

97 2196 123 2218 “
148 2188 278 2240 ἀλλὰ
303 2192 377 2241 καὶ
404 2193 485 2253 τῆς
512 2189 820 2242 ἀναστάσεως
847 2188 1096 2252 ἐσόμεθα.”
1145 2191 1312 2240 οὐκοῦν
1339 2194 1376 2240 εὶ
1403 2192 1686 2241 συναινοῦσί

95 2293 212 2325 τινες
249 2274 309 2326 ὡς
336 2271 583 2338 ἐγήγερται
617 2270 703 2334 μὲν
730 2272 754 2321 ὁ
781 2270 1009 2337 Χριστὸς,
1034 2271 1087 2322 οὐ
1122 2272 1397 2337 προσίενται
1436 2271 1485 2323 δὲ
1519 2275 1601 2336 τῆς
1633 2274 1682 2323 ἐκ
1703 2291 1757 2325 72
1781 2290 1840 2324 Μ.

143 2442 176 2478 5.
204 2433 327 2467 Paullo
344 2432 524 2466 abbreviat
544 2431 823 2475 Καταπλὴττεται
842 2433 881 2466 τὸ
899 2432 1028 2476 θράσος
1047 2435 1114 2466 τῶν
1131 2432 1227 2467 ὅλαις
1249 2433 1322 2467 ταῖς
1339 2432 1442 2475 ἱεραῖς
1458 2431 1644 2491 γραφαῖς’
1625 2447 1682 2465 (ιν-

97 2480 312 2514 τιτάττεσθαι
336 2481 550 2523 τολμώντων.
583 2479 612 2513 εἷ
635 2480 701 2524 γὰρ
725 2479 923 2513 ἀπέθανεν”
907 2494 924 2512 0
942 2480 1092 2522 Χριστὸς
1116 2494 1180 2522 ουχ
1202 2477 1254 2512 ι’να
1276 2479 1369 2521 μείνῃ
1396 2479 1511 2523 νεκρὸς
1534 2478 1644 2512 αλλΜ
1631 2494 1683 2512 ινα

99 2526 235 2570 κρείττω
254 2526 338 2570 (Sic)
328 2526 400 2568 )αθ
392 2527 504 2559 ινάτου
523 2526 576 2559 καὶ
598 2526 733 2570 φθορᾶς
757 2526 915 2570 εὑρεθεις,
934 2526 997 2559 ὡδε
1025 2526 1103 2570 (pro
1121 2524 1213 2568 ὁδὸς)
1235 2525 1374 2582 γένηται
1399 2527 1467 2560 τοῖς
1493 2525 1682 2568 ἀνθρώποις

99 2572 144 2607 εἷς
154 2573 192 2606 τὸ
209 2573 481 2616 παλινδρομῆσαι
498 2573 583 2617 πρὸς
602 2573 686 2616 ζωὴν
700 2573 752 2606 καὶ
770 2572 948 2606 καταθλεῖν
965 2574 1023 2615 τῆς
1040 2572 1184 2627 φθορᾶς,
1203 2575 1272 2606 πῶς
1275 2572 1512 2629 ἐγηγερμενου
1530 2574 1682 2615 Χριστοῦ

98 2621 158 2652 τοῦ
174 2617 214 2652 δι’
234 2618 317 2662 ἡμᾶς
333 2619 558 2653 ἀποθανόντος
577 2619 694 2663 καίπερ
711 2618 814 2654 ὅντως
832 2619 911 2662 (sic)
930 2618 1037 2662 φύσει
1055 2619 1171 2658 θεοῦ,’
1164 2617 1214 2652 ι’να
1233 2632 1285 2651 και
1303 2617 1396 2661 ἡμεῖς
1413 2618 1478 2652 σὺν
1493 2619 1582 2663 αὐτῷ
1601 2620 1681 2660 ζωο-

100 2664 334 2709 ποιηθῶμεν,’
316 2665 550 2709 αποστεροῦσί
571 2680 658 2701 τινες
679 2666 716 2699 τὸ
737 2665 946 2709 ἀνθρώπινον
964 2665 1058 2709 γένος
1075 2669 1141 2699 τῶν
1166 2665 1203 2708 ἐξ
1227 2665 1446 2699 ἀναστάσεως
1470 2653 1605 2709 ἀγαθῶν
1630 2666 1683 2698 καὶ

100 2712 138 2745 τὸ
154 2711 258 2755 πέρας
275 2713 332 2755 τῆς
350 2712 515 2756 ἐνσάρκου
533 2711 722 2755 οἶκονομιας
740 2713 1041 2756 συκοφαντοῦσιν,
1071 2711 1119 2745 Η.
1357 2712 1390 2744 8.
1415 2710 1496 2754 μένῃ
1515 2711 1619 2744 habet
1639 2712 1681 2744 A.

105 2757 158 2791 16.
185 2758 259 2792 Ine.
277 2759 322 2791 Τὸ
341 2759 399 2801 τῆς
416 2758 498 2801 μετὰ
517 2759 643 2801 σαρκὸς
663 2758 852 2802 οἰκονομίας
873 2758 1054 2792 ἀθετουσιν
1074 2757 1171 2793 τέλος
1196 2758 1227 2791 οἱ
1251 2757 1410 2801 λέγοντες
1434 2773 1478 2801 μη
1503 2757 1682 2801 ἐγηγέρθαι

103 2805 262 2847 Χριστόν.
286 2804 315 2837 εἷ
333 2804 402 2837 δὲ’
387 2819 404 2837 ο
422 2805 571 2848 Χριστὸς
592 2819 731 2849 γεγονεν
748 2804 886 2861 ἀπαρχὴ
912 2808 978 2838 τῶν
1001 2803 1242 2847 κεκοιμημένων
1261 2818 1313 2837 και
1336 2806 1548 2847 πρωτότοκος
1566 2803 1600 2835 ἐκ
1618 2805 1684 2835 τῶν

104 2853 224 2893 νεκρῶν
239 2851 369 2885 πάντως
385 2850 610 2893 ἀκολουθησει
627 2853 667 2894 τῇ
685 2851 819 2895 ἀπαρχῇ
833 2852 871 2884 τὸ
888 2851 1009 2884 λοιπὸν
1023 2851 1132 2895 καὶτῷ
1152 2852 1354 2895 πρωτοτόκῳ
1369 2851 1485 2884 ἐκεῖνοι
1500 2850 1543 2882 ὼν
1561 2850 1683 2882 νοεῖται

103 2898 313 2939 πρωτότοκος
331 2895 424 2930 εἶναι.
453 2897 482 2929 εἷ
498 2896 556 2931 οὐν
573 2898 772 2931 συναινοῦσί
789 2912 876 2932 τινες
893 2897 943 2930 ὅτι
957 2896 1116 2941 ἠγερθη’
1101 2912 1118 2930 ο
1137 2898 1213 2939 (24)
1235 2897 1282 2930 H.
1441 2906 1495 2937 24.
1522 2893 1682 2939 προσίεν-

106 2941 174 2986 ται]
195 2943 431 2989 καταδεχονται
452 2942 499 2977 Η.
571 2944 608 2977 τὸ
628 2950 706 2977 ante
724 2944 781 2987 τῆς
799 2945 996 2987 transponit
1017 2944 1063 2978 H
1136 2946 1201 2978 τῶν
1220 2955 1281 2987 pro
1300 2943 1334 2976 ἐκ
1356 2941 1402 2977 H.

838 3009 958 3050 Q‘lz
