2017 3252
291 127 374 165 458
493 126 539 165 B.
576 123 821 164 CYRILLI
859 120 1202 162 ALEXANDR.
1242 118 1670 159 FRAGMENTUM

291 235 363 301 ἐφ’
404 233 525 297 ἡμᾶς
567 231 775 298 κατάραν
813 230 1053 296 ἄπρακτον
1092 228 1354 296 ἀποφήνας,
1394 228 1497 278 οὔτε
1535 225 1628 290 μὴν
1666 225 1870 291 ἁμαρτία

292 315 411 366 κατὰ
438 314 492 365 τὸ
518 312 691 378 ἀληθὲς
717 313 742 362 ὁ
769 311 852 365 τὰς
881 312 1108 377 ἁμαρτίας
1137 309 1219 363 τὰς
1245 309 1465 374 ἡμετέρας
1493 309 1768 375 ἀπαλείψας
1795 310 1870 358 καὶ

293 402 387 448 τῶν
426 397 632 463 ἀρχαίων
670 395 957 456 αἱτιαμοῖτων
1002 390 1211 444 ἁπάντας
1252 393 1523 455 ἐλευθερῶν.
1575 391 1622 440 τί
1657 390 1737 439 οὖν
1781 389 1872 454 ἄρα

295 478 638 545 φορτικώτερον
681 476 735 527 τὸ
781 474 1069 542 χρηματίσαι
1114 472 1320 538 κατάραν
1365 474 1439 523 καὶ
1483 472 1713 537 ἁμαρτίαν
1751 469 1779 534 ὴ
1818 469 1872 520 τὸ

295 561 401 620 μεθ’
442 560 574 623 ἡμῶν
612 559 687 608 καὶ
726 555 816 608 ὑπὸ
856 555 998 620 νόμον
1036 555 1258 621 γενέσθαι
1297 553 1415 604 κατὰ
1453 552 1507 604 τὸ
1547 552 1870 619 ἀνθρώπινον;
1893 571 1915 609 5

295 646 537 693 οἰκειοῦται
563 640 718 691 τοίνυν
738 637 926 689 ἅπαντα
942 637 1001 687 τὰ
1020 641 1077 704 τῇ
1104 635 1430 702 ἀνθρωπότητι
1455 634 1696 700 πρέποντα
1722 632 1797 683 διά
1820 656 1873 698 γε

295 723 348 774 τὸ
387 722 490 786 μεθ’
523 723 654 786 ἡμῶν
693 720 912 786 γενέσθαι
951 718 1069 770 κατὰ
1109 718 1281 784 σάρκα.
1337 718 1450 768 πότε
1491 717 1646 767 τοίνυν
1683 715 1875 781 γε’γονεν

297 804 386 857 ὑπὸ
427 803 584 868 νόμον,
615 805 639 854 ὁ
674 801 899 868 μακάριος
929 805 1113 854 Λουκᾶς
1153 802 1176 850 ὁ
1209 797 1553 864 εὐαγγελιστὴς
1590 795 1875 866 ἐξηγήσεται

73 894 245 968 {2¹0st
298 889 451 953 λέγων
490 893 517 915 “
536 885 655 936 “Ore
682 883 1002 947 ἐπλήσθησαν
1029 887 1075 933 αἱ
1099 882 1264 947 ἡμέραι
1290 887 1372 932 τοῦ
1400 884 1697 945 καθαρισμοῦ
1723 879 1877 928 αὐτῶν

76 962 89 968 ⁸
161 950 187 976 ⁴¹
297 976 324 998 “
351 968 470 1019 κατὰ
496 967 578 1019 τὸν
610 965 752 1030 νόμον
782 965 1014 1027 Μωσέως,
1042 963 1284 1029 ἀνήγαγον
1309 961 1451 1013 αὐτὸν
1477 965 1538 1015 εἷς
1564 960 1876 1027 Ἱεροσόλυμα
1900 983 1948 1008 10

297 1059 323 1081 ‘⁴
348 1052 658 1116 παραστῆσαι
684 1052 749 1115 τῷ
788 1047 961 1116 Κυρίῳ,
993 1045 1146 1098 καθὼς
1177 1048 1438 1111 γέγραπται
1470 1046 1518 1094 ἐν
1546 1042 1672 1112 νόμῳ
1701 1041 1877 1108 Κυρίου

297 1140 323 1161 “
351 1132 420 1183 ὅτι
450 1136 545 1183 πᾶν
573 1131 720 1195 ἄρσεν
755 1131 989 1192 διανοῖγον
1021 1127 1204 1192 μήτραν
1231 1125 1366 1192 ἅγιον
1398 1130 1464 1195 τῷ
1501 1126 1659 1193 Κυρίῳ
1695 1122 1875 1189 κληθή-

296 1221 324 1244 “
349 1237 495 1275 σεται,
523 1214 598 1263 καὶ
622 1210 676 1261 τὸ
713 1213 871 1260 δοῦναι
898 1209 1070 1259 θυσίαν
1097 1207 1214 1258 κατὰ
1240 1208 1294 1258 τὸ
1321 1207 1559 1273 εἰρημένον
1584 1208 1632 1257 ἐν
1658 1210 1724 1275 τῷ
1751 1205 1878 1274 νόμῳ

298 1303 324 1326 “
353 1297 543 1361 Κυρίου,
591 1292 749 1358 ζεῦγος
793 1289 1033 1356 τρυγόνων
1075 1288 1102 1354 ἢ
1149 1289 1231 1340 δύο
1278 1288 1507 1341 νεοσσοὺς
1547 1288 1876 1354 περιστερῶν.”

297 1376 475 1429 ἀκούεις
508 1375 632 1427 ὅπως
664 1377 726 1426 εἷς
753 1372 869 1440 ὄψιν
894 1369 1058 1437 ἄγεται
1083 1376 1165 1421 τοῦ
1197 1370 1385 1436 Πατρὸς
1412 1373 1474 1423 ὡς
1500 1370 1743 1436 ἄνθρωπος
1770 1369 1876 1419 καθ’
1904 1391 1949 1429 15

297 1459 418 1522 ἡμᾶς
445 1459 470 1508 ὃ
496 1455 719 1521 σύνεδρος
754 1455 878 1522 αὐτῷ
907 1451 1027 1505 Θεὸς
1056 1451 1214 1517 Λόγος
1250 1454 1274 1503 ὁ
1312 1453 1388 1502 καὶ
1419 1450 1494 1502 διὰ
1518 1454 1600 1515 τῆς
1626 1456 1708 1502 τοῦ
1737 1449 1881 1513 νόμου

296 1545 432 1593 σκιᾶς
471 1541 519 1589 ἐν
557 1542 652 1591 τοῖς
684 1535 999 1602 πρωτοτόκοις
1025 1533 1360 1601 γραφόμενος;
1405 1532 1516 1599 ἅγια
1549 1532 1641 1598 γὰρ
1668 1533 1743 1582 καὶ
1782 1531 1881 1597 ἱερὰ

296 1626 361 1690 τῷ
389 1623 497 1689 Θεῷ
533 1618 693 1670 καὶτὰ
723 1616 816 1683 πρὸ
856 1620 937 1680 τῆς
977 1615 1373 1682 ἐνανθρωπήσεως
1411 1614 1701 1681 πρωτότοκα.
1747 1614 1882 1666 ἔθυον

297 1705 377 1753 οὖν
416 1702 530 1768 ὑπὲρ
568 1702 709 1751 αὐτοῦ
754 1697 873 1749 κατὰ
922 1696 1003 1749 τὸν
1049 1696 1208 1761 νόμον·
1263 1697 1543 1747 συνετέλεσε
1583 1696 1631 1747 δὲ
1670 1698 1745 1747 καὶ
1786 1701 1881 1749 τοῖς

297 1788 660 1848 δασμολογοῦσι
691 1780 744 1832 τὸ
782 1782 1041 1847 δίδραχμον
1073 1780 1223 1829 καίτοι
1262 1777 1545 1829 συντελέσαι
1585 1778 1649 1841 μὴ
1676 1778 1881 1845 ὀφείλων
1903 1802 1952 1827 20

297 1865 436 1918 αὐτὸς
475 1864 550 1914 διά
581 1886 652 1914 τοι
688 1861 741 1914 τὸ
774 1859 888 1912 εἶναι
927 1859 1046 1911 κατὰ
1085 1859 1311 1924 ἀλήθειαν
1342 1858 1471 1912 Υἱός.
1521 1862 1596 1910 καὶ
1636 1865 1752 1925 γοῦν
1790 1860 1882 1927 ἔφη

74 1956 244 2030 {gffaffh‘
297 1946 416 2013 πρὸς
442 1945 525 1997 τὸν
550 1944 778 2010 μακάριον
808 1943 993 2008 Πέτρον
1019 1949 1045 1972 “
1068 1945 1131 1992 Οἱ
1157 1946 1376 2003 βασιλεῖς
1401 1943 1483 2004 τῆς
1510 1943 1596 2005 γῆς
1624 1940 1717 1992 ἀπὸ
1744 1940 1883 1991 τίνων

147 2008 222 2039 '¹⁵'
300 2037 326 2058 ‘⁶
353 2027 660 2091 λαμβάνουσι
692 2026 804 2089 τέλη
831 2024 859 2089 ὴ
888 2027 1098 2088 κῆνσον;
1139 2021 1233 2074 ἀπὸ
1271 2027 1365 2073 τῶν
1406 2026 1516 2073 υἱῶν
1554 2023 1706 2072 αὐτῶν
1731 2021 1760 2087 ἢ
1788 2021 1882 2073 ἀπὸ

301 2117 327 2139 “
355 2115 449 2161 τῶν
488 2108 755 2173 ἀλλοτρίων
779 2107 825 2165 ;”
880 2106 1090 2159 εἴποντος
1129 2104 1177 2156 δὲ
1217 2104 1401 2170 Πέτρου
1445 2106 1519 2155 καὶ
1562 2103 1696 2167 μάλα
1734 2105 1884 2169 ὀρθῶς

76 2195 128 2268 ἐξ·
145 2195 194 2227 ²5·
301 2199 328 2221 ‘⁶
353 2189 478 2242 Ἀπὸ
507 2194 601 2241 τῶν
628 2188 928 2255 ἀλλοτρίων”
970 2187 1062 2253 ἔφη
1096 2186 1244 2238 πάλιν
1270 2185 1408 2254 αὐτός
1448 2192 1474 2215 “
1493 2183 1624 2252 ’Άρα
1649 2184 1888 2250 ἐλεύθεροί
1905 2206 1953 2245 25

302 2279 328 2302 ‘⁶
355 2276 474 2323 εἰσιν
500 2275 541 2322 οἱ
569 2270 695 2322 υἱοί.”

347 2419 380 2448 4.
407 2407 466 2439 τοῦ
486 2417 548 2450 pro
565 2405 603 2438 τὸ
621 2403 717 2448 prius
738 2401 817 2448 (sic)
836 2402 871 2437 b.
956 2412 1008 2447 15.
1036 2402 1170 2436 Iterum
1187 2401 1311 2446 partim
1330 2400 1469 2434 exhibet
1487 2405 1520 2434 et
1538 2398 1882 2434 NiketasSerrensis

301 2453 336 2485 in
357 2452 451 2485 Maio
470 2453 504 2485 in
525 2452 560 2485 S.
582 2451 711 2484 Lucam
731 2462 763 2494 p.
783 2460 858 2493 132,
877 2449 933 2483 cui
951 2449 1138 2493 praemittit
1163 2448 1326 2492 κυρίλλου
1349 2447 1463 2490 ὁμιλία
1489 2448 1529 2489 κζ
1544 2447 1581 2488 (i.
1598 2458 1627 2480 e.
1649 2446 1804 2480 Homilia
1824 2446 1882 2491 27)

303 2498 391 2532 Cod.
411 2498 536 2531 Vienn.
554 2497 676 2530 Theol.
697 2496 831 2529 Nessel.
853 2504 907 2540 71.
928 2495 1103 2528 Lambecii
1126 2506 1169 2537 42
1189 2500 1321 2538 partem
1347 2493 1497 2538 priorem
1524 2493 1673 2526 Niketae
1698 2493 1881 2526 continens

302 2544 449 2578 membr.
477 2555 545 2577 sec.
571 2543 617 2576 xi.
685 2541 812 2586 Incipit
836 2541 1072 2585 fragmentum
1098 2541 1134 2574 in
1161 2540 1244 2574 Nik.
1265 2540 1356 2573 Serr.
1377 2540 1472 2573 Μετὰ
1497 2540 1535 2572 τὸ
1561 2539 1801 2582 περιτμηθῆναι
1826 2539 1884 2572 τὸν

301 2594 361 2625 τοῦ
379 2590 589 2634 καθαρισμοῦ
605 2590 708 2622 πάλιν
724 2587 875 2630 ἀναμένει
893 2588 1007 2629 καιρὸν
1025 2588 1077 2620 καὶ
1101 2587 1156 2619 ὅτε
1182 2585 1407 2629 ἐπλήσθησαν
1434 2585 1496 2630 [ita
1526 2585 1604 2619 cod.
1624 2585 1750 2618 Vienn.
1778 2585 1884 2628 ἐπλη-

301 2637 461 2681 ρώθησαν
483 2634 584 2680 Mai]
604 2636 636 2667 αἱ
654 2634 783 2678 ἡμέραι·
817 2632 995 2676 πλήρωσις
1013 2633 1049 2666 δέ
1075 2633 1205 2677 ἡμερῶν
1228 2632 1245 2674 ἡ
1265 2631 1526 2676 τεσσαρακοστὴ
1544 2630 1593 2674 ἦν·
1629 2633 1704 2665 τότε
1727 2632 1884 2676 ἀνάγεται

302 2684 348 2718 εἷς
364 2683 587 2726 Ἰεροσόλυμα
605 2681 658 2714 καὶ
675 2680 722 2715 εἷς
738 2679 834 2723 ὄψιν.
1036 2688 1087 2721 15.
1115 2678 1221 2723 ὅπως]
1241 2678 1291 2711 ὅτι
1310 2678 1343 2711 b.
1549 2677 1601 2711 16.
1629 2677 1807 2722 σύνεδρος]
1831 2677 1884 2711 Ita

302 2735 336 2763 et
353 2729 430 2763 cod.
450 2729 578 2762 Vienn.
598 2727 822 2769 συνεδριάζων
841 2725 926 2758 Mai.
1166 2726 1218 2758 18.
1244 2726 1442 2768 πρωτότοκα
1465 2724 1563 2758 ἔθυον
1580 2724 1663 2767 ὑπὲρ
1682 2725 1784 2758 αὐτοῦ
1801 2724 1884 2757 κατὰ

302 2777 361 2810 τὸν
378 2777 480 2818 νόμον
497 2774 569 2808 des.
587 2773 664 2807 cod.
685 2773 812 2806 Vienn.
831 2772 1029 2815 πρωτότοκα
1054 2771 1139 2814 ἅπερ
1163 2771 1261 2805 ἔθυον
1285 2771 1373 2816 αὐτῷ
1400 2771 1482 2804 κατὰ
1509 2773 1610 2813 νόμον
1629 2770 1714 2804 Mai.
1787 2769 1884 2804 εὐθὺς

302 2834 366 2866 pro
383 2822 481 2855 ἔθυον
499 2821 578 2865 (sic)
597 2820 630 2854 b.
823 2828 875 2862 19.
901 2818 936 2851 δέ
955 2829 1024 2850 om.
1044 2817 1078 2850 b.
1135 2818 1239 2850 πάλιν
1256 2816 1459 2851 συνετέλεσε
1479 2819 1549 2852 τοῖς
1567 2817 1827 2861 δασμολογοῦσι
1845 2815 1884 2849 τὸ

303 2869 490 2913 δίδραχμον
514 2867 618 2900 καίτοι
637 2863 841 2899 συντελέσαι
858 2864 902 2908 μὴ
928 2863 1080 2908 ὀφείλων
1097 2863 1150 2897 διά
1167 2878 1206 2908 γε
1226 2865 1263 2897 τὸ
1281 2862 1363 2897 εἶναι
1382 2864 1463 2898 κατὰ
1480 2862 1641 2906 ἀλήθειαν
1657 2863 1728 2898 υἱός
1745 2862 1884 2896 exhibet

303 2920 336 2948 et
356 2915 472 2949 Maius
490 2926 524 2959 p.
543 2923 607 2957 134
625 2924 666 2946 ex
685 2911 840 2945 catemis.
961 2921 1016 2944 20.
1043 2910 1228 2955 δίδραγμον
1245 2909 1278 2943 b.
1400 2921 1456 2945 22.
1481 2910 1580 2944 τίνων
1595 2909 1701 2943 habet
1720 2908 1835 2943 Chon.
