2017 3252
267 245 293 283 d

96 1399 183 1433 392
203 1397 254 1431 Α.
280 1407 301 1429 a

144 1688 204 1727 382
223 1687 264 1717 A.
285 1697 302 1716 e

101 2097 186 2132 383
207 2097 258 2132 A.
285 2108 304 2131 a

312 134 398 172 588
755 134 803 173 Β.
837 128 1082 173 CYRILLI
1114 130 1459 173 ALEXANDR.

386 239 548 290 Ἀλλὰ
596 241 711 305 μηδὲ
752 240 896 292 ἐκεῖνό
946 263 1066 294 τινες
1118 240 1527 307 φανταζέσθωσαν
1572 243 1737 302 κακῶς,
1779 238 1895 303 μήτε

311 318 405 384 μὴν
446 322 808 384 ὑπονοείτωσαν,
845 322 916 372 ὅτι
954 321 1009 372 τὸ
1047 321 1218 372 ἑνωθὲν
1256 323 1321 390 τῷ
1349 320 1493 390 Λόγῳ
1532 325 1675 382 σῶμα
1715 324 1773 388 τῇ
1812 323 1896 384 τῆς

313 403 449 467 ἁγίας
474 402 678 469 Τριάδος
703 402 1019 469 συγκέκραται
1047 402 1207 470 φύσει.
1255 401 1499 469 ἀμήχανον
1522 402 1616 468 γὰρ
1640 401 1725 465 τὴν
1751 402 1896 469 ἀπόῤ-

312 486 455 549 ῥητον
487 484 661 548 ἐκείνην
693 486 769 534 καὶ
805 485 1021 550 ὑπερφυᾶ
1052 485 1127 533 καὶ
1158 483 1335 536 παντὸς
1369 485 1576 534 ἐπέκεινα
1607 485 1682 533 καὶ
1714 487 1795 534 νοῦ
1822 484 1897 533 καὶ

313 564 462 630 λόγου
500 566 751 628 νοουμένην
780 566 962 626 οὐσίαν,
989 564 1270 631 προσθήκην
1304 564 1408 614 τινὰ
1446 566 1521 614 καὶ
1560 564 1775 627 μάλιστα
1812 564 1897 627 τὴν
1918 583 1939 621 5

313 646 487 714 ἔξωθεν
528 648 604 697 καὶ
648 643 807 712 ἑτέρας
849 645 1041 714 φύσεως
1083 645 1313 696 δύνασθαι
1350 649 1530 705 λαβεῖν,
1583 645 1686 695 ε”στι
1722 643 1814 710 γὰρ
1852 647 1899 695 ἐν

313 732 409 781 τοῖς
436 729 544 779 καθ’
572 726 740 791 ἑαυτὴν
765 727 1033 789 παντελεία,
1060 729 1135 777 καὶ
1156 728 1259 777 οὕτε
1286 727 1480 789 μείωσιν
1500 725 1760 794 ἐπιδέχεταί
1782 749 1898 788 τινα,

315 808 391 859 διὰ
430 807 484 860 τὸ
517 809 757 875 ἀτρέπτως
795 810 870 859 καὶ
908 807 1242 861 ἀναλλοιώτως
1282 807 1402 874 ἔχειν
1437 809 1519 870 ἀεὶ,
1558 809 1662 858 οὕτε
1701 806 1794 870 μὴν
1837 810 1900 861 ὡς

316 888 437 957 ε”φην
487 890 764 956 προσθήκης
809 888 868 940 ἂν
920 888 1067 940 δέοιτό
1112 911 1251 942 τινος.
1313 894 1706 954 περιττολογοῦσι
1744 888 1900 940 τοίνυν

317 974 358 1021 οἱ
384 972 433 1021 ἐκ
458 974 647 1034 πολλῆς
673 972 874 1034 ἀμαθίας
899 970 1017 1020 κατὰ
1038 970 1309 1035 σύγκρασιν
1331 971 1477 1035 ἤγουν
1503 970 1827 1020 συνουσίωσιν
1852 971 1900 1020 ἐν
1925 986 1971 1011 10

315 1056 374 1120 τῇ
412 1053 555 1119 φύσει
588 1055 671 1115 τῆς
708 1053 845 1116 ἁγίας
882 1050 1087 1116 Τριάδος
1129 1054 1345 1118 χωρῆσαι
1387 1050 1441 1102 τὸ
1485 1055 1627 1116 σῶμα
1670 1050 1900 1116 λέγοντες.

317 1133 583 1195 διακείμεθα
618 1133 712 1199 γὰρ
749 1134 836 1200 οὐχ
878 1134 1024 1186 οὕτως
1065 1133 1208 1196 ἡμεῖς,
1252 1134 1362 1183 ἀλλ’
1409 1131 1553 1198 ὀρθὴν
1598 1132 1764 1199 ε”χομεν
1797 1134 1902 1198 περὶ

316 1220 400 1265 τοῦ
441 1213 632 1265 πάντων
670 1214 802 1277 ἡμῶν
837 1217 1058 1279 Σωτῆρος
1093 1218 1310 1280 Χριστοῦ
1342 1212 1428 1277 τὴν
1459 1213 1620 1282 δόξαν.
1673 1215 1904 1278 ἐνανθρω-

317 1298 470 1358 πῆσαι
498 1295 592 1361 γάρ
619 1300 776 1363 φαμεν
803 1294 947 1346 αὐτὸν·
971 1295 1053 1345 τὸν
1080 1299 1332 1361 Μονογενῆ
1358 1301 1441 1346 τοῦ
1467 1299 1592 1346 Θεοῦ
1620 1294 1795 1360 Λόγον,
1821 1296 1903 1346 οὐκ

320 1380 382 1430 εἷς
425 1376 585 1443 σάρκα
634 1376 720 1441 τὴν
767 1378 885 1427 ἰδίαν
931 1377 1318 1441 μεταποιήσαντα
1361 1378 1522 1443 φύσιν,
1569 1378 1679 1427 ἀλλ’
1728 1378 1778 1427 ἐκ
1821 1379 1903 1440 τῆς
1927 1393 1971 1430 15

321 1460 459 1524 ἁγίας
497 1459 732 1525 παρθένου
767 1457 983 1518 λαβόντα
1018 1456 1176 1522 αὐτὴν,
1206 1457 1380 1526 ἥξοντα
1414 1481 1464 1509 τε
1498 1457 1590 1509 σὺν
1616 1459 1747 1526 αὐτῇ,
1774 1457 1904 1522 πλὴν

322 1543 369 1591 ἐν
395 1544 453 1608 τῇ
481 1539 599 1609 δόξῃ
626 1547 708 1591 τοῦ
738 1540 928 1607 Πατρὸς
956 1539 1073 1604 μετὰ
1098 1544 1191 1590 τῶν
1217 1541 1363 1605 ἁγίων
1390 1539 1623 1606 ἀγγέλων.

624 1747 714 1783 Πῶς
736 1743 810 1795 χρὴ
832 1745 1007 1783 νοεῖσθαι
1029 1744 1071 1782 τό
1091 1740 1140 1783 ‘O
1162 1743 1290 1795 Λόγος
1313 1742 1415 1794 σὰρξ
1433 1742 1604 1795 ἐγένετο.

939 1881 1289 1923 ΕΠΙΛΎΣΙΣ.

399 1992 594 2056 Ἐπειδὴ
641 1990 702 2054 δὲ,
748 1994 811 2045 ὡς
858 1992 1101 2054 μανθοίνω,
1148 1993 1526 2057 προσποιοῦνταί
1569 2015 1686 2046 τινες
1732 1994 1906 2058 ἐρωτᾶν
1927 2015 1976 2039 20

325 2074 380 2125 τό
406 2075 473 2126 Τί
496 2073 554 2124 ἂν
580 2074 647 2137 εἴη
675 2072 703 2138 ὴ
731 2072 853 2124 κατὰ
881 2074 984 2123 τίνα
1013 2077 1179 2123 νοεῖται
1210 2072 1386 2138 τρόπον
1419 2072 1473 2124 τό
1498 2074 1561 2124 Ὁ
1596 2072 1742 2139 λόγος
1776 2072 1910 2143 σὰρξ

376 2231 406 2254 Ι.
443 2220 548 2254 ἐκεῖνό
573 2233 660 2254 τινες
685 2224 718 2252 et
743 2217 1037 2263 φανταζέσθωσιιν
1062 2221 1168 2253 κακῶς
1193 2217 1258 2251 hoc
1287 2217 1410 2251 ordine
1435 2218 1479 2253 A.
1505 2217 1655 2263 Niceph.
1737 2216 1904 2263 φανταζέ-

325 2281 441 2300 τωσαν
459 2266 525 2300 Ed.
544 2266 653 2299 invito
674 2265 719 2298 D.
1007 2275 1037 2298 2.
1063 2267 1109 2310 τῷ
1128 2266 1226 2310 Λόγῳ
1244 2267 1343 2308 σῶμα
1361 2267 1394 2297 et
1411 2264 1623 2309 τῆς-φύσει
1641 2265 1706 2298 hoc
1725 2265 1846 2298 ordine
1861 2267 1904 2300 A.

327 2312 477 2357 Niceph.
496 2311 602 2357 φύσει
622 2315 702 2345 ante
720 2313 776 2355 τῆς
794 2311 992 2355 transponit
1011 2310 1076 2344 Ed.
1359 2322 1392 2355 3.
1418 2313 1478 2353 τὴν
1491 2310 1680 2356 ἀπόῤῥητον
1696 2311 1822 2355 ἐκείνην
1838 2311 1905 2345 hoc

325 2359 447 2393 ordine
466 2359 508 2392 A.
528 2358 676 2402 Niceph.
903 2366 935 2401 5.
961 2357 1020 2399 τὴν
1038 2357 1130 2391 Α.Ι).
1150 2357 1300 2401 Niceph.
1320 2358 1377 2400 τῆς
1396 2357 1461 2391 Ed.
1669 2366 1700 2401 7.
1726 2359 1845 2401 ἑαυτὴν
1861 2358 1906 2392 A.

327 2404 476 2448 Niceph.
511 2405 628 2438 ἑαυτὸν
663 2404 708 2438 D.
740 2403 806 2438 Ed.
904 2403 1045 2444 μείωσιν
1073 2403 1264 2448 ἐπιδέχεταί
1299 2403 1505 2448 [ἐπιδέξεταί
1538 2400 1706 2448 Niceph.]
1737 2418 1810 2437 τινα
1840 2404 1906 2438 hoc

328 2450 449 2484 ordine
468 2450 510 2484 A.
530 2450 677 2494 Niceph.
695 2464 767 2484 τινα
785 2455 864 2483 ante
881 2450 1021 2492 μείωσιν
1039 2450 1235 2493 transponit
1253 2449 1318 2483 Ed.
1539 2460 1592 2483 10.
1618 2451 1649 2483 οἱ
1667 2462 1736 2483 om.
1757 2450 1906 2495 Niceph.

329 2496 512 2540 σύγκρισιν
539 2496 620 2538 (sic)
648 2497 691 2530 A.
780 2496 1012 2529 συνουσίωσιν
1040 2496 1136 2529 A.D.
1166 2495 1314 2539 Niceph.
1345 2495 1532 2529 συνουσίαν
1563 2495 1627 2529 Ed.
1691 2496 1816 2530 Statim
1842 2500 1909 2530 τῶν

329 2542 410 2576 add.
432 2542 497 2575 Ed.
515 2542 795 2585 repugnantibus
815 2542 908 2575 A.D.
929 2541 1076 2585 Niceph.
1334 2552 1384 2585 13.
1411 2541 1825 2587 ἐνανθρωπῆσαι-Λόγον
1841 2543 1908 2576 hoc

330 2588 452 2622 ordine
470 2588 513 2621 A.
532 2588 786 2631 ε’νανθρωπῆσαι
806 2589 871 2631 γὰρ
890 2588 991 2621 αὐτόν
1008 2589 1121 2631 φαμεν
1138 2589 1195 2621 τὸν
1214 2592 1260 2620 Μ.
1286 2589 1345 2620 τοῦ
1371 2590 1459 2620 Θεοῦ
1486 2590 1596 2632 Λόγον
1622 2588 1770 2632 Niceph.
1796 2589 1910 2633 φαμὲν

328 2636 395 2679 γὰρ
421 2634 521 2668 αὐτὸν
549 2634 607 2667 τὸν
632 2635 795 2677 μονογενῆ
823 2635 928 2677 λόγον
954 2634 1210 2677 ἐνανθρωπῆσαι
1236 2635 1296 2666 τοῦ
1324 2636 1412 2667 Θεοῦ
1443 2633 1518 2678 [τὸν
1545 2636 1631 2667 Θεὸν
1656 2634 1741 2680 Ed.]
1771 2635 1816 2669 Ι).
1842 2635 1909 2669 Ed.

333 2691 386 2725 15.
412 2679 684 2723 μεταποιήσαντα
702 2679 811 2723 φύσιν
828 2680 893 2712 hoc
911 2679 1032 2712 ordine
1050 2682 1093 2713 A.
1113 2679 1262 2723 Niceph.
1424 2680 1474 2713 16.
1501 2681 1591 2723 πλὴν
1608 2681 1741 2715 A.r.D.
1760 2681 1908 2725 Niceph.

328 2728 432 2761 πάλιν
451 2726 517 2760 Ed.
774 2736 825 2770 17.
852 2724 1155 2770 μετὰ-ἀγγέλων]
1175 2726 1258 2768 μετὰ
1276 2727 1334 2768 τῆς
1351 2729 1416 2759 τῶν
1433 2726 1536 2770 ἁγίων
1552 2726 1707 2771 ἀγγέλων
1724 2728 1826 2771 δόξης
1844 2728 1909 2771 (Sic

330 2774 430 2816 δόξης
448 2773 621 2816 repetens)
643 2779 677 2806 Γ.
943 2772 995 2805 18.
1022 2772 1088 2815 χρὴ
1108 2772 1258 2805 νοεῖσθαι
1275 2773 1314 2805 τό
1335 2773 1375 2805 Λ.
1395 2772 1532 2806 favente
1550 2781 1583 2807 et
1601 2779 1636 2808 Γ.
1654 2774 1790 2817 νοητέον
1806 2774 1844 2808 τὸ
1863 2774 1909 2808 D.

330 2820 465 2862 νοητέον
484 2819 548 2853 Ed.
685 2825 706 2851 Z
734 2818 873 2862 reposui
892 2830 932 2851 ex
951 2819 1109 2862 analogia
1127 2823 1161 2852 Γ.
1191 2829 1211 2849 s·
1230 2817 1370 2851 exhibet
1388 2821 1417 2851 A
1438 2831 1508 2861 mg.
1655 2831 1707 2864 19.
1735 2820 1788 2854 Ita
1816 2820 1845 2853 A
1872 2820 1909 2853 in

331 2866 498 2909 margine.
522 2872 554 2898 Γ.
575 2867 698 2909 κεφιιλ,
719 2880 757 2898 ιε.
778 2864 841 2898 ΕᾶΑ
1176 2875 1232 2898 20.
1258 2867 1524 2907 προσποιοῦνταί
1541 2880 1624 2900 τινες
1642 2866 1708 2900 hoc
1726 2866 1846 2900 ordine
1864 2866 1907 2901 A.

333 2923 385 2947 21.
413 2914 535 2946 νοεῖται
555 2914 680 2955 τρόπον
698 2912 762 2946 hoc
784 2910 904 2945 ordine
923 2912 965 2945 A.
