2027 3257
110 199 274 242 [60M.]

88 354 103 374 ‘2
121 345 230 374 Conv.
245 350 292 383 17.

89 431 159 463 Col.
179 431 223 461 iii.
244 440 292 461 11.

89 673 144 703 Es.
161 672 249 702 xxiv.
267 681 295 701 2.

165 1741 230 1761 VBP.
251 1739 265 1760 2
273 1739 299 1760 2.

96 1819 151 1849 ΡΞ.
168 1818 277 1849 cxviii.

98 1872 149 1903 91.

175 1984 225 2017 61
242 1982 303 2017 M.

168 2158 234 2179 ver.
255 2157 269 2178 2
275 2155 304 2187 3.

307 136 393 177 274
528 136 579 176 B.
612 135 861 176 CYRILLI
899 135 1248 175 ALEXANDR.
1288 135 1661 175 FRAGMENTA
1734 134 1804 174 vii.
1827 146 1890 175 21.

310 256 494 302 σασθαι
540 252 594 302 τὸ
641 251 798 314 κακὸν,
843 257 1303 318 μεταστοιχειοῦντος
1355 251 1541 303 ἅπαντα
1582 250 1700 315 πρὸς
1745 249 1800 300 τὸ
1847 251 1895 299 ἐν

311 335 474 400 ἀρχαῖς
504 339 586 384 τοῦ
614 338 848 399 Χριστοῦ·
904 332 1037 396 καινὴ
1070 333 1163 398 γὰρ
1190 333 1344 387 κτίσις
1369 332 1429 383 τὰ
1452 335 1500 383 ἐν
1528 333 1653 401 αὐτῷ
1691 332 1765 381 καὶ
1791 332 1895 381 οὔτε

311 419 479 468 δοῦλος
526 416 629 465 οὕτε
682 422 709 443 “
734 413 975 480 ἐλεύθερος
1017 414 1148 464 ἀλλὰ
1197 414 1256 465 τὰ
1296 414 1452 465 πάντα
1495 416 1569 464 καὶ
1614 415 1661 463 ἐν
1703 411 1892 463 πᾶσιν”

312 496 463 550 αὐτός.
509 499 583 547 καὶ
611 502 724 562 γοῦν
752 497 776 546 6
801 496 1011 549 ‘Ha-alae
1037 502 1120 547 τοῦ
1147 496 1543 562 προσδοκωμένου
1571 496 1645 545 καὶ
1673 499 1755 544 τοῦ
1780 490 1894 556 μὲλ-

313 585 480 631 λοντος
519 577 714 628 ε”σεσθαι
752 577 858 638 βίου
893 576 978 640 τὴν
1013 576 1311 628 κατάστασιν
1345 580 1419 627 καὶ
1458 575 1544 640 τὴν
1575 575 1774 639 ἰσότητα
1811 572 1897 637 τὴν

313 657 442 723 παρὰ
475 662 583 727 Θεῷ
621 658 1033 724 προανακέκραγεν
1073 660 1227 724 λέγων
1267 666 1294 688 “
1318 660 1411 709 Καὶ
1447 657 1580 708 ἔσται
1618 658 1642 706 6
1681 655 1796 709 λαὸς
1835 657 1898 709 ὡς

314 746 340 768 “
367 740 391 789 6
431 738 586 804 ἱερεὺς,
613 762 687 790 και
727 741 751 789 6
790 745 898 794 παῖς
938 742 1000 793 ὡς
1038 741 1063 790 6
1095 740 1263 806 κύριος,
1299 762 1374 790 και
1413 737 1440 803 ἡ
1480 737 1737 804 θεράπαινα
1776 739 1837 790 ὡς
1868 736 1897 800 ἡ

313 829 339 850 “
367 822 540 885 κυρία.”
598 822 764 872 οὐκοῦν
808 820 894 871 κᾶν
935 826 972 872 εἰ
1024 820 1182 872 δύναιό
1233 826 1386 889 φησιν
1429 818 1637 888 ελεύθερος
1681 817 1897 884 γενεσθαι,

313 906 495 971 μᾶλλον
520 920 696 971 xpm-az·
745 926 819 953 και
845 903 938 969 γάρ
964 905 1108 965 ἐστιν,
1136 905 1198 956 ὡς
1223 903 1356 971 ἐφην,
1383 903 1464 952 οὐκ
1490 900 1729 966 ἀκερδὴς
1711 922 1735 950 ο
1761 898 1897 964 ζυγὸς

314 989 410 1038 τοῖς
445 986 600 1052 ἀγαθῇ
641 984 938 1051 κεχρημένοις
973 985 1126 1054 εὐνοία
1157 987 1232 1035 καὶ
1269 985 1420 1050 ὀρθῶς
1445 985 1494 1034 ἐν
1518 984 1644 1052 αὐτῷ
1674 984 1894 1046 διαγεγο-

316 1065 462 1117 νόσιν’
512 1065 724 1129 ἀδικήσει
763 1065 811 1116 δὲ
849 1065 903 1116 τὸ
930 1065 1128 1129 σύμπαν
1155 1065 1287 1117 οὐδὲν
1319 1065 1372 1116 τὸ
1413 1071 1494 1116 νῦν
1533 1066 1582 1115 ἐκ
1620 1063 1898 1131 πλεονεξίας

315 1149 591 1216 ἐπεῤῥίφθαι
623 1150 722 1198 τισὶ
751 1147 836 1211 τὴν
863 1147 982 1198 κατὰ
1013 1148 1172 1213 σάρκα
1204 1147 1434 1209 δουλείαν,
1461 1147 1594 1197 ε”σται
1631 1144 1689 1196 ἂν
1719 1144 1899 1196 ἅπασιν

317 1230 365 1279 ἐν
390 1229 482 1297 ’ίσῳ
508 1229 667 1299 τρόπῳ
699 1231 774 1279 καὶ
807 1228 939 1298 λόγῳ
974 1229 1181 1296 σώζηται
1219 1227 1273 1280 τὸ
1308 1228 1551 1294 ἐλεύθερον
1580 1226 1710 1293 παρά
1744 1249 1797 1291 γε
1834 1229 1900 1294 τῷ

316 1310 376 1361 τὰ
417 1312 570 1362 δίκαια
612 1312 812 1378 κρίνοντι
857 1313 932 1361 καὶ
973 1310 1032 1361 τὰ
1077 1311 1179 1361 καθ’
1225 1311 1345 1374 ἡμᾶς
1387 1311 1530 1363 ὁσίως
1569 1307 1900 1359 ταλαντεύοντι

318 1397 442 1462 Θεῷ.
498 1393 661 1446 ἄλλως
687 1416 749 1455 τε,
779 1395 949 1461 φησὶν,
980 1393 1063 1444 οὐκ
1087 1391 1145 1443 ἂν
1171 1392 1238 1456 εῗη
1265 1397 1359 1442 τῶν
1384 1391 1694 1459 ἐνδεχομένων
1721 1390 1900 1456 ἀνθρώ-

315 1497 432 1528 πους
460 1473 596 1528 ὄντας
624 1475 743 1538 ἡμᾶς
769 1473 823 1525 τὸ
850 1477 932 1538 τῆς
960 1475 1172 1528 δουλείας
1198 1473 1346 1538 ὄνομα
1372 1478 1557 1541 φυγεῖν·
1611 1475 1783 1523 δοῦλον
1808 1470 1900 1538 γὰρ

319 1556 445 1607 ἅπαν
471 1558 574 1607 ἐστὶ
611 1556 664 1607 τὸ
702 1556 1013 1621 πεποιημένον
1039 1558 1115 1606 καὶ
1151 1560 1246 1610 τοῖς
1274 1557 1410 1609 θείοις
1438 1554 1719 1623 ὑποφέρεται
1745 1553 1901 1618 σκήπ-

318 1661 443 1705 τροις
482 1643 578 1690 πᾶν
617 1638 730 1704 ὅπερ
769 1640 870 1689 ἐστι
912 1637 1197 1703 κεκλημένον
1238 1641 1300 1691 εἷς
1341 1637 1542 1703 γε’·νεσιν
1597 1636 1720 1687 ὥστε
1760 1638 1836 1686 καὶ
1877 1636 1901 1685 6

322 1718 471 1776 ἕωλος
510 1720 791 1789 ἀπελευθερος
832 1721 923 1772 ἐστι
966 1724 1196 1786 Χριστοῦ,
1239 1716 1392 1774 δουλος
1436 1718 1484 1769 δὲ
1525 1719 1713 1771 πάντως
1758 1741 1830 1768 και
1877 1718 1902 1767 6

322 1803 602 1866 κεκλημενος
641 1807 703 1856 εἶς
741 1803 1019 1868 ἐλευθερίαν,
1055 1800 1178 1853 καθα
1215 1805 1366 1869 φησιν
1399 1803 1423 1851 6
1456 1800 1654 1868 ψαλμός
1693 1799 1811 1851 (ζὸτι
1844 1799 1903 1851 τὰ

322 1894 349 1916 c<
434 1887 444 1902 '
727 1893 745 1900 τ
895 1885 907 1900 ’
927 1888 950 1903 ”

380 1910 639 1950 συμπαντα
666 1891 814 1937 δουλα
838 1910 921 1938 σα.

395 1967 675 2037 Ἀποφαίνει
714 1968 862 2033 γεμὴν
890 1969 914 2018 6
949 1966 1265 2033 μυσταγωγὸς
1297 1968 1373 2017 καὶ
1405 1968 1513 2018 καθ’
1543 1967 1698 2032 ἕτερον
1729 1964 1904 2033 τρόπον

323 2051 678 2119 ὠφελουμένους
705 2054 904 2118 Χριστῷ
942 2049 1048 2102 τους
1089 2049 1143 2099 δι’
1184 2049 1326 2100 αὑτὸν
1363 2048 1714 2110 σεσωσμένους·
1756 2047 1903 2116 ταύτῃ

322 2133 397 2183 τοί
444 2136 568 2199 φησι
619 2131 760 2200 Tm&
817 2130 1092 2201 ἠγοράσθητε,
1144 2129 1204 2198 μη
1254 2130 1420 2197 ’γίνεσθε
1476 2127 1616 2181 δοῦλοι
1668 2128 1902 2200 ἀνθρώπων·

319 2213 630 2280 ἠγοράσμεθα
665 2212 749 2276 μὲν
784 2212 876 2280 γὰρ
903 2216 1036 2276 τιμῆς
1074 2213 1463 2278 ὁμολογουμένως
1500 2210 1755 2264 τεθεικότος
1791 2210 1904 2277 ὑπὲρ

372 2342 402 2365 Ι.
427 2329 575 2375 ἅπαντα]
599 2334 636 2370 -1-
658 2330 739 2364 κατὰ
756 2331 814 2364 τὸν
831 2330 932 2364 αἰῶνα
950 2330 1008 2364 τὸν
1024 2329 1194 2374 με’λλοντα
1213 2329 1278 2363 Ed.
1405 2341 1436 2363 2.
1462 2330 1613 2372 Χριστοῦ
1634 2328 1681 2362 H.
1701 2328 1816 2372 κυρίου
1836 2327 1903 2362 Ed.

323 2376 400 2411 2-6.
430 2376 527 2411 Haec
545 2376 797 2421 καινὴ--λέγων
810 2383 1031 2410 accesserunt
1048 2389 1089 2410 ex
1106 2376 1154 2410 H.
1173 2375 1356 2420 ἐλευθέραν
1372 2377 1437 2421 γὰρ
1460 2376 1520 2419 τὴν
1542 2375 1651 2419 φύσιν
1669 2376 1686 2408 ὁ
1704 2375 1906 2419 δημιουργὸς

322 2423 510 2466 πεποίηται·
537 2424 590 2456 καὶ
607 2423 712 2458 οὕτως
729 2424 825 2457 ἕσται
843 2424 887 2458 ὣς
903 2423 991 2467 ἔφην
1008 2423 1090 2457 κατὰ
1107 2424 1164 2456 τὸν
1181 2423 1282 2456 alama
1299 2424 1358 2456 τὸν
1375 2422 1546 2465 μέλλοντα
1568 2421 1632 2454 Ed.
1729 2422 1762 2454 8.
1789 2420 1902 2465 κυρία]

327 2474 364 2509 -1-
386 2470 468 2502 κατὰ
485 2469 544 2513 τὴν
560 2468 707 2503 Ἠσαίου
725 2470 936 2526 προφητείαν
954 2468 1020 2503 Ed.
1141 2481 1153 2502 Ι
1165 2478 1264 2513 1-15.
1293 2468 1390 2503 Haec
1406 2468 1682 2512 ἀδικήσει-Θεῷ
1701 2467 1802 2501 nobis
1821 2479 1905 2511 sup-

324 2515 455 2560 peditat
475 2515 520 2549 H.
622 2527 675 2549 12.
702 2517 798 2549 ἔσται
816 2515 855 2549 ἂν
874 2515 962 2549 Cod.
984 2515 1189 2560 Legendum
1208 2521 1247 2549 ut
1264 2515 1335 2549 vid.
1354 2514 1424 2549 ἔστ’
1443 2513 1493 2548 ἂν.
1594 2522 1645 2558 17,
1664 2513 1716 2547 18.
1739 2513 1835 2547 Haec
1852 2514 1906 2546 καὶ

323 2562 487 2597 τοῖς-εἷς
504 2561 638 2606 γένεσιν
656 2568 876 2595 accesserunt
894 2573 935 2595 ex
956 2562 1003 2596 H.
1119 2573 1171 2606 19.
1198 2563 1216 2594 ὁ
1233 2567 1324 2594 recte
1343 2561 1409 2595 Ed.
1427 2561 1465 2594 οὐ
1487 2560 1533 2593 Η.
1632 2570 1687 2594 20.
1713 2560 1907 2604 ἐλευθερίαν

325 2608 452 2642 desinit
472 2608 519 2641 H
570 2608 602 2640 V
605 2607 685 2641 elba
704 2608 826 2641 ultima
843 2608 969 2642 retinui
987 2620 1028 2642 ex
1047 2607 1114 2642 Ed.
1224 2618 1278 2641 22.
1307 2607 1472 2641 Scholion
1491 2606 1585 2652 quod
1605 2606 1762 2662 sequitur
1778 2618 1819 2639 ex
1838 2605 1905 2640 Ed.

326 2663 381 2699 25.
410 2654 530 2687 Paullo
548 2654 644 2687 ahte1
665 2654 710 2687 H.
730 2652 967 2699 ἢγοράσθημεν
983 2656 1029 2700 τῷ
1047 2654 1144 2698 τιμίῳ
1161 2653 1273 2695 αἵματι
1298 2656 1357 2687 τοῦ
1375 2656 1538 2697 Χριστοῦ,
1557 2653 1609 2686 καὶ
1635 2651 1823 2696 εξῃρὴμεθα
1848 2654 1906 2696 τῆς

325 2703 384 2735 τοῦ
411 2701 471 2739 δια
469 2702 574 2733 ἀολου
607 2701 660 2733 καὶ
694 2704 760 2734 τῶν
785 2702 1066 2755 κοσμοκρατόρων
1095 2700 1304 2742 πλεονεξίας,
1330 2700 1577 2744 ἀπονιψάμενοι
1607 2700 1666 2732 τὸν
1690 2700 1749 2742 τῆς
1774 2698 1906 2732 ἐκείνων

326 2749 524 2790 σκαιότητος
546 2746 664 2789 ῥύπον,
685 2761 735 2780 και
756 2746 932 2789 κληθέντες
955 2747 1001 2782 εἷς
1021 2747 1215 2789 ἐλευθερίαν
1233 2747 1287 2779 διὰ
1304 2749 1467 2790 Χριστοῦ.
1499 2747 1542 2781 ὡς
1560 2748 1606 2792 τῷ
1624 2745 1682 2779 οὖν
1698 2745 1906 2790 ἀγοράσαντι

325 2794 385 2837 τὴν
402 2794 528 2827 εαυτῶν
545 2793 742 2837 ὀφείλοντες
769 2794 862 2836 ζωὴν,
882 2808 925 2836 μη
947 2793 1096 2837 γίνεσθε,
1114 2793 1214 2837 φησι,
1234 2793 1351 2826 δουλοι
1374 2793 1567 2837 ἀνθρώπων·
1603 2792 1641 2826 οὗ
1662 2794 1761 2826 τοῦτο
1777 2791 1904 2848 λέγων,

325 2843 370 2884 μὴ
397 2840 573 2874 δουλεύετε
599 2839 760 2884 σαρκικὴν
785 2840 952 2879 δουλείαν,
973 2839 1063 2873 ἀλλα
1083 2840 1127 2882 μὴ
1153 2839 1328 2873 δουλεύετε
1351 2841 1423 2874 ταῖς
1446 2841 1593 2882 νομικαῖς
1615 2836 1905 2894 παρατηρήσεσιν,

327 2888 442 2920 ε’παιν(
447 2885 543 2921 ύσαις
562 2886 744 2931 περιτομὴν
762 2900 814 2919 και
832 2886 869 2919 τὸ
887 2889 983 2920 τινῶν
1000 2885 1190 2930 ἀπέχεσθαι
1209 2887 1409 2930 βρωμάτων,
1426 2886 1516 2919 ἀλλὰ
1533 2887 1578 2930 τῷ
1598 2885 1805 2930 ἀγοράσαντι
1822 2883 1906 2928 ἡμᾶς

328 2934 366 2966 (η’
384 2934 560 2978 φθαρτοῖς,
577 2933 673 2979 τιμίῳ
693 2933 727 2965 δέ
745 2933 879 2975 μαλλον
896 2947 1006 2976 αιματι
1025 2947 1076 2966 και
1095 2934 1164 2967 τοῖς
1181 2932 1283 2966 αὐτοῦ
1301 2934 1413 2976 νόμοις
1430 2931 1683 2975 ὑποταττόμεθα
1703 2931 1796 2974 (Sic).

1917 589 1938 627 5

1925 1007 1972 1031 10

1926 1412 1971 1449 15

1926 1825 1974 1849 20
