2001 3257
298 116 379 154 154
698 117 747 156 B.
781 115 1060 156 CYRILLI
1099 116 1482 158 ALEXANDR.
1640 132 1707 157 xx.
1729 130 1877 171 30‚31.

229 272 280 308 30
299 259 447 300 Πολλὰ
491 258 567 308 μὲν
606 257 679 301 οὖν
719 260 786 300 καὶ
829 260 941 301 ἄλλα
987 257 1141 308 σΗμεῖα
1184 260 1385 303 ἐποίΗσεν
1423 262 1446 302 ὁ
1483 261 1652 303 ἸΗσοῡο
1693 259 1879 302 ἐνώπιον

366 342 452 383 τῶν
496 343 700 390 μαθΗτών
744 343 887 392 αὐτοῦ,
927 342 950 382 ἃ
995 343 1071 382 οὐκ
1114 343 1202 384 ἔστι
1244 345 1512 400 Γει-ραμμένα
1554 345 1600 385 ἐν
1637 347 1698 397 τῷ
1737 343 1882 397 βιβλίῳ

229 435 275 471 31
365 426 519 479 τούτῳ.
567 428 700 466 ταῦτα
739 424 784 466 δὲ
824 426 1054 481 ΓέΓραΠτοιι
1086 425 1154 466 ἵνα
1187 427 1439 468 ΠιστεύσΗτε
1477 428 1542 467 ὅτι
1568 426 1730 467 ἸΗσοῦε
1766 425 1880 467 ἐστιν

365 508 388 548 ὁ
419 506 596 563 Χριστὸς
629 508 651 549 ὁ
677 506 776 548 Υἱὸς
807 510 879 548 τοῦ
904 507 1023 557 Θεοῦ,
1057 507 1125 548 καὶ
1159 508 1227 549 ἵνα
1261 510 1533 550 Πιστεύοντεε
1565 507 1674 566 ζωὴν
1705 506 1880 550 αἰώνιον

363 589 489 645 ἕχΗτε
526 590 571 630 ἐν
608 592 670 644 τῷ
707 590 886 638 ὀνόματι
924 591 1065 632 αὐτοῦ.
1901 604 1924 642 5

259 666 280 692 ο

371 703 829 770 Ἀνακεφαλαιοῦται
879 703 1055 769 τρόπον
1105 704 1208 755 τινὰ
1259 705 1344 769 τὴν
1395 706 1514 756 ἰδίαν
1564 704 1877 774 συγγραφὴν,

298 785 484 851 ἐμφανῆ
512 806 560 834 τε
586 789 683 838 τοῖς
710 784 1017 850 ἀκροωμένοις
1055 786 1136 837 τὸν
1161 792 1256 838 τῶν
1287 789 1603 853 εὐαγγελικῶν
1635 785 1878 853 κηρυγμά-

298 888 392 916 των
419 865 604 916 σκοπὸν
630 866 880 932 ἐργάζεται.
927 867 1000 919 ’ἵνα
1026 867 1119 933 γὰρ
1145 868 1413 929 warmuse-mes
1438 874 1561 937 φησι
1591 874 1666 920 καὶ
1695 867 1878 919 πιστεύ-

299 969 469 1000 σαντες
512 947 637 1010 ἔχητε
683 946 750 1007 τὴν
793 949 953 1000 αἰώνιον
1000 948 1116 1019 ζωῆν,
1157 951 1383 1015 συνετέθη
1428 952 1576 1002 ταυτί·
1630 949 1792 1001 πολλόι
1833 948 1881 1000 δὲ

299 1025 416 1078 εἶναι’
459 1032 582 1097 φησι
625 1028 683 1079 τὰ
725 1033 902 1097 σημεῖα,
945 1033 1019 1081 καὶ
1062 1033 1116 1082 οὐ
1158 1031 1291 1099 μέχρι
1331 1037 1426 1083 τῶν
1470 1034 1594 1101 αὐτῷ
1635 1033 1709 1083 καὶ
1754 1030 1882 1100 μόνῳ
1905 1054 1953 1080 10

299 1109 657 1174 διεγνωσμένων
708 1133 758 1161 τε
810 1114 885 1162 καὶ
937 1112 1188 1179 εἰρημένων
1238 1114 1298 1164 τὰ
1348 1119 1430 1165 τοῦ
1480 1117 1700 1181 Σωτῆρος
1750 1114 1882 1177 ἡμῶν

299 1190 466 1255 ἵστησι
501 1192 842 1257 κατορθώματα
879 1195 954 1244 καὶ
990 1194 1073 1248 τὰς
1107 1194 1403 1262 παραδόξους
1435 1196 1677 1261 ἐνεργείας,
1706 1195 1875 1246 ἀπονέ-

253 1279 280 1320 d
298 1294 373 1335 μει
401 1271 448 1322 δὲ
482 1270 645 1339 ὥσπερ
672 1276 747 1324 καὶ
774 1279 868 1328 τοῖς
900 1275 1068 1341 ἑτέροις
1103 1278 1465 1342 εὐαγγελισταῖς
1496 1276 1615 1343 ἅπερ
1645 1275 1701 1328 ἂν
1727 1278 1881 1330 αὐτοῖς

298 1352 373 1404 διὰ
413 1353 595 1418 μνήμης
640 1355 698 1405 ἰὀι
749 1358 832 1419 τῆς
869 1359 1090 1423 ἀκριβοῦς
1134 1359 1479 1425 παρακομίζειν,
1525 1364 1563 1410 εἰ
1607 1359 1876 1419 βούλοιντο.

297 1435 560 1502 γέγραπται
592 1435 685 1502 γὰρ
721 1437 775 1487 οὐ
806 1436 975 1501 πάντα,
1003 1440 1168 1508 φησὶν,
1197 1441 1232 1491 ἐν
1267 1440 1326 1509 τῷ
1358 1443 1534 1511 βιβλίῳ
1565 1440 1719 1511 τούτῳ,
1749 1443 1881 1491 ταυτὶ
1904 1461 1950 1498 15

297 1516 345 1567 δὲ
391 1519 468 1568 καὶ
508 1517 630 1581 μόνα
672 1518 747 1569 διὰ
784 1522 866 1583 τῆς
913 1521 1023 1584 ε’μῆς
1069 1521 1249 1586 ἐνετέθη
1290 1525 1464 1589 φωνῆς,
1506 1520 1625 1588 ἅπερ
1669 1521 1725 1586 ἧν
1764 1521 1882 1576 εἰκὸς

297 1599 567 1667 ἐξαρκέσειν
613 1601 665 1650 οὐ
707 1602 904 1666 μετρίως
948 1600 1067 1668 πρὸς
1111 1602 1165 1653 τὸ
1210 1606 1461 1654 ἀναπεῖσαι
1505 1604 1734 1655 δύνασθαι
1775 1602 1883 1657 τοὺς

296 1682 616 1746 ἀκροωμένους
640 1681 700 1732 ’ὅτι
731 1685 892 1743 Ἰησοῦς
920 1684 1032 1735 ἐστιν
1060 1691 1077 1736 ὁ
1106 1685 1286 1753 Χριστὲς
1315 1692 1331 1737 ὁ
1361 1687 1459 1740 Τὶἷις
1486 1689 1556 1737 τοῦ
1583 1689 1709 1738 Θεοῦ.

372 1764 521 1813 Ταυτὶ
559 1763 644 1826 μὲν
682 1764 762 1814 οὖν
801 1765 825 1814 ὁ
866 1766 1120 1818 θεσπέσιος
1162 1767 1539 1832 Εὐαγγελιστής·
1607 1768 1698 1833 ἐγὼ
1738 1769 1785 1820 δὲ
1824 1769 1881 1834 δὴ

296 1842 444 1894 πάλιν
471 1843 692 1908 οἰήσομαι
718 1849 811 1896 δεῖν
836 1847 978 1897 ἐκεῖνο
1005 1846 1151 1915 φάναι
1178 1850 1435 1916 χρησίμως.
1489 1854 1525 1900 εἱ
1552 1849 1644 1916 γὰρ
1673 1850 1762 1914 ὅλη
1788 1855 1882 1901 τῶν
1902 1876 1952 1901 20

296 1925 634 1991 γεγραμμένων
673 1928 700 1991 ἡ
740 1927 931 1992 δύναμις
969 1929 1187 1993 τοιαύτην
1228 1931 1337 1994 ἡμῖν
1377 1930 1664 1998 ἐνεργάζεται
1701 1933 1881 1995 πίστιν,

259 2008 563 2058 εἓδιακεῖσθαί
593 2031 641 2059 τε
679 2011 754 2059 καὶ
794 2009 987 2077 σφόδρα
1026 2016 1183 2065 καλῶς
1227 2014 1475 2075 ἀναπείθει,
1503 2015 1564 2066 ὡς
1591 2015 1615 2063 ὁ
1648 2017 1882 2079 γεννηθεὶς

75 2097 201 2173 Ξ--Ιᾌιῖο
297 2089 346 2138 ἐκ
377 2091 460 2151 τῆς
487 2089 622 2155 ἁγίας
647 2091 892 2156 παρθένου,
922 2091 971 2147 ὃς
997 2095 1071 2143 καὶ
1099 2093 1336 2158 ἐπεκλήθη
1364 2093 1550 2158 Ἰησοῦς
1578 2094 1652 2145 διὰ
1684 2098 1766 2159 τῆς
1798 2102 1881 2147 τοῦ

103 2165 110 2173 ’
170 2165 179 2174 ’
297 2170 506 2236 ἀγγέλου
547 2174 721 2240 φωνῆς,
748 2172 887 2227 αὐτὸς
926 2172 1060 2228 οὗτός
1099 2177 1230 2226 ε’στιν
1268 2177 1292 2226 ὁ
1333 2175 1408 2226 διὰ
1446 2180 1526 2240 τῆς
1566 2177 1881 2229 θεοπνεύστου

297 2255 486 2320 γραφῆς
524 2254 862 2318 κηρυττόμενος
899 2256 1129 2321 Χριστός·
1185 2256 1324 2311 αὐτὸς
1362 2258 1420 2308 δέ
1449 2260 1580 2309 ἐστιν
1620 2260 1766 2321 οὗτος,
1805 2261 1879 2310 καὶ
1901 2284 1949 2323 25

297 2334 383 2400 οὐχ
410 2334 575 2400 ἕτερος,
597 2335 684 2402 οὐχ
711 2337 877 2390 ἁπλῶς
905 2337 1014 2395 υἱὸς,
1040 2340 1150 2388 ἀλλ’
1180 2338 1238 2390 ‘O
1264 2340 1361 2394 Ύὶὶς
1390 2341 1458 2391 τοῦ
1485 2342 1595 2391 Θεοῧ
1620 2344 1878 2404 μοναδικῶς

297 2437 344 2464 τε
386 2417 460 2465 καὶ
499 2419 665 2479 ἱδικῶς,
696 2418 744 2468 τί
780 2418 1003 2484 δράσαιεν
1044 2419 1148 2485 ἄρα,
1184 2420 1232 2471 τί
1268 2420 1315 2471 δὲ
1355 2424 1430 2472 καὶ
1470 2422 1769 2490 φθέγξαιντο,
1805 2425 1879 2474 καὶ

297 2499 431 2546 ποῖον
463 2497 624 2565 ἕξουσι
663 2502 816 2564 κρῖμα,
852 2499 971 2551 κατὰ
1008 2499 1091 2552 τὸν
1122 2504 1204 2565 τῆς
1243 2502 1452 2568 μεγάλης
1491 2501 1662 2569 ἡμέρας
1701 2503 1876 2571 καιρὸν,

298 2578 341 2626 οἱ
367 2576 423 2644 ἐξ
445 2578 645 2640 ἀμαθίας
672 2580 1006 2645 διακρινόμενοι
1032 2585 1138 2649 περὶ
1173 2582 1258 2646 τὴν
1284 2585 1460 2647 πίστιν,
1487 2587 1563 2636 καὶ
1586 2585 1704 2650 πρὸς
1730 2585 1880 2656 τούτῳ

298 2657 536 2708 διδάσκειν
556 2658 736 2724 ἑτέρους
761 2662 1139 2729 ἐπιχειρήσαντες
1164 2665 1246 2715 δύο
1267 2666 1463 2732 νομίζειν
1489 2664 1601 2717 εἶναι
1626 2668 1878 2734 χριστούς;
1900 2697 1949 2733 30

346 2774 380 2803 4.
406 2761 491 2805 ζωὴν
507 2762 605 2807 ἔχητε
624 2761 791 2806 (rubrice)
813 2764 838 2797 F
855 2776 926 2809 mg.
1072 2778 1123 2810 19.
1151 2767 1186 2800 δέ
1205 2774 1427 2812 assumptum
1446 2780 1487 2802 ex
1506 2769 1547 2803 E.
1565 2769 1605 2813 δὴ
1623 2770 1666 2803 ad
1685 2770 1720 2804 δὲ
1739 2771 1881 2816 corrigit

301 2807 436 2852 Migne.
634 2818 760 2853 27—p.
780 2820 854 2854 155,
876 2822 907 2844 2.
926 2811 982 2845 Ab
1002 2811 1111 2847 ἷδικῶς
1129 2812 1172 2846 ad
1191 2813 1301 2848 ι’δικῶς
1318 2815 1467 2848 transilit
1487 2816 1526 2849 E.
1742 2826 1797 2861 27.
1822 2832 1880 2862 γρ.

299 2854 462 2897 δράσειαν
478 2854 545 2889 Ed.
563 2867 635 2898 mg.
655 2856 816 2899 δράσαιεν
834 2857 937 2891 habet
958 2858 994 2891 F.
1068 2859 1120 2892 καὶ
1144 2859 1338 2894 secundum
1361 2868 1583 2906 assumptum
1602 2874 1642 2896 ex
1664 2862 1701 2897 F.
1753 2863 1879 2898 Statim

300 2900 509 2945 φθέγξαιντο
529 2901 565 2935 F.
586 2901 651 2936 Ed.
671 2914 742 2946 mg.
761 2903 951 2949 φθέγξαιτο
972 2904 1037 2938 Ed.
