2012 3272
53 570 74 610 5

27 1059 75 1084 10

103 123 172 162 vii.
200 124 264 163 18.
351 124 419 164 IN
456 124 540 165 ΕΡ.
572 124 606 164 Ι.
646 123 726 164 AD
765 123 1151 164 CORINTHIOS.
1206 123 1317 163 LIB.
1353 123 1438 164 111.
1603 126 1682 166 271

101 233 220 281 εἰσὶν
252 229 370 297 ἅγιοι
403 234 479 282 καὶ
515 231 573 283 τὸ.
606 230 736 283 ‘celum
772 232 900 297 ὑμῶν,
926 237 1146 285 νικῶντος
1179 232 1366 286 πάντως
1397 256 1489 284 που
1523 238 1606 283 τοῦ
1638 234 1686 282 ἐν

98 317 192 366 Τοῖς
235 312 543 364 πισΤΕύΟυΟἾν
582 315 822 378 ἁγίασμοῦ
867 319 960 365 ‘1’6311
1005 316 1134 365 Οὔπω
1177 313 1557 365 πεπίσΤΕυΚόΤων
1600 315 1683 365 Τὸν

1723 189 1895 231 [59M·]

94 395 256 460 ῥύπον.
304 400 336 446 εἰ
365 392 409 446 δὲ
437 402 453 447 ὁ
482 393 674 450 ἄπιστος
701 397 938 466 χωριζετοιί
962 401 1125 464 φησιν,
1154 395 1411 466 χωριζέσθω*
1462 400 1505 447 οὐ
1532 393 1678 447 ὃεὸοό-
1706 420 1835 450 v01·.15.

97 490 240 528 λωτοιι
270 483 287 529 ὁ
315 474 519 546 Memfi&
552 502 572 536 η
608 480 629 537 ἡ
658 474 837 546 οὶοῗελφῖγ
878 479 914 529 ἐν
941 481 1027 532 τοῖς
1066 477 1279 532 τοιούτοις·
1322 477 1525 545 οἰχέσθω
1566 477 1679 544 γὰρ,

97 561 134 607 εἱ
182 561 322 620 δοκεῖ,
375 564 458 609 τοῦ
508 558 777 624 ἁγιάζοντος
823 561 848 609 ὁ
899 560 1271 622 μεμολυσμένος,
1324 560 1515 624 γνώμης
1566 560 1682 613 ἰδίας

97 640 307 708 ὀψώνιον
333 640 453 708 ἔχων
479 640 563 704 τὴν
590 640 638 690 ε”ν
665 663 718 707 γε
744 640 895 710 τούτῳ
922 641 1102 707 ζημίαν·
1145 642 1414 694 ἀνυπαίτιος
1442 641 1489 692 δὲ
1515 665 1685 693 παντε-

97 726 194 775 λῶς
221 723 245 773 ὁ
273 726 370 776 ταῖς
397 723 539 776 θείαις
574 721 797 785 ἑπόμενος
824 725 1049 776 ἐντολαῖς·
1092 724 1467 787 εὐλογηθήσεται
1502 722 1595 790 γὰρ
1623 726 1685 777 ὡς

97 803 272 868 εὐήνιος
298 804 427 871 παρὰ
451 810 534 855 τοῦ
559 804 750 856 πάντων
776 805 907 868 ἡμῶν
936 808 1156 871 Σωτῆρος
1182 809 1415 871 Χριστοῦ.

97 964 466 1021 ΠεριτετμΗμένος
505 982 566 1008 τις
604 967 793 1019 &amem
831 967 886 1015 μή
926 967 1195 1008 ἐπισπάσθω·
1242 967 1286 1007 ἐν
1325 966 1583 1025 ἀκροβυστίᾳ
1625 981 1682 1008 τις

556 1050 745 1103 ὲκλιὶΘΗς
793 1051 848 1099 μὴ
888 1050 1223 1107 Περιτεμνὲσθω.

171 1162 306 1217 Τινὲς
346 1166 408 1217 ὡς
446 1163 563 1218 εἰκὸς
601 1170 696 1215 τῶν
722 1167 771 1216 ἐκ
806 1167 1058 1231 περιτομῆς
1094 1164 1406 1231 διελογίζοντο
1439 1166 1545 1216 καθ’
1572 1165 1678 1215 ἑαυ-

96 1243 204 1299 τούς
245 1249 358 1300 Πῶς
396 1246 602 1310 ἐσόμεθα
641 1250 790 1298 δεκτοὶ
829 1249 904 1297 καὶ
943 1246 1028 1310 τὴν
1067 1248 1114 1297 ἐν
1148 1250 1348 1316 Χριστῷ
1388 1245 1507 1311 ζωὴν
1545 1245 1681 1310 τιμή-

98 1350 268 1390 σομεν,
311 1328 493 1396 ἔχοντες
532 1329 621 1394 ἤδη
660 1328 744 1393 τὴν
782 1328 1039 1396 περιτομήν
1060 1350 1072 1391 ;
1122 1327 1279 1393 δεήσει
1317 1328 1440 1396 τάχα
1477 1351 1570 1380 που
1609 1330 1684 1379 καὶ

151 1490 178 1511 1.
197 1476 289 1521 ἡμῶν
306 1477 349 1511 A.
413 1477 537 1513 πόντος
550 1477 777 1512 Μᾶᾒπάντως
791 1477 925 1511 correxi
939 1489 978 1511 ex
998 1477 1029 1510 A
1048 1482 1080 1510 et
1098 1477 1144 1510 ita
1164 1476 1297 1521 Migne.
1312 1477 1444 1511 πάντως
1459 1490 1526 1510 που
1543 1487 1613 1509 om.
1635 1475 1683 1510 H.

100 1523 224 1557 Statim
243 1526 302 1558 τοῦ
319 1523 489 1569 ἁγιασμοῦ
506 1527 572 1558 τῶν
588 1528 719 1558 πιστῶν
738 1524 786 1558 H.
1008 1536 1041 1565 4.
1070 1523 1322 1568 Ιηο.Οἷχέσθω
1341 1523 1393 1556 καὶ
1410 1522 1684 1556 ἀπαλλαττέσθω

96 1573 156 1604 τοῦ
173 1570 281 1616 ἁγιάζ.
306 1570 352 1605 Η.
531 1572 564 1605 8.
592 1573 678 1605 Θεοῦ
697 1583 759 1615 pro
776 1573 836 1604 τοῦ
853 1571 986 1604 πάντων
1003 1570 1094 1614 ἡμῶν
1112 1571 1265 1614 σωτῆρος
1282 1572 1434 1613 Χριστου
1452 1569 1614 1603 desinens
1635 1568 1683 1603 H.

97 1628 130 1661 9.
159 1617 444 1662 SS.Sc1ipturae
467 1623 601 1651 textum
627 1617 770 1651 exhibui
797 1629 837 1651 ex
866 1618 914 1651 H.
945 1618 1068 1651 δοῦλος
1095 1616 1257 1660 ἐκλήθης,
1296 1616 1340 1660 μή
1371 1631 1428 1650 σοι
1453 1616 1584 1659 μελέτω
1616 1615 1682 1650 Ed.

97 1663 292 1698 anemittit
317 1666 415 1697 τοῦτο
441 1664 644 1708 θεοδωρίτου
670 1664 723 1697 καὶ
748 1664 911 1707 κυρίλλου
934 1663 1102 1703 Cramer,
1127 1663 1186 1697 sed
1213 1675 1346 1697 er·:10re
1387 1675 1497 1708 quum
1524 1662 1590 1696 sub
1616 1662 1685 1696 fine

97 1709 218 1744 scholii
237 1710 474 1755 praecedentis
492 1713 591 1745 τοῦτο
609 1711 663 1744 καὶ
680 1711 882 1755 θεοδωρίτου
901 1710 1041 1744 exhibet
1059 1709 1111 1744 A:
1143 1709 1268 1743 deinde
1288 1710 1374 1745 τινὲς
1392 1711 1436 1745 ὡς
1453 1709 1549 1749 εἰκὸς,
1569 1710 1685 1752 κυριλ-

95 1758 159 1790 λου
177 1757 318 1791 nomine
337 1757 373 1790 in
391 1769 462 1802 mg.
482 1769 628 1802 ponens.
679 1758 790 1791 Aliter
810 1757 856 1791 H.
862 1758 945 1802 ‚qui
962 1763 1079 1790 tamen
1098 1768 1178 1790 cum
1199 1756 1311 1790 Editis
1329 1762 1511 1790 contactus
1529 1761 1684 1800 punctus

95 1802 211 1837 habet.
263 1805 369 1837 Λαλεῖ
391 1805 513 1838 λοιπὸν
538 1805 582 1839 ὡς
605 1806 825 1848 πνευματικὸς
849 1806 866 1838 ὁ
892 1804 1099 1843 ἀπόστολος,
1118 1817 1228 1836 ουκετι
1253 1807 1320 1837 τῶν
1343 1802 1457 1837 τύπων
1480 1802 1685 1847 ἀνεχόμενος

94 1850 178 1893 μετὰ
195 1850 254 1894 τὴν
270 1852 329 1893 τῆς
351 1850 509 1894 ἀληθείας
526 1851 694 1893 ἀνάδειξιν
710 1865 867 1885 τουτεστι
884 1851 1045 1895 Χριστὸν,
1064 1850 1117 1883 καὶ
1134 1850 1264 1894 ὠφελεῖ
1287 1848 1459 1893 ’Ἕλληνάς
1476 1864 1512 1882 τε
1530 1849 1583 1882 καὶ
1600 1848 1685 1882 Ἰου-

96 1897 220 1937 δαίους,
248 1899 323 1930 οὔτε
349 1896 488 1933 τούτους
512 1898 705 1942 ἀναγκάζων
732 1897 1004 1953 περιτέμνεσθαι,
1031 1899 1107 1930 οὔτε
1133 1897 1210 1931 τοὺς
1236 1897 1270 1931 ἐν
1294 1898 1497 1941 περιτόμους
1523 1894 1604 1941 (Sic)
1637 1895 1684 1930 εἷς

95 1942 326 1988 ἀκροβυστίαν
346 1944 405 1987 τὴν
431 1946 490 1988 τῆς
517 1945 643 1988 σαρκὸς
666 1944 927 1986 καταβιάζεσθαι
949 1943 1057 1988 φύσιν
1078 1942 1134 1987 [ut
1152 1955 1185 1988 p.
1200 1942 1330 1988 2722]
1349 1943 1540 1987 παυομένης
1564 1944 1624 1986 τῆς
1648 1943 1684 1975 ἐν

94 1989 188 2036 τύπῳ
205 1992 397 2034 περιτομῆς,
417 1992 474 2034 τῆς
492 1991 561 2025 δὲ’
545 2006 580 2025 εν
595 1991 757 2034 πνεύματι
775 1991 828 2024 καὶ
846 1994 969 2034 νοητῶς
987 1991 1041 2024 διὰ
1058 1992 1211 2034 Χριστοῦ
1228 1969 1441 2034 τελουμένης.
1475 1988 1526 2023 ὅτι
1547 1988 1682 2034 [legen-

95 2025 226 2070 dumne
231 2036 292 2091 βτί]
312 2037 378 2082 γὰρ
395 2036 524 2082 ὄφελος
540 2039 723 2081 περιτομῆς
739 2040 785 2083 τῷ
803 2037 939 2077 ἀσεβῶς
957 2038 1063 2079 ζῶντι,
1078 2036 1270 2070 ὑποκείσθω
1287 2051 1337 2072 τις
1354 2036 1565 2081 ἀκρόβυστος
1585 2035 1680 2080 ἀνὴρ,

95 2081 166 2117 εἶτα
191 2085 261 2119 τοῖς
282 2085 340 2127 τῆς
366 2084 543 2119 επιεικείας
563 2084 741 2128 ἐμπρέπων
763 2083 967 2128 αὐχήμασιν·
1007 2084 1096 2117 ἔστω
1124 2083 1162 2116 δέ
1186 2097 1236 2118 τις
1257 2084 1311 2117 καὶ
1340 2082 1453 2127 ἕτερος
1479 2082 1615 2127 ἕβραιος
1644 2082 1683 2124 ἐξ

94 2130 240 2174 ἑβραίων
265 2130 544 2174 περιτετμημένος
571 2135 750 2174 σαρκικῶς,
775 2131 912 2165 ἀνόσιος
939 2130 975 2164 δέ
1000 2130 1077 2165 τοὺς
1102 2131 1247 2174 τρόπους
1270 2130 1322 2163 καὶ
1347 2129 1574 2174 ἀῤῥωστῆσας
1591 2128 1682 2162 πολὺ

94 2177 153 2219 τὴν
170 2177 217 2212 εἷς
232 2178 299 2210 πᾶν
311 2179 423 2211 ὁτιοῦν
440 2180 505 2210 τῶν
522 2177 672 2211 ἐκτόπων
692 2178 841 2211 δυσκλεᾶ
859 2176 1115 2221 καταφοίτησιν·
1142 2176 1191 2210 τίς
1208 2175 1266 2210 οὐν
1284 2176 1318 2209 ἐν
1335 2176 1497 2220 ἇμφοῖν’
1481 2190 1499 2208 ο
1512 2175 1681 2232 θαυμάζε-

95 2223 176 2257 σθαι
193 2238 350 2267 πρεπων;
376 2223 453 2257 ἀλλ’
472 2221 575 2281 οἰμμαί
584 2238 650 2258 που
670 2222 804 2267 φαιεν
787 2238 828 2257 αν
843 2223 1006 2267 τιμᾶσθαι
1029 2221 1214 2266 προσήκειν
1235 2222 1273 2256 οὐ
1297 2222 1479 2267 περιτομὴν
1491 2220 1681 2281 ἀσχήμονα

93 2271 237 2313 μᾶλλον,
256 2269 333 2303 ἀλλ’
351 2269 492 2312 ενούσης
514 2269 633 2313 ἁρέτης
655 2271 714 2313 τὴν
731 2270 974 2313 ἀκροβυστίαν.
1009 2268 1165 2327 ἀληθεύει
1185 2267 1244 2302 οὐν
1261 2270 1279 2302 6
1292 2269 1521 2329 μυσταγωγὸς
1539 2268 1567 2301 εἶ
1584 2267 1681 2312 λεγοι

95 2318 152 2349 Ἡ
160 2320 324 2362 περιτομὴ
349 2320 443 2352 οὐδέν
467 2320 559 2351 ἐστιν
583 2321 638 2351 καὶ
661 2321 682 2362 ἦ
707 2319 923 2361 ἀκροβυστία
947 2318 1042 2349 οὐδέν
1065 2317 1170 2349 ἐστιν.
1202 2315 1253 2348 δεῖ
1268 2320 1326 2349 οὐν
1345 2317 1403 2349 τὸν
1425 2313 1627 2358 κεκλημένον
1647 2315 1682 2348 ἐν

94 2364 134 2408 τῇ
154 2364 272 2409 κλησει
289 2380 400 2408 μενειν
415 2362 437 2408 ᾑ
455 2364 623 2408 κεκληται,
642 2365 830 2406 τουτέστιν,
850 2362 939 2398 ὅπως
956 2362 1070 2407 ανέχοι
1089 2362 1264 2407 σχήματος
1285 2361 1341 2407 [ut
1358 2374 1393 2406 p.
1414 2370 1492 2406 272,
1504 2360 1589 2417 13],
1615 2359 1681 2394 ε’ίτε

93 2410 307 2456 ἀκρόβυστος
324 2410 389 2445 είτε
405 2411 696 2455 περιτετμημένος.
723 2413 794 2444 εἶτα
812 2409 924 2453 ἐπειδὴ
942 2423 1029 2443 τινες
1057 2408 1112 2453 [ut
1132 2421 1166 2454 p.
1182 2417 1261 2454 273,
1280 2412 1354 2443 not.
1370 2407 1408 2453 5]
1434 2406 1611 2442 ἀκουοντες
1628 2407 1679 2441 ὅτι

93 2457 112 2500 ἡ
130 2459 246 2493 πίστις
261 2457 435 2503 ἐλευθεροῖ
453 2472 506 2491 και
523 2457 692 2492 υἱοθεσίας
709 2457 839 2500 ἀξίωμα
855 2457 1038 2501 χαριζεται,
1053 2455 1232 2499 απεπὴδων
1245 2458 1311 2489 τῶν
1323 2457 1381 2499 τῆς
1396 2454 1550 2489 δουλείας
1569 2454 1680 2499 ζυγὸν,

93 2504 360 2550 παραγγελλει“
345 2519 362 2537 ο
378 2506 509 2562 παῦλος
531 2505 575 2548 μὴ
593 2507 692 2538 τοῦτο
716 2506 834 2546 ποιεῖν,
853 2503 943 2537 ἀλλὰ
967 2503 1102 2546 μᾶλλον
1122 2502 1274 2546 ἐμμενειν
1290 2504 1329 2545 τῇ
1358 2502 1441 2535 κατὰ
1466 2502 1577 2544 σάρκα
1602 2501 1680 2535 δου-

93 2551 180 2595 λείᾳ·
207 2551 235 2584 εἷ
253 2551 305 2584 καὶ
320 2551 373 2584 διὰ
391 2552 461 2595 τῆς
464 2551 612 2586 πίστεως
630 2550 782 2594 ἐκλήθης,
797 2550 918 2594 φησιν,
931 2549 977 2584 εἷς
995 2549 1189 2593 ελευθερίαν
1205 2547 1316 2593 [legas
1333 2548 1411 2582 ε’λευ
1415 2546 1531 2592 θεραν]
1546 2548 1682 2591 υἱότητα

95 2597 154 2632 κᾶν
176 2597 205 2631 εἶ
227 2598 317 2632 θείας
339 2596 479 2642 φυσεως
503 2597 644 2656 γέγονας
669 2598 825 2632 κοινωνός
849 2595 905 2641 [ut
924 2608 956 2640 p.
973 2605 1051 2639 273,
1072 2594 1148 2644 13]·
1199 2595 1237 2628 οὐ
1263 2595 1328 2640 γὰρ
1355 2595 1500 2638 ἄμισθος
1521 2596 1539 2627 6
1559 2595 1614 2628 επὶ
1637 2596 1678 2637 τῇ

93 2644 229 2688 δουλείᾳ
254 2645 365 2679 πόνος·
397 2645 414 2677 ὁ
431 2644 492 2687 μὲν
515 2645 581 2689 γὰρ
609 2644 819 2688 Δημιουργὸς
844 2641 1026 2685 ελευθέραν
1051 2639 1121 2676 οἰδε
1146 2642 1200 2675 καὶ
1224 2641 1384 2683 πεποίηκε
1409 2642 1469 2685 τὴν
1493 2640 1611 2698 φὺΗσιν
1622 2640 1680 2686 [ut

94 2702 126 2735 p.
94 2699 223 2735 p273‚
243 2689 300 2735 15]
327 2689 543 2735 παρεισδυσα
569 2691 604 2724 δέ
629 2690 810 2733 πλεονεξία
831 2690 891 2733 τὴν
908 2688 1102 2732 ἐλευθερίαν
1119 2686 1321 2731 ελυμὴνατο·
1356 2687 1446 2730 ὅμως
1464 2688 1548 2721 δεῖζ
1533 2702 1577 2722 ως
1594 2687 1681 2720 ε’πω·

93 2738 184 2781 φελῆ
204 2737 256 2770 καὶ
277 2737 444 2779 ἔμμισθον
467 2751 624 2782 στεργειν
649 2737 761 2780 αὐτὴν,
788 2736 873 2770 ὅπου
898 2750 936 2780 γε
960 2735 1051 2778 παρὰ
1073 2737 1119 2768 τῶ
1139 2737 1213 2780 Θεῷ
1238 2736 1276 2768 τὸ
1300 2734 1480 2778 ἐλεύθερον
1499 2733 1554 2782 ἐφ’
1573 2734 1682 2767 ἅπασι

95 2785 249 2826 σώζεται.
279 2784 394 2818 ἶῖλλως
414 2798 449 2816 τε
471 2785 546 2817 οὔτε
571 2783 740 2828 ἐνδεχεται
764 2784 887 2828 φυγεῖν
908 2782 992 2825 ἡμᾶς
1015 2781 1092 2816 τοὺς
1101 2770 1309 2825 ἀνθρωπους
1331 2781 1368 2814 τὸ
1395 2782 1529 2815 δοῦλον
1548 2778 1682 2813 δουλὸν

94 2831 159 2874 γὰρ
184 2830 272 2864 ἅπαν
297 2830 372 2863 ἐστι
397 2831 435 2863 τὸ
461 2844 684 2873 πεποιημενον
703 2829 759 2875 [ut
778 2842 810 2874 p.
831 2838 910 2874 274,
933 2827 1004 2873 17]·
1034 2828 1154 2861 οὔκουν
1179 2828 1238 2861 κᾶν
1257 2827 1285 2860 εἷ
1311 2826 1424 2861 δύναιό
1449 2829 1559 2870 φησιν
1582 2824 1680 2858 ἐλευ-

97 2877 192 2919 θερος
213 2876 383 2920 γενέσθαι,
402 2877 534 2918 μᾶλλον
550 2878 688 2920 χρῆσαι·
716 2876 769 2910 καὶ
790 2876 856 2921 γάρ
878 2876 972 2909 ἐστιν
989 2874 1047 2908 οὐκ
1071 2874 1211 2918 ἀκερδης
1237 2876 1254 2907 ὁ
1273 2874 1372 2918 ζυγὸς
1398 2875 1466 2908 τοῖς
1492 2872 1600 2917 ἀγαθῇ
1628 2885 1680 2905 κε-

97 2923 273 2967 χρημένοις
291 2923 411 2967 εὐνοίᾳ,
432 2922 530 2957 οὐδὲν
546 2923 653 2956 ἀδικεῖ
668 2923 754 2968 πρὸς
772 2922 891 2967 ἀρετὴν
910 2921 927 2965 ἡ
947 2921 1028 2955 κατὰ
1047 2922 1156 2966 σάρκα
1176 2921 1324 2955 δουλεία.

1710 979 1754 1014 18
