1981 3282
88 159 248 183 VERBUM

141 267 321 301 Naturam
354 278 429 300 non
459 263 705 300 commixtum
736 261 847 300 Chri-

142 330 188 366 sti
205 329 352 378 Corpus
373 330 422 366 iii.
446 331 522 366 588
564 328 689 364 omnia
709 327 755 363 ad
778 325 846 364 SS.

140 395 246 431 Trin.
264 395 420 443 gloriam
438 393 479 430 M
498 396 547 430 66
571 394 651 429 init.
693 405 758 440 per
777 392 849 427 To-

142 465 218 495 tam
231 459 452 495 Trinitatem
470 470 579 494 omne
593 458 699 493 nobis
712 457 853 492 bonum

143 527 219 561 340
234 537 265 566 e,
288 526 364 561 805
380 536 409 567 e,
433 525 509 560 858
526 535 544 558 c
591 535 610 558 e
631 522 742 558 corde
763 533 853 556 sano

142 590 352 637 menteque
384 588 571 636 completa
614 586 855 634 diligentibus

144 666 301 702 magnas
317 653 536 701 spiritalium
554 652 737 688 bonorum
767 663 856 698 opes

142 719 301 767 largitur
317 718 359 753 M
379 721 427 755 64
447 718 507 753 fin.

89 783 252 819 Trinitas
283 782 528 819 sanctissima
565 787 645 817 tota
678 781 854 817 Incarna-

143 849 283 884 tionem
317 848 428 883 efficit
459 849 535 884 366
557 859 587 888 e,
619 848 695 883 367
718 859 739 881 a
788 858 854 880 no-

144 913 306 948 minibus
360 919 397 948 et
445 911 737 960 proprietatibus
785 910 856 946 dis-

144 978 261 1013 tincta
292 978 367 1013 762
391 990 411 1012 a
457 977 594 1024 probro
626 976 795 1017 afficitur,
826 975 856 1011 si

145 1042 261 1077 Filius
291 1054 371 1077 esse
399 1041 499 1077 Deus
529 1053 604 1076 nou
634 1041 856 1076 confiteatur

146 1109 221 1143 790
238 1119 271 1148 a,
295 1106 342 1141 iii.
363 1109 439 1143 523
494 1105 524 1141 si
551 1106 718 1141 Verbum
750 1105 855 1141 Divi-

144 1184 236 1207 num
271 1170 570 1218 praedicantibus
604 1170 774 1206 invasum
809 1170 856 1205 sit

146 1239 223 1273 914
239 1248 258 1271 e
302 1236 534 1283 significatur
558 1235 595 1271 in
627 1235 722 1271 Gen.
749 1235 770 1269 i.
794 1238 855 1279 26,

146 1304 219 1338 961
239 1301 273 1342 d,
297 1302 373 1336 962
390 1313 420 1336 a.

91 1365 266 1402 Trinitati
298 1363 562 1401 Sanctissimae
595 1365 688 1400 fides
717 1365 856 1400 haben-

146 1431 193 1466 da
232 1433 308 1468 770
346 1443 367 1465 a
417 1430 455 1465 in
492 1430 628 1466 Totam
674 1429 858 1465 confessio

145 1501 276 1532 nostra
313 1496 361 1532 iii.
392 1497 466 1531 401
521 1494 751 1542 quaternitas
788 1494 858 1530 nisi

147 1559 319 1598 Christus
339 1560 443 1596 Deus
463 1559 512 1596 iii.
536 1561 625 1601 509,
648 1559 694 1597 cf.
712 1562 802 1596 537.

91 1625 148 1662 De
186 1626 368 1662 Trinitate
400 1625 554 1673 Dialogi
585 1624 725 1660 laudati
757 1626 804 1661 87
824 1636 857 1666 c,

147 1692 197 1726 94
215 1703 247 1727 c.

37 1797 41 1801 .
89 1755 271 1791 Triticum
319 1755 481 1802 spiritale
519 1753 708 1790 laboribus
749 1752 857 1789 bonis

146 1820 361 1861 contritum,
382 1819 591 1855 collectoris
618 1818 753 1854 horreo
775 1818 856 1866 dig-

147 1897 236 1920 num
256 1884 413 1920 efficitur
432 1886 506 1920 199
525 1883 558 1919 d.

91 1949 209 1992 Tuba,
228 1948 546 1997 praedicationum
568 1947 857 1995 apostolicarum

146 2014 519 2062 evangelicarumque
557 2018 680 2061 typus,
720 2011 858 2047 diaboli

147 2079 220 2114 vim
251 2084 422 2115 evertens
450 2078 526 2115 389
542 2077 565 2113 b
583 2089 613 2114 c.
655 2077 740 2112 Vide
759 2076 856 2112 Buc-

147 2142 241 2178 cina.

92 2207 191 2256 Typi
244 2207 423 2254 spiritalia
469 2206 635 2243 indicant
655 2218 664 2252 ;

147 2274 285 2313 minus,
333 2272 527 2308 occasione
575 2272 766 2320 exigente,
811 2272 856 2308 ad

722 2205 856 2241 nihilo-

146 2338 291 2374 literam
314 2350 463 2373 sensum
484 2337 574 2372 dant
597 2339 670 2374 107
689 2349 719 2372 c.

91 2403 198 2451 Typo
219 2415 312 2450 quae
333 2403 431 2438 facta
459 2407 558 2444 sunt,
582 2414 625 2438 ea
644 2414 721 2437 non
747 2413 858 2449 prop-

145 2472 203 2504 ter
248 2467 369 2514 seipsa
425 2466 491 2502 sed
545 2471 698 2514 propter
750 2477 856 2513 prae-

146 2533 310 2580 figurata
328 2532 468 2567 fiebant
489 2533 566 2568 410
585 2544 606 2566 a
620 2531 655 2567 b.

93 2595 188 2646 Typi
222 2596 431 2644 archetypis
462 2609 539 2631 non
574 2595 744 2644 aequales
780 2562 857 2632 996

148 2673 168 2696 c
186 2673 217 2696 e.

431 2724 467 2761 U
487 2724 523 2760 V

93 2796 360 2832 VALENTmus
381 2795 431 2832 iii.
455 2798 543 2832 371.

93 2859 173 2896 Vas
198 2872 273 2895 non
302 2859 432 2895 inutile
456 2860 488 2895 is
508 2859 569 2907 qui
594 2860 640 2896 ad
664 2859 857 2897 Christum

146 2924 248 2961 venit
270 2925 360 2961 328.

631 142 846 180 INDEX
902 140 1148 178 RERUM.

1613 139 1688 174 655

921 264 941 282 “
961 261 1182 308 Ubicunque
1220 259 1332 295 fuerit
1369 271 1504 306 corpus
1544 258 1618 293 illic
1652 264 1690 293 et

976 325 1147 373 aquilae”
1174 327 1246 361 143
1265 337 1284 360 c
1300 324 1336 359 d.

922 391 1104 426 Velamen
1123 389 1257 430 Mosis,
1274 388 1361 436 quid
1380 388 1420 423 M
1440 390 1485 425 91
1511 385 1562 438 [p.
1580 384 1685 438 336].

922 455 1060 492 Velum
1080 456 1178 490 intra
1192 454 1312 490 facere
1329 472 1353 483 =
1370 453 1579 489 sacerdotio
1599 465 1689 487 con-

978 521 1074 556 ferre
1099 523 1172 556 144
1192 520 1215 555 b

925 585 1053 621 Verba
1073 585 1117 620 de
1138 585 1219 620 Deo
1243 583 1355 625 dicta,
1376 596 1453 619 non
1483 583 1687 618 secundum

980 650 1229 686 humilitatem
1264 655 1444 690 nostram,
1481 648 1545 684 sed
1580 653 1691 695 prout

981 715 1057 763 Ipsi
1078 714 1311 755 conveniant,
1329 713 1572 761 intelligenda
1594 715 1642 749 33
1660 725 1689 757 e,

982 783 1031 817 49
1053 794 1084 824 a,
1117 783 1165 816 77
1183 779 1217 824 d,
1252 778 1297 815 cf.
1320 781 1366 815 41
1387 791 1418 823 a,
1450 782 1498 814 45
1521 791 1551 823 e,
1586 780 1635 814 48
1655 778 1690 822 b,

985 848 1054 881 171
1073 858 1104 887 a,
1130 847 1202 881 198
1218 845 1241 880 b
1258 856 1277 879 c
1294 844 1329 884 d,
1361 845 1437 880 662
1454 843 1477 878 b
1495 856 1526 884 e,
1559 845 1635 879 670
1653 843 1689 884 b,

981 913 1054 946 671
1073 923 1104 951 a,
1134 912 1225 951 734,
1256 910 1331 946 838
1347 922 1379 951 a,
1414 910 1491 945 930
1506 920 1538 950 c,
1567 910 1643 944 997
1659 920 1691 951 a,

980 976 1030 1013 iii.
1055 978 1144 1012 550.

926 1041 1053 1077 Verba
1073 1040 1194 1076 media
1215 1045 1370 1088 propter
1389 1039 1691 1075 Incarnationem

982 1108 1058 1142 220
1074 1118 1104 1142 a.
1150 1105 1236 1140 Vide
1253 1104 1386 1140 Voces.

930 1171 1053 1206 Verba
1076 1170 1122 1205 ad
1148 1182 1217 1206 nos
1247 1175 1347 1205 recte
1376 1168 1599 1217 pertinentia
1624 1180 1690 1204 sua

982 1235 1067 1271 fecit
1106 1235 1293 1271 Primitiae
1331 1240 1482 1270 nostrae
1517 1233 1688 1271 Christus

983 1301 1031 1337 iii.
1054 1303 1128 1337 441
1149 1300 1212 1336 fin.

930 1366 1098 1401 Verbum
1118 1365 1200 1401 Deo
1224 1365 1371 1400 locutus
1392 1364 1514 1400 cibum
1537 1371 1594 1400 est
1615 1366 1692 1401 638

984 1431 1020 1472 b,
1037 1432 1111 1467 641
1129 1430 1151 1465 d
1185 1429 1596 1477 pseudoprophetarum
1614 1442 1695 1465 ver-

983 1496 1077 1531 bum
1097 1495 1202 1543 palea
1223 1497 1295 1531 641
1316 1495 1352 1530 d.

931 1561 1098 1597 Verbum
1128 1559 1211 1601 Dei,
1244 1572 1290 1595 ne
1320 1572 1435 1595 unum
1461 1559 1608 1607 quidem
1639 1559 1694 1594 id-

986 1638 1058 1673 que
1105 1625 1195 1661 mite
1243 1624 1458 1659 hominibus
1503 1623 1695 1660 tolerabile

989 1693 1090 1727 1014
1105 1703 1137 1727 e.

930 1759 952 1775 “
965 1756 1091 1792 Verba
1110 1755 1309 1798 malitiae‚’'
1328 1767 1422 1802 quae
1440 1757 1510 1791 121
1532 1766 1564 1790 e.

930 1822 1097 1858 Verbum
1118 1821 1319 1868 sapientiae
1344 1826 1381 1856 et
1408 1820 1583 1856 scientiae
1604 1832 1695 1867 quo-

982 1886 1095 1922 modo
1117 1886 1400 1933 distinguuntur
1419 1885 1460 1920 M
1481 1887 1545 1921 65.

929 1951 1061 1987 VERm
1095 1950 1185 1986 unio
1215 1950 1425 1986 arctissima
1462 1962 1547 1986 cum
1583 1962 1693 1985 carne

981 2019 1031 2053 95
1049 2029 1080 2057 e,
1103 2018 1153 2053 96
1168 2029 1200 2056 a,
1233 2019 1307 2052 377
1323 2016 1346 2051 b
1361 2028 1379 2050 c
1397 2015 1432 2056 d,
1465 2017 1541 2052 393
1559 2027 1590 2060 e,
1613 2017 1689 2052 485

981 2094 1012 2127 e,
1035 2083 1278 2118 6310—632
1296 2093 1329 2121 c,
1346 2082 1422 2117 863
1437 2093 1469 2123 e,
1496 2082 1596 2116 1112
1618 2093 1639 2115 a
1654 2080 1689 2121 b,

981 2146 1031 2181 iii.
1057 2147 1144 2190 369,
1173 2148 1250 2181 442

981 2223 1056 2245 non
1103 2215 1287 2245 mutatum
1335 2221 1404 2245 nec
1445 2209 1521 2256 pati
1568 2213 1692 2256 potest

982 2277 1031 2311 95
1049 2287 1081 2318 e,
1101 2276 1151 2311 96
1169 2275 1191 2310 b
1208 2286 1238 2315 c,
1269 2276 1318 2310 97
1341 2286 1372 2314 e,
1405 2276 1481 2310 375
1496 2286 1527 2314 e,
1559 2275 1635 2309 836
1658 2285 1690 2313 e,

985 2341 1085 2376 1112
1102 2339 1138 2381 b,
1156 2339 1206 2375 iii.
1225 2340 1424 2380 477-491,
1441 2340 1517 2374 493
1536 2350 1615 2385 sqq.
1646 2350 1692 2373 ne

1298 2146 1337 2179 in
1367 2144 1487 2180 carnis
1521 2149 1692 2178 naturam

981 2403 1178 2440 mutationi
1212 2404 1364 2439 obnoxii
1397 2404 1487 2439 fiant
1517 2409 1554 2438 et
1585 2402 1693 2438 Pater

981 2474 1018 2505 et
1046 2468 1206 2516 Spiritus
1237 2468 1397 2505 Sanctus
1417 2468 1464 2504 iii.
1488 2470 1564 2505 478
1613 2480 1691 2504 car-

981 2546 1068 2570 nem
1103 2533 1222 2570 Suam
1259 2533 1444 2569 inhabitat
1481 2535 1556 2571 397
1574 2533 1608 2578 d,
1639 2533 1689 2569 iii.

984 2602 1073 2641 421,
1104 2602 1181 2636 424
1232 2597 1399 2646 Corpore
1438 2598 1515 2634 Suo
1547 2598 1593 2634 ad
1632 2610 1689 2633 sa-

981 2664 1146 2699 nandum
1177 2668 1217 2699 ut
1242 2663 1352 2699 Vitae
1377 2662 1544 2711 Corpore
1573 2663 1691 2698 utitur

983 2730 1102 2765 603a
1154 2740 1288 2776 corpus
1332 2740 1407 2763 non
1446 2728 1532 2763 sine>
1569 2727 1693 2762 anima

982 2793 1183 2841 assumpsit
1230 2793 1273 2828 M
1314 2795 1363 2829 94
1403 2793 1476 2837 fin„
1514 2791 1565 2827 iii.
1599 2794 1690 2832 463,

982 2860 1070 2904 489,
1089 2860 1178 2899 494,
1198 2860 1287 2898 496,
1303 2859 1378 2894 497

979 2923 1028 2960 iii.
1051 2925 1139 2966 489,
1162 2926 1238 2960 500
1283 2928 1436 2958 naturae
1461 2921 1613 2957 omnino
1634 2921 1688 2956 di-

1418 2863 1455 2892 et
1472 2856 1587 2892 Suum
1603 2856 1691 2892 fecit
