2012 3272
103 133 141 159 V.
167 133 228 159 11.
426 118 500 158 IN
533 117 877 158 EPISTOLAM
914 118 996 158 AD
1035 117 1348 158 ROMANOS.
1604 120 1684 158 181

1802 184 1852 216 Μ.

101 230 396 293 φιλονεικοῦν
435 226 488 278 τὸ
522 227 579 295 ἐξ
614 228 756 277 αὐτοῦ
796 226 1048 291 γενήσεται
1087 226 1296 293 σπέρμα·
1347 227 1371 276 ὁ
1413 225 1460 277 δὲ
1500 227 1687 291 ἐπείπερ
1735 185 1785 226 [4
1871 185 1883 226 ]

99 310 233 372 ἐτίμα
268 308 350 359 τὸν
376 310 749 376 ὑπισχνούμενον
775 307 828 359 τὸ
854 308 1012 359 πάντα
1043 309 1276 359 δύνασθαι
1311 312 1585 374 κατορθοῦν,
1613 308 1688 358 διὰ

98 389 266 441 τούτου
309 392 632 457 ἐπιμαρτυρῶν
675 394 741 459 τῷ
783 394 904 459 Θεῷ,
942 391 1230 441 δεδικαίωται
1275 391 1384 456 παρ’
1426 391 1567 459 αὐτῷ,
1610 391 1686 440 καὶ

99 471 237 538 γέρας
275 473 495 541 ἀντάξιον
525 475 607 536 τῆς
642 474 763 523 οὕτω
799 476 1053 540 θεοφιλοῦς
1091 472 1324 538 ἐκομίζετο
1363 471 1553 537 γνώμης
1592 477 1687 522 τῶν

56 554 305 621 5ἀρχαίων
349 553 636 617 αἱτιαμάτων
680 553 766 617 τὴν
810 553 1092 617 ἀμνηστίαν.
1149 554 1279 617 πλὴν
1323 554 1519 604 ἐποιεῖτο
1568 552 1730 604 κατά5
1754 566 1815 602 Μ.

99 634 285 702 καιροὺς
323 637 584 701 γύμνασμα
623 639 688 704 τῷ
728 637 889 705 δικαίῳ
936 635 1058 689 Θεὸς
1103 635 1158 686 τὸ
1202 637 1281 687 ἐπί
1317 658 1371 702 γε
1412 639 1477 704 τῷ
1518 635 1687 686 Ἰσαὰκ

100 716 447 787 χρησμῴδημα·
502 718 612 768 ἀλλ’
650 717 707 782 ἧν
748 720 821 768 καὶ
861 719 930 768 ἐπ’
961 719 1085 786 αὐτῷ
1123 717 1295 771 πιστὸς
1334 719 1409 768 καὶ
1450 716 1687 785 φιλόθεος,

99 802 162 853 ὡς
186 802 268 863 τῆς
295 800 412 866 πρὸς
434 799 558 850 Θεὸν
585 799 774 864 ἀγάπης
799 799 1041 868 προτάξας
1070 800 1215 850 οὐδέν.
1260 799 1390 863 πλὴν
1416 799 1537 849 καθά
1563 804 1687 866 φησι

98 886 182 932 τοῦ
214 884 434 947 Σωτῆρος
475 883 499 932 ὁ
538 881 751 945 μαθητής
793 888 819 910 “
844 882 911 932 ‘H
947 882 1110 934 πίστις
1140 880 1366 947 συνήργει
1400 885 1496 934 τοῖς
1535 880 1688 946 ἔργοις
1707 895 1873 928 S·Jac-ii·

30 983 79 1009 10
99 969 126 992 ‘⁴
154 964 229 1013 καὶ
260 964 309 1014 ἐκ
340 968 434 1013 τῶν
469 964 619 1030 ἔργων
649 963 676 1026 ἡ
707 964 871 1017 πίστις
906 963 1212 1026 ἐβεβαιώθη·”
1268 963 1360 1031 ἔφη
1400 963 1455 1013 δέ
1481 985 1573 1014 που
1612 965 1687 1013 καὶ
1709 949 1759 969 ²²⁶

97 1043 236 1098 αὐτὸς
275 1046 300 1095 ὁ
339 1045 603 1109 θαυμάσιος
637 1049 834 1099 Παῦλος
872 1047 978 1111 περὶ
1016 1050 1100 1096 τοῦ
1136 1045 1437 1111 προπάτορος
1474 1044 1688 1109 Ἁβραάμ

99 1133 126 1156 ιι
153 1128 324 1178 Πίστει
372 1126 693 1195 προσενήνοχε
743 1126 826 1178 τὸν
869 1126 1038 1178 Ἰσαὰκ
1083 1126 1427 1193 πειραζόμενος,
1480 1128 1556 1177 καὶ
1606 1125 1689 1177 τὸν
1707 1130 1860 1216 &effi-935.

99 1215 126 1237 “
152 1212 382 1275 μονογενῆ
433 1208 729 1276 προσέφερεν
781 1210 805 1259 ὁ
857 1209 940 1262 τὰς
992 1209 1279 1274 ἐπαγγελίας
1330 1208 1688 1277 ἀναδεξάμενος,

99 1298 127 1319 “
153 1290 272 1356 πρὸς
315 1289 369 1341 ὃν
411 1291 626 1355 ἐλαλήθη
672 1292 758 1341 Ἐν
798 1290 968 1340 Ἰσαὰκ
1017 1289 1315 1354 κληθήσεταί
1350 1313 1430 1340 σοι
1475 1289 1682 1355 σπέρμα·

30 1387 78 1427 15
100 1379 127 1403 ‘⁵
153 1373 469 1439 λογισάμενος
507 1371 577 1423 ὅτι
614 1374 689 1423 καὶ
724 1373 774 1423 ἐκ
809 1377 984 1438 νεκρῶν
1018 1372 1208 1438 ἐγείρειν
1241 1371 1436 1425 δυνατὸς
1464 1374 1487 1422 ὁ
1516 1371 1686 1425 Θεός.”

98 1455 264 1505 οὐκοῦν
290 1456 375 1505 κᾶν
401 1457 438 1504 εἰ
476 1454 664 1519 λε’γοιτο
698 1454 842 1521 τυχὸν
881 1454 938 1522 ἐξ
969 1453 1118 1521 ἔργων
1145 1456 1477 1505 δεδικαιῶσθαι
1510 1453 1591 1504 διοί
1618 1476 1689 1504 τοι

97 1536 152 1586 τὸ
177 1540 506 1602 προσενεγκεῖν
536 1535 618 1586 τὸν
643 1535 812 1586 Ἰσαὰκ
847 1535 1193 1602 πειραζόμενον,
1220 1536 1330 1585 ἀλλ’
1361 1534 1417 1598 ἧν
1444 1538 1518 1586 καὶ
1551 1541 1689 1586 τοῦτο

97 1619 223 1688 αὐτῷ
248 1618 454 1671 πίστεως
480 1620 562 1680 τῆς
588 1616 890 1683 ἑδραιοτάτης
915 1616 1153 1686 ἀπόδειξις
1179 1616 1391 1683 ἐναργής.

278 1770 337 1812 Οὐ
376 1770 506 1818 μόνον
545 1770 604 1822 δὲ,
642 1770 754 1811 ἀλλὰ
795 1769 864 1811 καὶ
903 1768 1170 1825 καυχώμενοι
1207 1769 1252 1811 ἐν
1290 1770 1352 1824 τῷ
1390 1768 1503 1823 Θεῷ.
1710 1767 1810 1815 Κεφ.
1835 1763 1878 1805 ε’.

1712 1833 1753 1858 11
1777 1834 1831 1871 sq.

28 1887 79 1913 20
168 1868 231 1918 ‘O
259 1867 432 1933 Κύριος
458 1868 590 1931 ἡμῶν
615 1868 802 1931 Ἰησοῦς
823 1866 1037 1932 Χριστὸς
1064 1866 1150 1930 τὴν
1169 1865 1469 1935 ἀξιάγαστον
1495 1867 1687 1929 ἀληθῶς

96 1956 178 2001 τοῦ
223 1953 348 2000 Θεοῦ
385 1951 461 2000 καὶ
502 1949 691 2014 Πατρὸς
732 1949 991 2014 ἀγοίπησιν,
1036 1948 1094 2012 ἢν
1135 1953 1196 2001 εἰς
1237 1949 1357 2012 ἡμᾶς
1396 1945 1683 2013 ἐπεδείξατο,

95 2031 323 2085 καθιστὰς
351 2032 540 2098 ἐναργῆ,
568 2034 650 2095 τῆς
685 2031 802 2094 μετὰ
828 2029 1007 2096 σαρκὸς
1043 2029 1306 2093 οἰκονομίας
1345 2028 1399 2080 τὸ
1425 2028 1570 2095 πέρας
1607 2032 1683 2078 καὶ

93 2112 148 2164 τὸ
174 2115 247 2165 ἐπὶ
275 2114 341 2181 τῷ
379 2117 572 2182 σταυρῷ
605 2113 757 2166 ποίθος
787 2111 1091 2179 παρεκόμιζεν
1121 2115 1185 2166 εἷς
1210 2110 1464 2179 ἀπόδειξιν,
1491 2108 1583 2160 ὧδέ
1615 2132 1682 2172 πη

95 2195 250 2261 λέγων
280 2203 308 2225 “
334 2195 477 2246 Οὕτω
509 2194 602 2261 γὰρ
628 2193 879 2259 ἠγάπησεν
906 2195 930 2244 ὃ
958 2193 1080 2247 Θεὸς
1109 2192 1191 2244 τὸν
1218 2192 1415 2255 κόσμον,
1449 2190 1572 2242 ὥστε
1600 2190 1682 2241 τὸν
1700 2204 1904 2277 »Ῑῧόιῖοαη-ἰίί.

28 2298 76 2337 25
96 2285 122 2307 ‘⁶
151 2276 248 2328 υἱὸν
281 2278 422 2327 αὐτοῦ
460 2275 544 2327 τὸν
579 2279 810 2342 μονογενῆ
850 2276 1032 2338 ἔδωκεν,
1063 2275 1138 2325 ἵνα
1171 2279 1264 2328 πᾶς
1297 2276 1322 2324 ὁ
1357 2272 1594 2324 πιστεύων
1621 2276 1682 2326 εἰς
1746 2272 1753 2279 ’

96 2367 123 2389 “
148 2360 289 2410 αὐτὸν
327 2358 391 2422 μὴ
431 2358 681 2421 ἀπόληται,
715 2358 825 2407 ἀλλ’
855 2357 938 2424 ε”χῃ
978 2356 1098 2423 ζωὴν
1130 2355 1361 2407 αἱώνιον.”
1410 2355 1550 2426 ε”ᾅωκε
1589 2353 1683 2419 γὰρ

95 2443 157 2494 ὡς
196 2443 384 2504 ἀληθῶς
426 2439 538 2505 ὑπὲρ
581 2440 713 2503 ἡμῶν
756 2438 838 2489 τὸν
884 2439 1000 2489 ’ίδιον
1041 2437 1153 2489 υἱόν·
1202 2436 1593 2502 ἐκλελυτρώμεθα
1634 2434 1683 2486 δὲ

93 2524 236 2588 ἡμεῖς,
271 2520 624 2587 ἀπηλλάγμεθα
660 2521 865 2572 θανάτου
898 2523 973 2571 καὶ
1010 2520 1256 2586 ἁμαρτίας·
1309 2520 1363 2569 οὐ
1398 2518 1491 2584 γὰρ
1526 2517 1683 2583 ἑτερου

93 2605 217 2658 τινὸς
248 2603 384 2672 χάριν
410 2605 573 2669 γέγονε
611 2610 638 2631 “
665 2601 799 2671 σὰρξ
821 2603 846 2652 ὁ
874 2601 1030 2667 Λόγος
1057 2603 1131 2652 καὶ
1158 2600 1430 2664 ἐσκήνωσεν
1457 2601 1504 2649 ἐν
1531 2599 1679 2662 ἡμῖν,”
1701 2617 1752 2647 Ib.
1769 2617 1789 2646 i.
1810 2625 1858 2656 14-

23 2684 123 2750 3,οῆ
163 2686 239 2736 ἵνα
282 2685 365 2736 τὸν
401 2688 482 2748 τῆς
520 2684 700 2750 σαρκὸς
742 2684 947 2735 θάνατον
987 2681 1211 2744 ἀνατλὰς,
1254 2681 1554 2748 θριαμβεύσῃ
1599 2679 1682 2743 μὲν

1203 2762 1217 2778 Χ

95 2766 242 2834 ἀρχὰς
269 2770 343 2818 καὶ
369 2766 603 2834 ἐξουσίας,
625 2764 908 2832 καταργήσῃ
936 2764 984 2815 δὲ
1011 2767 1085 2815 καὶ
1113 2764 1254 2814 αὐτον
1280 2770 1307 2792 “
1324 2762 1408 2814 τὸν
1434 2762 1487 2812 τὸ
1514 2761 1683 2826 κράτος
1701 2779 1836 2810 Heb.ii.
1854 2787 1905 2819 14.

145 2882 178 2916 6.
204 2883 242 2916 τὸ
259 2888 482 2927 assumptum
501 2894 544 2916 ex
564 2882 606 2917 B.
793 2890 847 2927 27.
874 2883 892 2915 ὁ
910 2893 972 2926 pro
991 2882 1035 2916 ὡς
1053 2881 1095 2915 Β.
1280 2879 1335 2913 28.
1362 2877 1520 2921 ἑκατέρου
1540 2875 1620 2921 (sic)
1643 2875 1684 2909 B.

100 2938 157 2972 30.
182 2929 234 2962 καὶ
251 2940 312 2973 pro
330 2928 348 2972 ἢ
368 2929 449 2973 (sic)
469 2928 511 2962 Β.
