2012 3272
95 143 179 183 xxi.
202 144 292 183 1—6.
354 143 428 183 IN
472 143 513 183 S.
548 142 887 183 JOANNEM.
952 142 1075 181 LIB.
1110 141 1214 181 XII.
1278 142 1409 182 (JAP.
1445 143 1479 183 Ι.
1602 143 1682 181 159

94 254 157 304 ὡς
183 253 257 301 καὶ
287 250 368 302 τὸν
393 255 486 301 τῶν
512 250 658 316 ἁγίων
683 254 943 317 προφητῶν
970 251 1199 313 ἀτονῆσαι
1226 249 1390 315 λόγον.
1440 249 1679 314 τοιγάρτοι

93 335 168 383 καὶ
207 331 396 398 ἔκραζον
436 340 462 361 “
487 334 642 399 Κύριε,
670 333 738 385 τίς
774 332 1023 382 ἐπίστευσε
1057 336 1114 399 τῇ
1148 334 1264 399 ἀκοῇ
1301 332 1433 396 ἡμῶν
1452 332 1492 392 ;”
1533 332 1676 397 Ἰερε-
1743 347 1905 376 ΕεᾸίἰί-ι.

94 415 204 476 μιάς
243 413 291 464 δὲ
331 414 479 465 πάλιν
517 414 705 476 “Ο’ίμοι
744 413 849 479 ἐγὼ,
885 417 1045 480 μῆτερ,
1086 416 1147 466 ὡς
1185 412 1288 464 τινά
1326 436 1382 474 με
1422 414 1566 466 ε”τεκες
1601 413 1682 463 ἅν-
1742 411 1908 485 ἕξω-ΧΥ·

93 502 120 524 “
147 499 235 561 δρα
275 495 572 561 δικαζόμενον
612 499 685 546 καὶ
726 497 1076 562 δικαρινόμενον
1115 497 1162 546 ἐν
1201 496 1336 564 πάσῃ
1374 500 1432 564 τῇ
1468 500 1545 564 γῇ,
1578 497 1836 547 οὔτε81115
1854 508 1905 542 Α.

51 594 73 632 5
93 585 119 606 ‘⁶
147 578 396 646 ὠφέλησα,
424 580 526 630 οὔτε
554 578 785 646 ὠφέλησέ
817 601 874 641 με
912 579 1074 631 οὐδείς·
1120 580 1147 642 ἡ
1185 579 1323 646 ἰσχύς
1349 601 1440 641 μου
1466 578 1681 647 ἐξέλιπεν

93 668 121 689 “
148 662 194 710 ἐν
221 665 317 714 τοῖς
352 661 693 726 καταρωμένοις
724 661 826 723 με.”
881 665 981 713 πῶς
1017 661 1098 710 οὖν
1136 661 1219 711 οὐκ
1254 662 1302 710 ἐν
1328 660 1418 729 ἴσῳ
1447 665 1682 711 τεθεῖσθαι

95 743 194 806 δοίη
239 765 308 796 τις
352 741 410 792 ἂν
461 748 555 796 τοῖς
600 742 820 805 μηδόλως
863 741 1205 807 τεθηρευμένοις
1254 741 1337 793 τὸν
1388 745 1554 805 ἀπειθῆ
1607 745 1682 793 καὶ

94 826 316 890 δυσήνιον
340 826 556 893 Ἰσραὴλ,
584 826 659 877 ὅτε
694 829 769 877 καὶ
804 826 946 877 αὐτὸν
978 825 1060 876 τὸν
1087 827 1385 892 διορισθέντα
1422 825 1496 877 διὰ
1526 831 1678 878 Μωυ-

93 908 213 962 σέως
239 908 477 973 πεπάτηκε
505 909 677 972 νόμον,
722 908 792 959 ὅτι
828 907 874 959 δὲ
902 911 977 959 καὶ
1006 907 1122 972 αὐτὴ
1149 912 1244 959 τῶν
1269 910 1415 959 ἐθνῶν
1442 908 1470 972 ἡ
1496 908 1682 974 πληθὺς

27 1010 74 1035 10
94 990 412 1056 ἀσαγήνευτός
451 1014 500 1042 τε
532 990 589 1055 ἧν
615 990 697 1053 ἔτι,
728 992 803 1041 καὶ
830 993 912 1054 τῆς
943 995 1038 1041 τῶν
1065 991 1201 1041 θείων
1227 990 1520 1055 μαθημάτων
1545 1014 1678 1058 περι-

92 1075 244 1135 βολῆς
281 1072 371 1141 ἔξω
410 1074 620 1135 με’νουσα
656 1077 917 1133 παντελῶς,
953 1072 1136 1126 οὐδενὸς
1172 1071 1231 1123 ἂν
1265 1073 1375 1136 ἡμῖν
1410 1071 1530 1138 πρὸς
1563 1072 1682 1124 ἀπό-

94 1154 237 1222 δειξιν
263 1155 428 1219 δεήσαι
466 1153 629 1220 λόγου.
684 1153 868 1207 ἐκείνοις
908 1155 990 1205 οὖν
1017 1154 1108 1221 ἄρα
1141 1153 1314 1208 σκότος
1350 1154 1407 1220 ἦν
1432 1156 1480 1206 ἐν
1516 1156 1683 1224 καρδίᾳ

94 1238 170 1286 καὶ
203 1234 292 1305 νὺξ
329 1236 594 1301 διαβολικὴ,
618 1236 671 1287 τὸ
710 1239 792 1300 τῆς
831 1238 1037 1308 ἀληθοῦς
1074 1238 1365 1303 θεογνωσιάς
1404 1236 1729 1305 ἐξειργουσαί)

96 1322 214 1385 φῶς.
270 1319 435 1368 οὐκοῦν
463 1315 514 1369 δι’
543 1319 646 1379 ’ὅλης
677 1320 738 1371 ὡς
770 1318 878 1371 ε”πος
910 1322 1053 1369 εἰπεῖν
1083 1317 1384 1374 κοπιάσαντες
1416 1319 1490 1378 τῆς
1519 1320 1683 1380 νυκτὶς,

30 1399 271 1467 ῐὸὶχθύων
311 1400 376 1451 ἔτι
414 1400 710 1467 χηρεύουσαν
748 1399 834 1463 τὴν
873 1398 1090 1465 σαγήνην
1129 1399 1256 1468 εἶχον
1300 1400 1386 1464 τὴν
1429 1400 1601 1465 νοητὴν
1643 1405 1684 1451 οἱ

95 1479 188 1546 πρὸ
220 1483 301 1544 τῆς
328 1482 587 1546 ἐπιδημίας·
642 1482 813 1552 πρωίας
853 1479 898 1533 δὲ
936 1481 1179 1550 «γενομένης,
1208 1481 1439 1545 τουτέστι,
1467 1486 1686 1533 διαλελυ-

96 1563 235 1626 μένης
262 1562 350 1628 ἤδη
383 1566 466 1627 τῆς
499 1566 774 1627 διαβολικῆς
800 1563 978 1631 ἀχλύος
1005 1566 1081 1614 καὶ
1108 1565 1389 1631 ἀνίσχοντος
1418 1571 1501 1615 τοῦ
1527 1563 1686 1633 φωτὸς

96 1650 179 1695 τοῦ
221 1647 462 1709 ἀληθινοῦ,
502 1648 648 1708 δῆλον
689 1644 737 1696 δὲ
778 1645 849 1696 ὅτι
888 1649 1118 1711 Χριστοῦ,
1157 1645 1422 1710 πυθομένου
1467 1669 1515 1697 τε
1556 1646 1685 1712 παρὰ

97 1730 191 1776 τῶν
217 1725 558 1778 κεκοπιακότων
587 1726 673 1791 Μὴ
701 1727 793 1793 ἄρα
818 1750 863 1778 τι
889 1732 983 1778 τῶν
1011 1728 1158 1778 λίνων
1183 1727 1376 1795 ἔχουσιν
1400 1726 1542 1789 ἐντὸς,
1570 1727 1686 1794 ὅπερ

28 1827 77 1852 20
98 1805 155 1858 ἂν
187 1808 367 1874 γε’νοιτο
405 1809 559 1877 τροφὴ
598 1813 664 1878 τῷ
705 1808 790 1873 τὴν
831 1808 1057 1860 ἁπάντων
1096 1809 1230 1873 ἡμῶν
1268 1810 1509 1876 σωτηρίαν
1549 1811 1685 1860 οἱονεὶ

96 1894 310 1941 πεινῶντι
338 1892 461 1959 Θεῷ·
514 1895 702 1957 βρῶσιν
740 1889 833 1957 γὰρ
861 1892 1031 1942 οἰκείαν
1064 1890 1308 1954 ὠνόμασεν
1345 1892 1371 1956 ἡ
1408 1890 1571 1959 γραφὴ
1599 1889 1685 1955 τὴν
1746 1889 1856 1972 {¹¹15

99 1974 401 2037 Σαμαρειτῶν
426 1973 732 2040 ἐπιστροφήν·
785 1975 993 2039 ἐναργῶς
1023 1996 1073 2024 τε
1107 1978 1201 2024 τῶν
1233 1974 1543 2039 ἐρωτωμένων
1570 1978 1680 2025 διω-
1706 1990 1727 2017 0

96 2053 438 2119 μολογηκότων
478 2057 539 2109 ὡς
578 2054 711 2106 οὐδὲν
748 2055 802 2106 τὸ
841 2054 1068 2121 παράπαν
1107 2057 1238 2107 ἐστὶν
1277 2057 1446 2119 αὐτοῖς,
1479 2060 1686 2108 καθεῖναι

95 2135 244 2186 πάλιν
269 2134 500 2187 ἐπιτάττει
537 2138 584 2188 τδ
625 2134 798 2188 δίκτυον
835 2143 894 2192 εἰς
928 2138 989 2189 τὰ,
1020 2140 1093 2189 τοῦ
1125 2140 1282 2189 πλοίου
1317 2135 1457 2207 δεξιοί.
1513 2141 1687 2202 καθῆκε

29 2233 77 2272 25
98 2216 182 2280 μὲν
217 2216 310 2284 γὰρ
337 2222 412 2268 καὶ
440 2220 464 2269 ὁ
490 2218 715 2284 μακάριος
745 2222 962 2283 Μωυσῆς
996 2217 1050 2269 τὸ
1089 2222 1171 2283 τῆς
1212 2218 1500 2287 ὑφηγήσεως
1538 2221 1686 2280 λίνον,

99 2297 175 2349 διὰ
214 2306 404 2363 νομικοῦ
444 2300 492 2351 δὲ
528 2299 748 2364 δηλονότι
783 2299 1079 2367 γράμματος·
1135 2302 1245 2352 ἀλλ’
1287 2300 1466 2367 ἐγένετό
1500 2325 1601 2356 πως
1638 2303 1687 2353 ἐν

99 2381 347 2444 εὐωνύμοις
392 2383 419 2446 ἡ
465 2381 598 2448 θήρα,
645 2381 891 2447 νοουμένης
943 2385 991 2434 ἐν
1036 2383 1168 2453 δεξιᾷ
1216 2386 1300 2446 τῆς
1340 2389 1422 2434 τοῦ
1466 2386 1688 2450 Σωτῆρος

99 2462 231 2525 ἡμῶν
270 2464 477 2527 ἐντολῆς.
532 2463 698 2530 μείζων
738 2465 830 2531 γὰρ
873 2465 1170 2531 ἀσυγκρίτως
1210 2466 1286 2516 καὶ
1324 2466 1524 2529 ἀμείνων
1568 2465 1688 2516 κατὰ

98 2543 225 2594 πολὺ
262 2544 382 2596 κατά
416 2569 464 2596 τε
494 2546 632 2610 τιμὴν
664 2549 740 2597 καὶ
772 2546 918 2616 δόξαν
957 2552 1052 2598 τῶν
1089 2552 1290 2610 νομικῶν
1322 2547 1626 2610 ε’νταλμάτων
1660 2550 1686 2612 ἡ

32 2643 81 2679 30
101 2624 176 2676 διὰ
200 2629 417 2692 Χριστοῦ
457 2632 626 2678 νοεῖται
665 2630 923 2691 παίδευσις,
950 2631 1046 2680 ἐπεὶ
1078 2631 1154 2680 καὶ
1186 2634 1280 2680 τῶν
1306 2629 1466 2681 τύπων
1492 2630 1680 2696 προκεί-

101 2729 235 2758 σεται
279 2708 466 2763 πάντως
510 2710 538 2773 ἡ
580 2709 791 2774 ἀλήθεια,
835 2713 910 2761 καὶ
953 2711 1130 2762 οἰκέτου
1173 2710 1444 2776 Δεσπότης,
1486 2714 1560 2762 καὶ
1603 2717 1686 2762 τοῦ

152 2859 184 2895 5.
209 2851 302 2898 οὔτε]
323 2852 391 2888 οὔτ’
412 2854 452 2888 E.
595 2853 625 2888 6.
653 2869 693 2898 με
712 2861 933 2900 assumptum
954 2867 995 2889 ex
1018 2856 1056 2889 E.
1209 2856 1261 2890 18.
1288 2870 1324 2890 τε
1342 2861 1563 2898 assumptum
1583 2867 1623 2888 ex
1643 2854 1685 2888 E.

108 2906 163 2975 Ξῖ.
188 2903 322 2978 πὲιὲντι
341 2900 382 2934 Ε.
567 2912 622 2943 23.
648 2901 754 2936 ἐκθεὶς
772 2914 834 2946 pro
852 2902 999 2936 καθεῖναι
1019 2902 1059 2937 Ε.
1239 2911 1293 2947 27.
1319 2901 1403 2946 θήρα
1425 2901 1506 2936 EF.
1528 2900 1592 2934 Ed.
1612 2912 1684 2944 mg.

130 2956 191 2986 upa
268 2971 276 2979 .
