2017 3252
101 321 113 342 1
130 313 240 344 Thess.
256 324 287 345 v.

100 365 149 391 21,
166 366 215 386 22.

322 129 405 167 536

321 237 501 279 arbitror
533 242 575 279 et
619 239 738 280 valde
778 241 939 281 merito.

629 132 679 172 B.
715 133 965 173 CYRILLI
1003 134 1354 175 ALEXANDR.
1388 136 1611 176 FRAGM.

1015 241 1247 294 Oportebat
1279 242 1389 282 enim
1421 242 1637 295 oportebat
1670 242 1909 282 memoriam

321 305 470 346 habere
498 308 748 347 sanctissimi
770 308 901 357 Pauli,
924 308 1044 361 plane
1075 308 1291 349 scribentis
1321 310 1439 350 nobis
1471 310 1657 350 “Estote
1686 311 1909 363 prudentes

322 378 345 396 “
368 375 664 414 nummularii:
708 376 847 416 omnia
877 376 1057 429 probate,
1090 377 1199 430 quod
1230 377 1385 417 bonum
1415 381 1477 417 est
1507 381 1667 418 tenete:
1714 377 1765 418 ab
1795 378 1908 418 omni

322 446 345 464 “
369 443 501 495 specie
529 443 638 483 mala
665 443 870 484 abstinete
895 443 1008 484 vos”

1071 444 1193 485 Quod
1225 447 1267 484 et
1297 460 1418 497 agere
1446 445 1558 485 soliti
1586 460 1659 485 nos
1686 448 1728 485 et
1758 445 1907 485 solido-

321 524 413 549 rum
442 511 679 563 probatores
710 512 864 552 imitari
886 512 1141 562 festinantes,
1163 512 1234 552 illa
1254 513 1420 566 quidem
1448 528 1551 567 quae
1582 517 1679 553 sunt
1707 514 1845 567 turpia
1867 517 1908 553 et
1929 518 1950 556 5

320 578 491 631 reproba
526 578 725 632 dogmata
764 580 1040 633 reprobamus,
1081 580 1326 635 suscipimus
1358 596 1453 621 vero
1494 584 1536 621 et
1575 581 1693 621 valde
1733 581 1908 622 libenter

319 645 457 686 omnia
481 661 584 700 quae
612 648 874 701 resplendent
903 649 1011 689 clara
1032 648 1219 689 veritatis
1247 649 1568 702 pulchritudine.

1630 650 1791 689 Iterum
1812 665 1907 690 vero

318 713 437 754 nobis
459 715 564 755 ratio
585 720 847 756 convertetur
868 717 918 756 ad
940 717 1151 757 decentem
1173 716 1209 757 ei
1231 720 1272 757 et
1292 717 1545 770 propositam
1567 717 1691 758 viam.

378 782 589 836 Scriptum
606 787 668 824 est
683 784 816 838 igitur
831 784 936 824 bono
950 785 1080 825 Theo-

320 850 417 890 doro
450 852 644 892 adversus
684 853 870 892 haeresin
902 852 1079 892 Ariano-

319 933 412 958 rum
452 923 493 959 et
528 920 885 960 Eunomianorum
923 920 1080 974 viginti

318 1000 422 1039 pene
450 1002 619 1028 numero
640 988 705 1028 vel
727 988 944 1041 ampliores
970 988 1078 1038 libri,

318 1069 478 1095 necnon
500 1056 625 1096 etiam
654 1056 736 1105 alii,
759 1056 1079 1109 interpretantes

319 1123 578 1175 evangelicos
603 1127 645 1163 et
664 1124 907 1176 apostolicos
928 1123 1076 1163 libros:

317 1204 416 1243 quos
433 1191 598 1243 quidem
614 1190 772 1231 labores
789 1191 915 1231 nollet
931 1191 1078 1244 aliquis

316 1258 538 1311 increpare,
571 1259 706 1312 magis
742 1262 879 1299 autem
917 1259 1078 1299 decreto

316 1326 501 1365 studium
534 1326 762 1376 honoraret,
787 1326 821 1366 si
848 1326 1000 1367 inesset
1021 1326 1079 1367 eis

1209 784 1363 838 Scripti
1413 788 1511 825 sunt
1557 800 1581 825 a
1624 800 1776 839 magno
1818 787 1906 844 {1533

1148 852 1361 893 Theodoro
1402 852 1596 893 adversus
1636 852 1903 892 Arrianorum

1148 923 1188 960 et
1225 920 1581 960 Eunomianorum
1622 920 1804 960 haereses
1844 920 1904 960 vi-

1147 988 1259 1041 ginti
1309 988 1415 1028 forte
1466 992 1507 1028 et
1550 988 1684 1028 adhuc
1730 987 1907 1041 amplius

1148 1056 1241 1095 libri
1271 1060 1313 1096 et
1343 1056 1423 1095 alia,
1452 1059 1614 1109 practer
1645 1056 1742 1095 haec
1766 1056 1904 1095 Evan-

1147 1123 1280 1177 gelica
1311 1127 1352 1163 et
1382 1123 1622 1177 Apostolica
1657 1123 1808 1176 scripta
1842 1123 1906 1162 in-

1146 1194 1397 1244 terpretatus
1425 1194 1498 1232 est.
1559 1191 1617 1231 Et
1643 1191 1718 1231 hos
1739 1190 1903 1244 quidem

1145 1259 1303 1299 labores
1333 1259 1472 1299 nullus
1503 1273 1625 1298 ausus
1655 1262 1745 1299 est*
1776 1259 1905 1298 incre-

1145 1342 1241 1380 pare
1266 1328 1335 1367 sed
1359 1327 1502 1367 dextro
1524 1326 1685 1367 decreto
1706 1326 1904 1367 honorare

1146 1395 1331 1435 studium
1394 1398 1599 1435 rectorum
1658 1394 1904 1448 dogmatum

1144 1463 1253 1516 quod
1284 1462 1327 1502 in
1358 1462 1416 1503 eis
1447 1466 1520 1503 est.

377 1529 421 1568 Si
438 1545 534 1570 vero
551 1531 719 1584 quidam
737 1534 854 1570 extra
870 1530 1123 1571 destinatum
1145 1531 1342 1580 ambulet,
1358 1534 1399 1571 et
1420 1533 1573 1571 rectam
1587 1529 1697 1570 viam
1714 1529 1902 1570 veritatis

316 1393 560 1447 dogmatum
582 1394 797 1436 rectitudO.

316 1596 563 1651 relinquens,
587 1613 658 1652 per
686 1599 877 1639 semitam
905 1602 972 1639 eat
997 1599 1232 1648 distortam,
1265 1598 1639 1652 simpliciorumque
1670 1597 1790 1638 corda
1810 1597 1901 1637 vul-

315 1669 445 1716 neret,
470 1666 796 1707 adulteratorum
825 1666 882 1706 eis
913 1666 1101 1720 injiciens
1130 1667 1417 1707 intellectuum
1447 1667 1612 1715 semina,
1635 1669 1736 1706 tunc
1767 1666 1901 1719 requi-

318 1748 449 1774 escere
470 1749 555 1774 non
576 1735 664 1774 sine
680 1735 830 1774 damno
853 1734 932 1775 erit
953 1735 1009 1775 eis
1031 1735 1101 1788 qui
1118 1735 1281 1788 populis
1300 1735 1545 1788 praesident,
1565 1733 1789 1773 mercedem
1808 1748 1901 1773 vero

317 1801 531 1842 habebunt
556 1806 597 1842 et
624 1803 800 1852 lucrum,
823 1803 855 1842 si
877 1803 1084 1843 resistant.
1145 1804 1258 1856 Ergo
1280 1802 1473 1857 quoniam
1504 1802 1547 1841 in
1578 1801 1642 1841 his
1672 1802 1787 1841 libris
1818 1802 1902 1842 sive

318 1870 534 1910 memorati
569 1870 649 1910 viri
685 1870 925 1923 conscriptis
957 1886 1059 1924 quae
1094 1872 1213 1911 modo
1250 1870 1567 1919 nominavimus,
1599 1870 1769 1909 inventa
1804 1873 1901 1910 sunt

317 1938 518 1991 quaedam
549 1939 720 1978 ultimae
752 1939 981 1992 impietatis
1015 1939 1148 1991 plena,
1173 1939 1376 1992 quomodo
1408 1941 1495 1978 erat
1525 1953 1773 1991 consequens
1799 1938 1902 1978 velle

317 2007 482 2046 tacere?
520 2006 684 2046 Dividit
713 2008 823 2046 enim
854 2007 1117 2046 individuum
1140 2006 1354 2046 Christum
1377 2010 1417 2046 ct
1437 2021 1509 2059 pro
1531 2020 1612 2045 uno
1635 2006 1738 2046 Filio
1769 2005 1900 2046 duali-

316 2078 448 2114 tatem
470 2074 565 2114 colit
579 2090 603 2115 a
618 2075 793 2115 veritate
816 2075 1071 2115 excidentcm
1088 2078 1129 2115 et
1149 2074 1264 2128 quasi
1285 2074 1397 2114 falsis
1413 2073 1649 2113 nominibus
1666 2073 1899 2114 coloratam.

318 2142 425 2182 Nam
447 2142 584 2183 Deum
604 2143 789 2183 Verbum
814 2143 898 2183 Qui
928 2157 977 2182 ex
1001 2142 1089 2183 Dco
1115 2143 1236 2182 Patre
1269 2146 1344 2192 est,
1376 2143 1586 2182 hominem
1617 2142 1753 2182 vocari
1785 2142 1899 2191 dicit,

315 2225 398 2251 non
419 2214 559 2250 tamen
587 2215 628 2252 et
657 2211 734 2251 hoc
758 2211 914 2251 factum
935 2225 1021 2251 esse
1053 2211 1277 2251 secundum
1298 2210 1541 2259 veritatem3
1572 2210 1780 2249 hominem
1804 2224 1898 2249 vero

317 2294 410 2336 eum
446 2279 517 2333 qui
552 2294 601 2320 ex
633 2278 770 2319 Maria
801 2283 874 2329 est,
908 2279 1014 2320 sicut
1046 2278 1147 2319 dicit
1182 2294 1304 2333 quem
1338 2282 1380 2319 et
1412 2293 1575 2319 carnem
1610 2280 1747 2318 astute
1781 2277 1900 2318 nobis

1630 2427 1663 2461 3.
1689 2416 1831 2450 retinete
1851 2417 1897 2451 D.

368 2429 397 2452 1.
424 2418 606 2463 oportebat
624 2419 685 2452 alt.
704 2423 910 2463 assumptum
928 2430 966 2452 eoe
984 2418 1031 2458 D,
1053 2418 1185 2452 Bellov.
1205 2418 1240 2451 in
1261 2418 1382 2451 Baluz.
1693 2464 1713 2495 8

1719 2489 1726 2495 .
1753 2475 1897 2496 conver-

317 2476 351 2506 4.
377 2476 439 2497 vos
458 2465 628 2498 abstinete
646 2466 779 2498 inverso
797 2465 916 2498 ordine
935 2465 980 2505 D,
1002 2465 1134 2498 Bellov.
1200 2464 1416 2497 soliditorum
1437 2464 1484 2497 D.

316 2517 411 2544 tatur
428 2510 658 2544 adducentem
679 2512 724 2545 D.
886 2522 990 2555 9—19.
1021 2511 1114 2548 Quae
1131 2512 1284 2544 columna
1303 2522 1323 2542 α
1341 2510 1459 2543 dextra
1472 2509 1588 2553 posita
1605 2509 1746 2547 exhibet,
1766 2521 1803 2541 ea
1820 2514 1899 2543 sunt

317 2568 334 2589 e
359 2557 520 2590 citatione
538 2556 703 2596 Facundi,
723 2556 925 2590 defensione
950 2558 1056 2590 trium
1083 2558 1315 2601 capitulorum
1340 2556 1400 2589 lib.
1419 2556 1465 2588 iii.
1484 2567 1517 2599 3.
1537 2561 1567 2588 et
1587 2564 1605 2597 5
1629 2561 1662 2588 et
1687 2555 1810 2588 iterum
1836 2556 1897 2590 lib.

316 2603 387 2636 viii.
407 2602 441 2637 6.
588 2614 641 2637 10.
668 2603 823 2636 heresem
842 2604 1055 2636 arrianorum
1079 2604 1123 2637 D.
1271 2612 1324 2644 15.
1347 2602 1474 2646 aliquid
1496 2602 1542 2635 D.
1688 2601 1742 2635 16.
1761 2601 1898 2636 decreto

318 2649 416 2682 detro
443 2648 576 2683 Bellov.
602 2649 739 2682 decreto
765 2654 880 2682 vestro
909 2649 954 2688 D,
982 2648 1118 2682 decreto
1145 2648 1212 2683 Ed.
1262 2649 1367 2682 Recte
1392 2653 1430 2681 ut
1454 2648 1587 2682 videtur
1612 2646 1734 2681 dextro
1759 2647 1898 2682 decreto

317 2695 449 2729 eoehibet
467 2695 657 2729 Facundus.
871 2695 891 2715 '¹‘
920 2695 974 2728 De
992 2695 1045 2728 his
1064 2695 1177 2728 verbis
1195 2694 1438 2728 animadvertit
1456 2693 1661 2728 Gallandius
1680 2694 1715 2727 in
1733 2694 1810 2736 loc.,
1831 2694 1900 2727 Sed

318 2743 414 2785 lonqe
431 2742 629 2786 discrepans
646 2746 676 2774 et
691 2741 824 2775 diversa
843 2745 892 2774 est
907 2741 1029 2784 synodi
1047 2742 1158 2779 lectio,
1172 2742 1223 2774 ita
1239 2745 1276 2773 ut
1298 2741 1503 2774 Theodorum
1515 2740 1753 2784 perstrinyant
1774 2740 1898 2784 cyrilli

316 2789 429 2830 verba,
461 2800 546 2832 quae
579 2789 640 2821 hoc
668 2789 740 2821 loco
770 2788 817 2820 ad
849 2788 920 2830 ejus
953 2787 1095 2826 laudem,
1121 2792 1296 2832 postrema
1324 2791 1427 2831 parte
1459 2787 1593 2827 omissa,
1628 2787 1896 2829 transferuntur.

318 2845 374 2868 21.
400 2834 468 2878 eat]
488 2841 521 2868 et
540 2834 620 2879 (sic)
643 2835 687 2869 D.
807 2845 862 2867 22.
888 2833 1027 2866 initiens
1048 2834 1093 2868 D.
1159 2834 1305 2867 seminat
1323 2833 1417 2866 hunc
1437 2833 1482 2867 D.
1598 2843 1654 2877 23·
1678 2832 1830 2876 dampno
1849 2832 1896 2866 D.

318 2891 373 2922 24.
400 2881 427 2914 si
447 2893 509 2914 om.
530 2881 577 2916 D.
745 2880 800 2914 26.
825 2879 914 2924 erat]
933 2886 966 2913 et
986 2879 1032 2914 D.
1199 2890 1254 2924 27.
1282 2878 1423 2913 Dividet
1442 2879 1579 2913 Surius.
1747 2889 1803 2924 31.
1830 2890 1896 2923 que

316 2933 349 2960 et
367 2938 469 2961 carne
488 2927 535 2962 D.

1929 868 1977 892 10

1929 1204 1974 1241 15

1924 1549 1974 1573 20

1920 2231 1971 2266 30
