1981 3267
255 109 312 148 30
650 107 701 147 B.
734 106 1016 148 CYRILLI
1057 108 1440 151 ALEXANDR.
1560 112 1759 167 xviii.15‚
1782 114 1847 154 16.

257 217 383 268 τάτω
409 217 566 271 τιθείς.
618 216 677 267 τὰ
711 215 804 282 γάρ
830 239 901 267 τοι
929 221 1024 267 τῶν
1051 218 1491 282 ἀνδραγαθημάτων
1517 221 1745 289 ἐξαίρετα,
1774 224 1851 272 καὶ

258 304 296 352 εἰ
328 301 543 368 φαίνοιτο
572 298 717 366 τυχὸν
748 297 911 349 ἐνόντα
943 300 1040 349 τισὶ
1081 303 1175 349 τῶν
1209 300 1256 350 οἵ
1289 323 1344 364 γε
1383 306 1647 371 φρονοῦσιν
1685 305 1852 369 ὀρθῶς,

260 383 370 433 ἀλλ’
408 383 491 433 οὐκ
532 380 591 432 ἂν
630 381 689 431 ἴοι
728 379 842 432 ποτὲ
883 378 959 430 διὰ
1000 383 1083 444 τῆς
1123 382 1278 432 αὐτῶν
1318 384 1537 448 γλώττης
1579 389 1641 438 εὶς
1683 385 1854 450 ἑτέρων

262 463 421 518 ἀκοάς.
479 462 810 527 ἀκοσμότατον
842 462 935 528 γάρ
963 485 1007 513 τι
1041 465 1201 530 χρῆμα
1227 469 1472 518 παντελῶς
1499 464 1553 516 τὸ
1580 465 1645 529 μὴ
1671 466 1746 517 διὰ
1770 469 1854 530 τῆς

262 547 430 613 ἑτερων
471 548 631 613 φωνῆς
671 542 1041 610 ἐγκωμιάζεσθαι
1084 545 1276 607 μᾶλλόν
1318 568 1447 600 τινας
1488 547 1606 611 ἠπερ
1645 548 1702 616 ἐξ
1737 549 1894 614 ἱδίου5

39 647 137 698 Prog.
265 628 518 692 στόματος.
571 650 647 678 και
686 632 802 692 γοῦν
847 627 872 676 ὁ
914 626 1261 693 παροιμιαστής
1309 634 1336 656 ‘⁶
1350 629 1708 696 Ἐγκωμιαζέτω
1753 631 1850 693 σε,”

39 700 189 723 xxvu.2.
266 713 487 781 φησιν,“
508 711 533 761 ὁ
567 708 719 763 πέλας
758 732 834 759 και
868 706 933 772 μὴ
964 707 1018 759 τὸ
1058 707 1150 759 σὸν
1182 708 1356 772 στόμα,
1383 709 1637 777 ἀλλότριος
1676 734 1752 762 και
1786 711 1852 776 μὴ

267 801 293 824 ‘4
360 793 372 810 Χ
453 791 466 809 Χ
561 793 572 810 Ι
650 790 674 807 '5

319 816 377 844 τα
405 816 472 843 σα
496 799 647 860 χειλη.

220 937 315 979 b‘O
348 937 395 979 δὲ
426 937 622 986 μαθΗτι“ιε
655 934 819 979 ἐκεῖνος
852 937 1040 985 Γνωστόε
1079 934 1128 978 ἦν
1166 937 1227 991 τῷ
1264 934 1466 994 ἀρχιερεῖ,
1503 938 1571 979 καὶ
1604 941 1855 980 συνεισῆλθε

548 1023 609 1075 τῷ
643 1022 782 1062 ἸΗσοῦ
821 1019 881 1062 εἷς
919 1020 995 1062 τήν
1034 1019 1170 1061 αὐλὴν·
1209 1023 1282 1061 τοῦ
1321 1020 1575 1077 ἀρχιερέως.
1877 1041 1928 1067 10

341 1134 768 1202 Προνοητικώτατα
814 1133 964 1186 πάλιν
1008 1136 1084 1186 καὶ
1133 1134 1270 1202 μέχρι
1321 1137 1403 1198 τῆς
1448 1134 1629 1185 τούτων
1674 1134 1857 1186 κάτεισι

264 1216 464 1282 μνήμης,
498 1219 573 1268 καὶ
611 1222 922 1282 λεπτολογεῖν
961 1218 1014 1268 οὐ
1050 1221 1340 1283 παραιτεῖται
1380 1217 1489 1267 λίαν
1528 1216 1604 1268 διὰ
1638 1217 1692 1268 τὸ
1734 1222 1858 1269 πᾶσι

266 1300 530 1353 λυσιτελές.
578 1299 733 1363 ἐπειδὴ
766 1299 860 1365 γὰρ
885 1299 1056 1362 ἔμελλε
1095 1301 1171 1349 καὶ
1210 1297 1269 1349 τὰ
1306 1300 1354 1349 ἐν
1385 1299 1502 1366 αὐτῇ
1541 1297 1770 1364 γεγονότα
1808 1322 1857 1350 τε

268 1383 342 1432 καὶ
376 1381 590 1447 εἰρημένα
615 1385 672 1450 τῇ
707 1383 780 1432 τοῦ
811 1379 1038 1450 ἀρχιερέως
1073 1383 1194 1448 αὐλῇ
1220 1384 1315 1433 τοῖς
1342 1380 1472 1434 ἰδίοις
1497 1380 1859 1446 ἐγκατατάττειν

267 1462 659 1530 συγγράμμασιν,
691 1462 1068 1529 ἀναγκαιοτάτην
1105 1460 1268 1528 ὥσπερ
1303 1463 1378 1512 καὶ
1417 1460 1504 1526 τὴν
1541 1468 1624 1513 τοῦ
1663 1465 1852 1528 δεδυνῆ-
1881 1482 1928 1520 15

217 1569 241 1597 c
268 1551 383 1597 σθαι
408 1549 770 1613 συνεισδραμεῖν
795 1546 1060 1610 ἀπολογίαν
1087 1545 1196 1608 ἡμῖν
1221 1545 1495 1609 ἐποιήσατο·
1543 1544 1739 1610 γνωστὶς
1765 1544 1859 1611 γὰρ

269 1626 312 1689 ἧν
343 1634 466 1697 φησι
495 1628 555 1696 τῷ
589 1630 791 1699 ἀρχιερεῖ,
846 1625 1192 1688 συνεισβάλλει
1224 1631 1476 1692 τοιγαροῦν
1502 1626 1854 1690 ἀδιακωλύτως,

269 1713 352 1774 τῆς
386 1714 449 1764 εἰς
483 1708 566 1761 τὸν
600 1709 861 1776 ἡγούμενον
899 1709 1138 1775 γνώσεως·
1194 1709 1361 1776 φιλίαν
1402 1708 1496 1774 γὰρ
1536 1710 1619 1760 οὐκ
1653 1709 1860 1777 ἠξίωσεν

270 1798 429 1845 εἰπεῖν·
477 1791 869 1859 ἀπαραπόδιστον
908 1792 1034 1860 αὐτῷ
1065 1791 1393 1859 προξενούσης
1427 1790 1513 1854 τὴν
1552 1794 1614 1844 εἷς
1651 1790 1706 1841 τὸ
1746 1790 1860 1841 εἵσω

271 1875 520 1927 διέλευσιν.
573 1875 647 1925 ἵνα
679 1875 834 1925 τοίνυν
859 1872 1139 1936 πιστεύηται
1175 1874 1251 1923 καὶ
1277 1871 1337 1923 τὰ
1362 1874 1409 1923 ἐν
1435 1876 1494 1940 τῇ
1521 1874 1644 1941 αὐλῇ
1671 1896 1854 1939 πεπρα-
1882 1898 1932 1923 20

270 1957 422 2023 γμένα
455 1958 701 2018 συντιθεὶς,
729 1959 791 2010 ὡς
818 1957 871 2007 οὐ
906 1954 983 2005 διὰ
1016 1957 1098 2019 τῆς
1125 1953 1293 2020 ἑτέρων
1318 1955 1644 2020 δεδιδαγμένος
1677 1959 1857 2023 φωνῆς,

270 2042 380 2089 ἀλλ’
421 2038 560 2093 αὐτὸς
598 2043 693 2089 τῶν
727 2037 1070 2104 πεπραγμένων
1105 2037 1278 2103 θεωρός
1311 2059 1360 2087 τε
1399 2035 1498 2100 ἅμα
1532 2038 1608 2088 καὶ
1637 2038 1861 2101 αὐτήκοος

269 2120 525 2183 καταστὰς,
552 2120 922 2188 χρησιμωτάτην
959 2120 1069 2184 ἡμῖν
1103 2118 1362 2184 ἐποιήσατο
1401 2120 1476 2169 καὶ
1514 2117 1601 2183 τὴν
1638 2122 1742 2185 περὶ
1781 2122 1863 2185 τῆς

224 2203 492 2270 ᾶγνώσεως
525 2202 770 2272 ἐξήγησιν.

204 2363 319 2405 16‘O
358 2364 402 2405 δὲ
440 2364 605 2421 Πέτρος
643 2362 829 2406 εἱστήκει
867 2365 974 2421 Πρὸς
1011 2368 1062 2423 τῷ
1103 2365 1208 2422 θύρᾳ
1245 2364 1347 2407 ἔξω.
1395 2364 1577 2408 ἐξῆλθεν
1614 2361 1687 2404 οὖν
1724 2364 1746 2406 ὀ
1783 2377 1862 2412 μα·
1884 2378 1933 2417 25

337 2448 469 2489 θΗτιίε
508 2449 529 2490 ὁ
568 2448 715 2500 ἄλλος,
751 2448 799 2490 ὃς
843 2446 894 2490 ἦν
933 2448 1123 2496 Γνωστὸε
1165 2452 1240 2490 τοῦ
1279 2449 1531 2506 ἀρχιερέως,
1570 2447 1639 2489 καὶ
1677 2443 1770 2489 εἶπε
1809 2450 1861 2506 τῷ

337 2532 520 2588 θυρωρῷ
558 2530 622 2572 καὶ
661 2529 861 2579 εἶσύτοιτε
898 2531 972 2573 τὸν
1010 2532 1192 2589 Πέτρον.

344 2645 450 2695 Οὐκ
488 2642 547 2694 ἂν
586 2643 862 2710 ὑστέρησεν,
902 2643 1020 2694 ὅσον
1057 2644 1167 2708 ἧκεν
1208 2647 1271 2698 εἷς
1308 2644 1574 2710 προθυμίαν
1615 2645 1698 2707 τῆς
1742 2643 1859 2695 ἶδιάς

269 2728 444 2794 ψυχῆς,
483 2731 567 2777 τοῦ
607 2730 947 2786 συνεισβαλεῖν
989 2731 1007 2778 ὁ
1054 2725 1229 2794 Πέτρος,
1267 2729 1305 2777 εὶ
1343 2725 1408 2790 μὴ
1453 2728 1536 2790 τῆς
1573 2725 1862 2792 προθυραίου

320 2885 346 2908 1A
375 2872 529 2918 ἐξαίρετα
549 2872 590 2906 Ε.
609 2871 777 2917 ἐξαίρεται
796 2871 863 2907 Ed.
1000 2883 1034 2917 9.
1059 2870 1224 2917 μαθητὴς]
1243 2870 1406 2916 ματθαῖος
1425 2871 1511 2916 (sic)
1530 2871 1573 2906 Ε.
1718 2870 1774 2906 26.
1799 2874 1860 2905 τοῦ

267 2920 453 2965 ἀρχιερέως
470 2920 513 2955 Ε.
531 2922 577 2966 τῷ
595 2918 747 2964 ἀρχιερεῖ
766 2918 833 2953 Ed.
