1997 3262
295 180 378 220 338
525 180 574 219 B.
609 176 853 218 CYRILLI
890 175 1234 216 ALEXANDR.
1274 173 1645 214 FRAGMENTA
1727 173 1783 212 iii.
1809 172 1871 211 18.

87 245 99 287 [
116 255 154 287 91
176 245 224 276 M.
243 245 256 286 ]

230 349 441 401 18“Ημεῖο
480 350 525 391 δὲ
563 351 718 391 Πάντες
756 348 1151 401 ἀνακεκαλυμμένῳ
1189 346 1411 403 Προοὼπῳ
1448 346 1523 388 τι-ἰν
1563 347 1691 390 δόξαν
1724 345 1873 402 Κυρίου

364 434 735 489 κατοπτριζόμενοι
766 432 842 472 τὴν
870 430 1000 472 αὐτὴν
1028 428 1172 472 εἰκόνα
1206 430 1597 486 μεταμορφούμεθα
1625 429 1710 471 ἀπὸ
1746 429 1873 471 ὃόΕΗε

363 515 421 557 εἷς
460 516 602 563 δόξαν,
642 510 958 571 καθάπεράτῐό
999 513 1145 570 Κυρίου
1184 514 1437 561 Πνεύματοε.

374 642 559 701 Μωσῆς
598 637 682 702 μὲν
720 637 814 703 γὰρ
852 638 1046 688 ἐπετίθει
1085 638 1232 705 ἑαυτῷ
1268 636 1492 699 κάλυμμα
1523 636 1598 686 διά
1624 659 1695 687 τοι
1725 634 1779 686 τὸ
1810 634 1875 699 μὴ

72 722 180 804 {upra
191 732 258 753 ‘⁷⁶³¹‘
299 719 530 771 δύνασθαι
556 719 662 773 τοὺς
689 719 810 773 υἱοὺς
837 717 1039 783 Ἰσραὴλ
1067 722 1265 769 κατιδεῖν
1292 724 1318 748 “
1334 718 1420 782 τὴν
1445 717 1590 785 δόξαν
1616 723 1698 768 τοῦ
1723 739 1876 784 προσ·
1896 732 1918 770 5

300 808 326 831 “
353 801 482 852 ώπου
508 802 695 851 αὐτοῦ·”
748 802 944 868 ψυχικοὶ
980 799 1072 866 γὰρ
1099 799 1225 864 ἦσαν
1251 801 1326 851 καὶ
1358 801 1573 865 σαρκικοῖ
1600 801 1674 849 καὶ
1701 800 1876 852 ἀτελεῖς

298 886 361 937 εἰς
398 883 578 934 πίστιν·
633 882 759 946 ἡμεῖς
800 882 848 933 δὲ
881 886 923 932 οἱ
954 883 1118 933 πιστοὶ
1157 881 1233 932 διὰ
1262 884 1344 944 τῆς
1370 886 1451 932 τοῦ
1481 879 1753 943 Πνεύματος
1791 883 1873 947 δᾳ·-

299 966 486 1032 δουχίας
535 963 900 1031 πεφωτισμένην
942 964 1126 1031 ἔχοντες
1178 962 1263 1026 τὴν
1307 963 1500 1029 καρδίαν
1545 964 1620 1013 καὶ
1664 965 1878 1027 καθαρῶς

299 1047 493 1109 βλέπειν
519 1045 671 1097 εἰδότα
704 1049 784 1109 τῆς
824 1045 1026 1098 διανοίας
1063 1044 1145 1095 τὸν
1171 1043 1425 1113 ὀφθαλμὸν
1459 1041 1878 1113 ἀνακεκαλυμμένῳ

300 1127 522 1197 προσώπῳ
562 1127 817 1190 τεθεοῖμεθα
861 1126 943 1177 τὸν
986 1125 1176 1192 Κύριον·
1231 1124 1468 1189 λελάληκε
1514 1124 1607 1190 γὰρ
1649 1125 1758 1188 ἡμῖν
1803 1125 1878 1174 καὶ
1901 1150 1950 1175 10

301 1208 439 1278 ὤφθη
478 1210 525 1258 ἐν
566 1207 683 1276 δόξῃ
729 1211 803 1258 καὶ
845 1209 1049 1274 ὑπεροχῇ
1087 1211 1146 1274 τῇ
1184 1206 1582 1275 θεοπρεπεστάτῃ·
1626 1206 1749 1257 Θεὸν
1786 1205 1880 1272 γὰρ

301 1289 441 1341 αὐτον
480 1290 747 1355 ἐγνώκαμεν
785 1292 1056 1380 χαρακτῆρα
1097 1292 1179 1352 τῆς
1219 1288 1529 1342 ὑποστασεως
1559 1293 1642 1339 τοῦ
1672 1287 1876 1352 Πατρός.

302 1374 364 1425 ὡς
408 1373 456 1422 ἐν
500 1370 719 1441 ἐσόπτρω
764 1371 844 1422 οῦν
888 1375 1149 1435 θεωροῦμεν
1198 1393 1283 1434 την
1331 1370 1458 1421 θείαν
1499 1393 1573 1420 και
1616 1369 1881 1435 ἀπόῤῥητον

302 1454 466 1521 φύσιν,
493 1451 871 1517 μεταπλάττεται
908 1452 1001 1518 γὰρ
1040 1449 1203 1517 ὥσπερ
1242 1455 1336 1501 τῶν
1366 1451 1685 1502 πιστευόντων
1716 1452 1741 1500 ὁ
1776 1455 1882 1504 νοῦς

302 1537 351 1586 ἐκ
373 1538 560 1598 νομικῆς
576 1535 820 1598 εὐμαθειας
840 1538 902 1587 εἷς
927 1535 1174 1585 παιδευσιν
1196 1531 1516 1598 εὐαγγελικὴν,
1543 1555 1619 1583 και
1644 1554 1877 1597 μεταμορ-
1902 1556 1949 1594 15

303 1621 473 1686 φοῦται
511 1615 687 1713 τρόπον
718 1615 821 1666 τινὰ
860 1619 922 1669 εἷς
962 1614 1139 1679 εἴδησιν
1179 1613 1265 1677 τὴν
1305 1613 1632 1677 πνευματικὴν,
1673 1617 1811 1667 σκιᾶς
1852 1611 1880 1677 ἢ

302 1698 462 1750 τύπων
500 1699 582 1748 οὐκ
617 1696 910 1764 ἀνεχόμενος,
953 1697 1062 1747 ἀλλ’
1101 1697 1150 1746 ἐκ
1190 1693 1314 1765 &inc
1352 1698 1435 1758 τῆς
1470 1694 1589 1746 κατὰ
1623 1693 1705 1745 τὸν
1739 1694 1882 1757 νόμον

306 1785 365 1835 εἰς
404 1777 450 1830 ὃο
443 1779 535 1848 Ξαν
568 1779 728 1844 ἑτεραν
762 1778 847 1841 τὴν
874 1780 921 1828 ἐν
947 1781 1146 1846 Χριστῷ
1186 1776 1261 1827 διὰ
1299 1775 1554 1844 Πνευματος
1593 1780 1883 1842 μεταφοιτᾶν

304 1860 544 1928 ᾑρημένος.
607 1861 773 1910 οὐκοῦν
811 1885 879 1918 την
921 1857 1046 1919 αὐτην
1086 1860 1228 1910 εἱκόνα
1265 1856 1687 1927 μεταμορφούμεθα·
1746 1861 1878 1920 μεθι-

305 1941 503 1995 στάντες
542 1941 633 2007 γὰρ
659 1940 764 1994 τοῦς
799 1941 970 1993 τύπους
1003 1944 1064 1993 εἷς
1100 1939 1336 2004 ἀλήθειαν,
1365 1941 1439 1990 καὶ
1465 1941 1515 1990 ἐκ
1543 1942 1626 2003 τῆς
1658 1937 1777 1989 κατὰ
1801 1938 1883 1989 τὸν
1904 1964 1954 1988 20

305 2023 448 2086 νόμον
478 2028 615 2076 σκιᾶς
653 2022 706 2073 τὸ
746 2026 960 2088 Χριστοῦ
999 2020 1259 2087 μυστήριον
1289 2025 1346 2087 τῇ
1383 2025 1478 2071 τῶν
1504 2021 1690 2072 ἐννοιῶν
1714 2019 1878 2087 ἰσχνό-

304 2127 408 2169 τητι
440 2107 826 2170 διαμορφοῦντες,
858 2106 919 2157 ὡς
949 2106 996 2154 ἐν
1021 2103 1125 2153 ε’ίδει
1156 2101 1242 2166 τὴν
1270 2101 1413 2166 αὐτὴν
1436 2102 1693 2168 εὑρήσομεν
1719 2102 1879 2170 δόξαν·

307 2190 344 2236 εὶ
383 2185 476 2252 γὰρ
504 2187 685 2237 δέδοται
723 2184 841 2255 δόξα
871 2190 966 2239 τοῖς
998 2187 1266 2235 διακονοῦσι
1305 2182 1387 2234 τὸν
1422 2182 1577 2247 νόμον,
1604 2183 1770 2249 μείζων
1808 2187 1884 2234 καὶ

308 2267 603 2333 ἀσυγκρίτως
630 2267 929 2333 ὑπερκειμένη
955 2265 1040 2329 τὴν
1065 2266 1257 2331 πρώτην
1281 2266 1309 2328 ἡ
1335 2269 1428 2316 τῶν
1454 2266 1600 2330 ἁγίων
1621 2268 1884 2331 ἱερουργῶν,

87 2361 193 2436 {upra
207 2372 274 2393 ver.
310 2348 352 2399 οἳ
391 2351 466 2399 καὶ
496 2348 739 2399 ἱκάνωνται
774 2348 903 2414 παρὰ
930 2351 1052 2399 Θεοῦ
1092 2347 1293 2397 διάκονοι
1333 2349 1534 2410 “καινῆς
1573 2344 1794 2410 διαθήκης
1832 2347 1884 2396 οὐ
1907 2366 1956 2403 25

112 2430 118 2436 ’
310 2437 337 2459 “
364 2429 639 2496 γράμματος
665 2429 796 2480 ἀλλὰ
820 2428 1128 2491 πνεύματος.”
1174 2427 1416 2494 πρόδηλον
1443 2427 1593 2491 δήπου
1627 2429 1701 2477 καὶ
1737 2427 1886 2477 οὐδενὶ

308 2516 403 2562 τῶν
429 2510 576 2561 ὄντων
602 2510 896 2579 ἀσυμφανὲς,
925 2510 995 2561 ὅτι
1020 2509 1173 2574 πάντη
1200 2533 1247 2560 τε
1274 2511 1349 2559 καὶ
1374 2509 1561 2562 πάντως
1587 2512 1629 2558 οἱ
1665 2510 1715 2558 ἐκ
1750 2530 1880 2572 νομι-

310 2596 392 2655 κῆς
429 2591 716 2644 παιδεύσεως
755 2591 1083 2654 μεθιστάμενοι
1121 2592 1239 2656 πρὸς
1278 2591 1518 2655 ἀκρίβειαν
1562 2588 1885 2654 εὐαγγελικὴν,

357 2741 483 2772 4—14.
512 2728 795 2772 Μωσῆς-φὺσιν
813 2733 1034 2772 assumptum
1054 2739 1094 2760 ex
1115 2727 1162 2761 H.
1375 2737 1428 2768 14.
1454 2727 1518 2771 γὰρ
1536 2732 1758 2769 assumptum
1775 2737 1816 2759 ex
1836 2725 1885 2760 H.

314 2787 366 2820 15.
393 2775 567 2818 εὐμαθείας
585 2774 689 2807 habet
707 2782 739 2807 et
756 2775 801 2807 H.
950 2773 1002 2806 16.
1029 2775 1155 2816 τρόπον
1172 2774 1243 2806 τινὰ
1261 2784 1330 2806 om.
1349 2773 1396 2807 H.
1447 2772 1570 2806 Statim
1588 2773 1672 2816 πρὸς
1690 2783 1752 2815 pro
1769 2772 1816 2807 εἷς
1835 2773 1884 2806 Η.

314 2832 365 2866 17.
391 2823 449 2856 τὸν
469 2833 539 2855 orn.
566 2821 613 2854 H.
825 2821 878 2853 18.
905 2820 958 2853 διὰ
975 2819 1161 2863 πνεύματος
1178 2820 1385 2863 μεταφοιτᾶν
1401 2817 1579 2863 ᾑρημενος]
1599 2819 1682 2862 μετὰ
1698 2817 1886 2861 πνεύματος

310 2870 495 2913 διαφοιτῶν
516 2868 563 2901 H.
889 2878 940 2909 19.
967 2867 1026 2909 τὴν
1043 2866 1144 2909 αὐτὴν
1162 2867 1271 2899 εἰκόνα
1287 2865 1594 2910 μεταμορφούμεθα
1611 2870 1644 2898 et
1660 2864 1725 2909 γὰρ
1743 2876 1813 2897 om.
1836 2864 1867 2897 H

313 2927 367 2949 20.
365 2912 569 3004 ἀέκήθειαν]
591 2913 701 3003 ρξτίἑῗῐ
719 2913 754 2946 ἐκ
773 2913 872 2956 δόξης
890 2914 946 2955 τῆς
962 2914 1095 2955 πρώτης
1112 2914 1169 2955 τῆς
1187 2913 1319 2955 νομικῆς
1342 2912 1388 2946 εἷς
1405 2912 1467 2944 δόθ’
1435 2926 1507 2955 ιςαν
1523 2911 1639 2955 ἑτέραν
1654 2910 1886 2955 μετερχόμεθα

310 2976 394 3004 προς
433 2974 454 3005 p
482 2971 548 3005 339
582 2971 598 2993 2
