2012 3272
466 150 838 192 FRAGMENTA
877 149 1300 190 HOMILIARUM.
1590 149 1675 189 1173

92 265 119 287 ‘c
201 258 213 272 '
315 259 339 275 ἲ,
388 259 398 274 ἶ
490 258 503 273 Χ
590 261 600 275 ’
743 262 762 272 Α
908 257 920 274 Ι
1158 256 1171 272 Ι
1303 263 1328 287 ‘G
1347 256 1357 271 ἱ
1463 255 1474 271 Ι
1547 259 1557 272 9
1660 256 1669 269 Ε
1693 258 1714 288 ς
1734 258 1757 289 J
1845 258 1850 264 ¹

145 281 312 321 παντα,
376 282 540 310 εαυτον
578 263 764 327 εμφανη
805 280 1070 322 κατεστησε
1111 264 1264 323 λεγων
1364 260 1477 322 Εγω
1521 278 1612 319 ειμι
1650 276 1724 305 0·-
1760 268 1886 289 ΟΜΝ·

92 345 117 368 “
143 344 308 390 λαλῶν
334 341 458 391 σοι.”
511 343 584 391 καὶ
626 339 680 391 τὸ
724 340 809 404 μὲν
847 340 1038 406 γύναιον
1077 338 1236 408 δρόμῳ
1276 338 1561 388 συντείνεται
1600 338 1676 386 καὶ

89 418 174 483 τὴν
215 425 517 486 Σαμαρειτῶν
553 420 961 486 μεμυσταγώγηκε
1007 419 1164 471 πόλιν·
1205 418 1335 473 εἰδὼς
1377 418 1425 469 δὲ
1463 416 1677 484 Χριστὸς

90 500 160 552 ὅτι
211 505 386 553 πολλοὶ
436 502 783 554 πιστεύσουσιν
827 504 895 553 ἐπ’
943 502 1104 564 αὐτὸν,
1151 506 1246 554 τοῖς
1296 501 1443 566 ἁγίοις
1494 500 1676 567 ἔφασκε

1696 301 1744 332 26.

50 608 70 645 5
90 588 318 647 μαθηταῖς
346 592 372 613 “
402 584 532 650 Ἐγὼ
569 589 756 650 βρῶσιν
782 583 873 651 ε”χω
908 588 1079 651 φαγεῖν
1110 582 1167 646 ἣν
1200 584 1323 646 ὑμεῖς
1363 583 1444 632 οὐκ
1481 581 1673 642 οἵδατε,”
1692 592 1745 624 Ib-
1765 601 1813 631 32-

90 664 248 733 τρέφει
278 665 371 732 γὰρ
407 665 570 733 ὥσπερ
605 665 691 729 τὴν
718 663 1021 731 ἡμερωτάτην
1056 664 1205 733 φύσιν
1232 668 1325 714 τῶν
1352 662 1676 715 ἀπολωλότων

90 746 118 810 ἡ
144 747 371 812 σωτηρία.

164 829 226 879 Ὁ
253 828 337 892 μὲν
371 829 452 880 οὖν
486 827 683 894 γνήσιος
722 828 914 892 οἰκέτης·
957 827 1261 892 ἀναβήσομαι
1301 825 1394 892 γὰρ
1434 826 1564 878 αὖθις
1602 826 1676 876 ἐπὶ

90 908 173 960 τὸν
207 915 289 960 τοῦ
328 910 474 976 λόγου
512 910 713 961 σκοπόν·
755 909 837 960 τὸν
873 913 954 972 τῆς
993 909 1230 961 ἐπιεικείας
1269 906 1532 971 ἀνεδήσατο
1567 906 1677 956 στέ-

27 1013 72 1037 10
93 996 258 1059 φανον,
285 991 634 1056 εἶσκεκόμισται
668 991 762 1058 γὰρ
786 996 847 1045 εἷς
875 991 961 1054 τὴν
989 991 1141 1058 χαρὰν
1167 995 1249 1040 τοῦ
1284 990 1399 1039 ἰδίου
1425 987 1674 1039 δεσπότου·

92 1074 116 1123 ὁ
152 1072 204 1124 δέ
238 1096 289 1139 γε
320 1072 487 1135 λαβὼν
512 1073 567 1125 τὸ
604 1073 854 1136 τάλαντον,
881 1071 978 1124 εἶτα
1004 1071 1211 1139 γεγονὼς
1237 1070 1444 1137 ὀκνηρὸς,
1471 1093 1677 1136 προσερ-

91 1154 361 1219 γασάμενος
401 1154 450 1205 δὲ
487 1160 733 1209 παντελῶς
772 1153 918 1217 οὐδὲν,
953 1153 1260 1222 κατακρύψας
1301 1153 1349 1204 δὲ
1385 1158 1576 1216 μᾶλλον
1615 1156 1677 1205 εἷς

90 1239 181 1301 γῆν
207 1235 333 1298 αὐτὸ,
360 1241 460 1290 ταῖς
495 1236 718 1303 ἐσχάταις
753 1236 1074 1302 περιπέπτωκε
1110 1235 1271 1288 δίκαις.
1324 1234 1551 1303 φύγωμεν
1581 1234 1677 1283 τοί-

93 1341 173 1368 νυν
211 1318 295 1381 τὴν
333 1317 544 1383 μίμησιν,
578 1317 973 1386 ἀποπεμψώμεθα
1018 1320 1100 1380 τῆς
1135 1317 1310 1366 ἑαυτῶν
1350 1315 1553 1368 διανοίας
1594 1314 1677 1366 τὸν

26 1412 70 1449 15
92 1400 261 1466 ἀκερδῆ
297 1401 372 1450 καὶ
406 1399 639 1465 ἐποίρατον
666 1398 815 1461 ὄκνον,
844 1397 926 1449 τὸν
953 1400 1019 1449 ἐπ’
1049 1401 1243 1463 ἀγαθοῖς
1270 1396 1489 1462 δηλονότι
1523 1418 1676 1447 σπου-

92 1480 322 1544 δάσμασι,
355 1480 420 1545 μὴ
459 1484 520 1534 εἷς
561 1481 730 1548 ἀργίαν
767 1480 853 1544 τὴν
885 1482 1108 1531 δοθεῖσαν
1147 1480 1256 1543 ἡμῖν
1293 1477 1423 1545 παρὰ
1461 1482 1678 1545 Χριστοῦ

91 1563 442 1630 καταχώσωμεν
467 1563 620 1630 χάριν.
675 1564 803 1630 φησί
837 1584 929 1613 που
968 1561 1042 1612 διὰ
1083 1564 1242 1630 φωνῆς
1273 1559 1480 1611 Ἡσαΐου
1520 1561 1544 1610 ὁ
1583 1565 1678 1610 τῶν

90 1643 217 1695 ὅλων
242 1643 360 1698 Θεός
387 1651 415 1673 “
437 1644 591 1709 Ἱερεῖς
623 1642 872 1707 λαλήσατε
900 1647 960 1696 εἷς
986 1643 1071 1707 τὴν
1098 1643 1291 1709 καρδίαν
1317 1640 1674 1707 Ἰερουσαλήμ·”
1695 1657 1752 1688 Es.
1771 1657 1814 1687 xl.
1836 1667 1864 1688 2.

89 1726 138 1775 τί
172 1725 219 1776 δὲ
258 1729 294 1776 εἰ
335 1727 360 1776 ὁ
399 1724 483 1789 μὲν
519 1725 757 1776 διδάσκων
792 1723 899 1778 τοὺς
939 1727 1142 1792 ὠφελεῖν
1174 1724 1392 1776 εἰωθότας
1433 1723 1676 1792 ἐξυφαίνοι

24 1824 72 1849 20
90 1804 263 1872 λόγους
288 1811 384 1860 τοῖς
409 1806 730 1872 ἀκροωμένοις,
756 1809 797 1857 οἱ
825 1805 871 1856 δὲ
899 1807 981 1856 οὐκ
1014 1810 1075 1859 εἰς
1106 1811 1216 1856 νοῦν
1242 1808 1316 1856 καὶ
1341 1806 1533 1871 καρδίαν
1559 1806 1674 1856 ἀπο-

89 1888 291 1940 τίθενται
329 1887 414 1953 τὴν
451 1887 806 1954 μυσταγωγίαν,
840 1888 951 1938 ἀλλ’
985 1886 1376 1954 ἐπικροτήσαντες
1414 1885 1560 1949 μόνον
1599 1891 1675 1937 καὶ

89 1975 281 2035 γυμνοῖς
330 1971 532 2024 ἐπαίνοις
580 1969 894 2038 ἀμειψάμενοι
945 1969 1027 2020 τὸν
1070 1967 1406 2034 μυσταγωγὸν,
1452 1967 1675 2033 ἄγευστοι

89 2055 183 2102 τῶν
215 2055 348 2118 ἱερῶν
377 2051 665 2116 ἀπομένουσι
705 2049 1036 2116 διδαγμάτων;
1076 2048 1169 2117 ἆρα
1208 2051 1406 2113 ὀκνῆσαι
1443 2049 1676 2114 προσήκει

90 2132 171 2183 τὸν
195 2132 515 2198 μυσταγωγόν
536 2155 548 2195 ;
593 2131 690 2183 εἶτα
727 2132 887 2186 ποίους
925 2131 1110 2198 εὑρήσει
1144 2130 1318 2196 λόγους
1343 2132 1417 2181 ἐπὶ
1442 2135 1525 2180 τοῦ
1551 2129 1675 2180 θείου

24 2222 69 2260 25
88 2213 300 2277 βήματος
326 2213 433 2267 τοὺς
456 2215 813 2279 ἐπικουροῦντας
839 2214 964 2282 αὐτῷ
991 2212 1104 2263 ὅταν
1125 2212 1391 2276 αἰτιάσηται
1416 2216 1509 2261 τῶν
1536 2213 1675 2276 ἀκρο-

89 2294 277 2357 ωμένων
302 2293 356 2345 τὸ
382 2292 594 2362 ῥᾴθυμον
619 2296 693 2344 καὶ
719 2293 988 2363 εὐάφορμον
1008 2294 1113 2362 ε’ίπῃ
1141 2292 1216 2343 διὰ
1242 2299 1381 2343 τοῦτο
1406 2291 1489 2342 τὸν
1509 2291 1672 2353 ὅκνον;

89 2374 480 2442 κατακριθήσεται
505 2374 598 2441 γὰρ
623 2379 814 2438 μᾶλλον
841 2377 902 2428 ὡς
929 2375 1060 2425 ἔστιν
1087 2378 1197 2425 ἰδεῖν
1221 2376 1271 2425 ἐκ
1306 2377 1390 2437 τῆς
1422 2374 1670 2439 εὐαγγελι-

90 2460 171 2520 κῆς
210 2459 508 2522 παραβολῆς·
552 2458 576 2506 ὁ
616 2456 709 2522 γάρ
748 2478 819 2506 τοι
860 2456 914 2507 τὸ
952 2454 1187 2507 τάλαντον
1222 2455 1388 2517 λαβὼν
1422 2454 1552 2520 παρὰ
1590 2461 1674 2506 τοῦ

88 2537 435 2599 οἰκοδεσπότου,
471 2537 713 2604 κατέχωσε
756 2536 841 2600 μὲν
876 2540 938 2590 εἷς
979 2540 1070 2602 γῆν
1108 2537 1221 2587 αὐτὸ
1262 2539 1338 2587 καὶ
1381 2538 1667 2587 ἀπολυπλα-

23 2643 71 2679 30
89 2619 292 2669 σίαστον
317 2618 437 2685 ἔχων
461 2617 767 2684 προσεκόμιζε
794 2617 949 2683 λέγων
976 2626 1003 2648 “
1025 2618 1169 2685 Κύριε
1206 2619 1270 2669 ’ίδε
1304 2617 1421 2686 ἔχεις
1452 2617 1506 2668 τὸ
1533 2617 1670 2670 σόν.”
1691 2638 1862 2669 S.Matt11.

88 2697 158 2765 ἆρ’
186 2700 267 2750 οὖν
298 2700 497 2767 ἐπῃνέθη
536 2702 611 2750 καὶ
644 2704 796 2765 γερῶν
828 2699 1091 2768 ἠξίωται,ἢ
1127 2699 1442 2763 κατεδικάσθη
1481 2704 1671 2762 μᾶλλον

139 2851 152 2873 1
164 2851 192 2874 1.
217 2839 272 2884 τὸ]
294 2839 328 2874 ἓν
343 2840 433 2873 inter
450 2852 560 2874 uncos
577 2841 674 2875 addit
692 2841 820 2883 Maius,
838 2847 1056 2886 repugnante
1077 2841 1114 2875 L.
1227 2841 1278 2875 18.
1304 2840 1419 2885 Ἱερεῖς
1435 2840 1610 2882 λαλήσητε
1631 2841 1672 2874 L.

91 2886 195 2929 ἱερεὺς
210 2887 395 2930 λαλησάτω
415 2887 543 2921 Maius.
715 2899 767 2932 19.
794 2888 966 2932 ἐξυφαίνει
988 2888 1025 2921 L.
1187 2899 1242 2932 31.
1269 2888 1410 2931 ἐπῃνέθη
1432 2887 1469 2920 L.
1488 2887 1671 2931 ε’πηνέχθαι

91 2931 220 2966 Maius.
377 2935 485 2977 γερῶν
502 2933 682 2967 emendavi
700 2946 739 2967 ex
762 2934 799 2968 L.
818 2935 925 2978 γέρων
945 2934 1072 2968 Maius.

148 2998 240 3026 VOL.
264 2999 332 3026 111.
871 3001 893 3040 3
917 3000 939 3026 P

1690 2691 1768 2711 xxv.
1789 2690 1837 2719 25.
