1986 3282
120 150 203 191 xix.
223 161 288 205 25.
480 150 555 191 IN
599 150 641 190 S.
673 148 1014 190 JOANNEM.
1078 149 1204 191 LIB.
1238 151 1343 192 XII.
1654 155 1708 194 89

118 264 257 310 τοῦτο
296 262 422 325 δοκῇ,
461 256 825 323 προσεπιτάττει
865 258 1020 324 λέγων
1059 258 1192 310 ἐςἘν
1230 261 1350 329 οἰκίᾳ
1387 264 1473 329 μιᾷ
1509 262 1701 326 βρωθή-
1768 276 1873 326 Effod-

118 347 144 369 ‘⁶
169 359 317 392 σεται·
355 342 437 392 οὐκ
463 341 668 409 ἐξοίσετε
695 340 788 391 ἀπὸ
814 345 909 391 τῶν
935 344 1080 405 κρεῶν
1107 342 1249 392 αὐτοῦ
1276 342 1412 411 ἐξω.”
1456 343 1586 409 ἄθρει
1612 343 1706 409 γὰρ
1767 330 1824 351 ³¹¹⁸
1839 318 1891 359 46.

117 421 257 485 ὅπως,
286 421 498 488 καθάπερ
534 422 654 490 ε”φην
680 423 867 487 ἀρτίως,
898 424 973 472 καὶ
1006 424 1054 472 ἐν
1079 422 1241 477 τύποις
1274 425 1399 493 αὐτῷ
1437 427 1513 475 καὶ
1551 430 1707 480 σκιαῖς

115 504 365 571 τετήρηκεν
391 505 419 568 ἡ
445 504 609 573 γραφὴ
641 503 695 554 τὸ
729 504 997 570 μερίζεσθαι
1033 504 1117 567 μὲν
1143 509 1204 558 εἷς
1237 504 1462 568 πολλοὺς,
1490 506 1621 571 οἵπερ
1648 505 1707 557 ἀν

72 607 94 645 5
116 584 204 637 εἶεν
235 588 284 637 ἐν
322 586 500 654 ἑκάστῃ
538 585 682 653 τυχὸν
709 587 843 654 οἰκίᾳ,
869 586 1242 652 προμηθέστατα
1283 587 1331 638 δὲ
1362 586 1509 639 πάλιν
1542 591 1616 639 καὶ
1649 588 1703 639 τὸ

113 667 178 732 μὴ
216 668 483 734 μερίζεσθαι
523 671 690 728 δοκεῖν,
721 668 852 718 ἀλλὰ
889 669 1080 722 τελείως
1117 692 1167 720 τε
1208 672 1285 721 καὶ
1325 668 1602 735 ὁλοκλήρως
1641 672 1747 726 ὡςᾶ

114 750 194 800 ἕνα
232 752 280 800 ἐν
306 755 429 801 πᾶσι
461 755 695 815 μεριστῶς
730 773 779 800 τε
819 750 916 814 ἅμα
957 753 1032 802 καὶ
1072 753 1338 819 ἀμερίστως
1377 752 1696 818 εὑρίσκεσθαι.

114 837 324 882 τοιοῦτον
346 831 402 896 δή
429 855 473 882 τι
500 832 684 897 νοήσεις
706 834 782 883 καὶ
806 833 879 883 ἐπὶ
900 836 996 886 τοῖς·
1017 835 1212 897 ἱματίοις
1229 835 1387 885 αὐτοῦ·
1430 832 1490 884 τὰ
1505 833 1590 896 μὲν
1609 833 1702 899 γὰρ

112 917 174 968 εἷς
209 912 407 983 τέσσαρα
445 913 688 978 διενεμήθη
728 913 846 983 μέρη,
887 915 1114 980 μεμένηκε
1153 915 1302 981 γεμὴν
1344 915 1647 980 ἀδιανέμητος
1683 922 1700 967 ὁ

44 1024 92 1050 ιο
112 996 260 1058 χιτών.

187 1082 343 1130 Λυπεΐ
376 1078 424 1131 δὲ
459 1078 590 1130 οὐδὲν
620 1083 896 1146 προσθεῖναι
937 1081 1134 1141 κάκεῖνο,
1170 1081 1231 1133 ὡς
1273 1080 1398 1146 ε’ίπερ
1437 1102 1506 1133 τις
1547 1077 1702 1131 ἕλοιτο

110 1159 178 1211 τὶν
211 1160 380 1223 >gn-&voe
411 1161 494 1213 τὸν
521 1159 672 1213 ἄνωθεν
707 1165 901 1230 ὑφαντὸν
931 1184 981 1212 τε
1022 1163 1098 1212 καὶ
1138 1159 1333 1231 ἅραφον,
1361 1161 1480 1213 ὅσον
1505 1161 1614 1226 ἧκεν
1640 1166 1702 1216 εἷς

109 1244 303 1309 θεωρίας
347 1242 556 1306 δύναμιν,
598 1247 660 1297 εἷς
702 1243 918 1307 δήλωσιν
956 1242 1248 1310 περιτρέπειν
1287 1249 1371 1294 τοῦ
1414 1245 1550 1309 ἁγίου
1594 1245 1695 1294 σώ-

117 1347 265 1388 ματος
296 1331 379 1376 τοῦ
416 1329 646 1393 Χριστοῦ,
686 1325 761 1376 διὰ
799 1325 854 1376 τὸ
901 1324 1105 1377 συνόδου
1150 1327 1228 1376 καὶ
1271 1328 1407 1377 οἱονεὶ
1446 1329 1701 1389 συμβολῆς

38 1432 85 1471 15
111 1429 234 1461 τινος
268 1409 377 1475 δίχα
403 1410 485 1471 τῆς
511 1406 679 1473 ἀνδρός
704 1430 753 1459 τε
782 1410 856 1458 καὶ
893 1407 1111 1474 γυναικὸς
1138 1407 1359 1473 γενέσθαι
1385 1413 1536 1470 τοῦτο,
1565 1411 1622 1473 τῇ
1652 1407 1700 1458 δὲ

109 1495 193 1540 τοῦ
221 1489 498 1552 Πνεύματος
536 1489 741 1558 ἐνεργείᾳ
779 1491 854 1540 καὶ
893 1494 950 1557 τῇ
996 1489 1186 1553 δυνάμει
1225 1492 1283 1557 τῇ
1325 1489 1504 1540 ἄνωθεν
1545 1493 1605 1543 εἰς
1644 1488 1698 1539 τὸ

107 1571 233 1640 αὐτῷ
266 1571 446 1637 πρέπον
472 1570 734 1639 ἐξυφοὶνθαι
765 1575 947 1639 σχῆμα,
976 1571 1179 1639 δεδέχθω
1208 1574 1282 1622 καὶ
1308 1577 1461 1623 τοῦτο.
1514 1570 1574 1621 τὰ
1603 1570 1697 1637 γὰρ

106 1651 163 1716 δὴ
203 1656 298 1704 τῶν
345 1653 672 1719 θεωρημοίτων,
713 1653 844 1704 οὐδὲν
885 1652 1003 1704 κατὰ
1042 1658 1138 1704 τῶν
1176 1654 1444 1718 ἀναγκαίων
1482 1654 1691 1715 εἰσκομί-

106 1733 244 1800 ζοντα
283 1733 486 1797 βλάβος,
533 1735 759 1786 ὠδίνοντα
800 1734 849 1787 δὲ
889 1740 1081 1799 μᾶλλον
1120 1733 1204 1786 τὸν
1243 1735 1315 1801 ἐφ’
1358 1732 1485 1804 ᾧπερ
1527 1733 1585 1784 ἄν
1626 1754 1913 1790 τιςα1064Α.

35 1837 86 1864 20
105 1818 339 1884 ὠφελοῖτο
376 1815 533 1885 τυχὸν,
560 1822 662 1872 πῶς
701 1818 784 1868 οὐκ
823 1817 998 1881 ἀμαθὲς
1032 1818 1114 1868 οὐκ
1151 1817 1475 1879 ἀποσείεσθαι,
1503 1821 1694 1879 μᾶλλον

104 1897 153 1949 δὲ
191 1903 292 1952 πῶς
325 1899 408 1950 οὐκ
433 1897 696 1951 ἀκόλουθον
722 1901 935 1962 ἐπαινεῖν,
975 1902 1058 1964 τῆς
1097 1900 1296 1965 ἀρίστης
1337 1897 1450 1949 ὅντα
1489 1899 1694 1952 διανοίας

103 1981 340 2047 εὑρήματα
359 2003 370 2042 ;

106 2157 379 2202 Εἷστύκεισαν
417 2159 464 2202 δὲ
513 2161 630 2218 παρὰ
679 2162 741 2215 τῷ
790 2162 962 2217 σταυρῷ
1006 2164 1080 2202 τοῦ
1116 2160 1258 2202 ἸΗσοῦ
1293 2160 1316 2201 ι-ἰ
1357 2159 1498 2216 μήτΗρ
1548 2160 1688 2213 αὐτοῦ,
1710 2175 1757 2213 25

169 2242 238 2283 καὶ
276 2243 299 2284 ἡ
338 2243 507 2300 ἀδελφή
547 2249 622 2286 τῆς
662 2244 824 2302 μΗτρὸε
862 2244 1002 2296 αὐτοῦ,
1045 2242 1194 2300 ΛΛαρία
1233 2243 1258 2284 ἡ
1302 2246 1376 2284 τοῦ
1419 2242 1578 2294 ΚλοΠᾱ,
1619 2244 1688 2284 καὶ

33 2338 81 2377 25
165 2324 313 2383 Μαρία
352 2327 379 2369 ἡ
414 2325 697 2374 ΛΛαΓὸαλΗνύ.

174 2441 498 2505 Διαμέμνηται
525 2443 601 2493 καὶ
617 2442 783 2493 τούτου
810 2442 1058 2510 χρησίμως
1087 2441 1112 2491 ὁ
1138 2441 1393 2494 θεσπέσιος
1412 2441 1680 2506 Εὐαγγελι-
1706 2451 1732 2491 b

101 2522 236 2586 στὴς,
263 2523 427 2574 οὐδένα
460 2528 555 2574 τῶν
582 2527 715 2589 ἱερῶν
741 2524 1073 2575 ἀποπίπτοντα
1108 2521 1270 2588 λόγων
1296 2524 1372 2574 καὶ
1402 2522 1522 2573 κατὰ
1548 2528 1686 2573 τοῦτο

98 2604 289 2658 δεικνύς.
343 2606 392 2656 τί
425 2604 473 2656 δὲ
512 2604 568 2670 δὴ
606 2604 754 2656 πάλιν
779 2609 841 2658 εἰς
867 2603 1005 2656 τοῦτό
1045 2614 1231 2673 φαμεν;
1274 2603 1534 2669 ἐκθήσομαι
1572 2603 1679 2671 γάρ.

97 2687 451 2752 παρισταμένας
481 2687 687 2756 εἰσφέρει
716 2691 783 2756 τῷ
811 2688 1017 2756 σταυρῷ,
1044 2686 1130 2751 τήν
1155 2709 1205 2737 τε
1243 2684 1405 2756 μητέρα
1438 2687 1581 2748 αὐτοῦ,
1609 2688 1684 2736 καὶ

30 2788 80 2824 30
98 2766 189 2818 σὺν
228 2769 344 2836 αὐτῇ
384 2767 467 2822 τὰς
505 2769 675 2834 ἑτερας,
716 2771 863 2833 δῆλον
903 2767 952 2819 δὲ
992 2768 1063 2819 ὅτι
1106 2768 1364 2821 κλαούσας.
1420 2766 1683 2835 φιλόδακρυ

149 2922 202 2946 12.
227 2911 362 2957 ι’ίραφον
380 2913 422 2947 Ε.
441 2912 598 2959 ἅρραφον
615 2913 683 2948 Ed.
1027 2923 1082 2946 20.
1110 2911 1311 2946 Delendum
1334 2916 1374 2945 ut
1391 2909 1529 2945 videtur
1546 2909 1604 2942 οὐκ
1622 2909 1680 2943 alt.

100 2969 154 2992 21.
181 2958 328 2994 διανοίας
343 2970 414 2994 om.
433 2959 488 3003 El.
657 2971 713 3003 24.
739 2960 850 2994 κλοπὰ
869 2959 923 3003 El.
943 2960 1052 2994 κλοπᾶ
1071 2960 1126 3002 E2.

154 3024 247 3053 VOL.
270 3025 338 3054 111.
877 3026 906 3054 N
