2001 3257
67 982 175 1023 Supra

67 1026 133 1056 xvi.
150 1023 200 1056 16.

60 1145 118 1202 ⁷112.
140 1178 189 1201 η.

64 1643 163 1674 Rom.

66 1698 99 1718 x.
118 1696 150 1728 9.

286 140 367 179 142
672 138 722 179 B.
758 137 1040 178 CY=R1LLI
1082 137 1468 180 ALEXANDR.
1626 155 1696 181 xx.
1714 153 1780 192 24,
1804 150 1869 194 25.

286 247 399 299 αὐτὸ
431 248 485 299 τὸ
516 245 790 313 ἀκρότατον,
817 246 888 297 ὅτι
918 246 983 309 μὴ
1011 247 1086 296 καὶ
1112 245 1250 299 αὐτὸς
1278 249 1358 309 τῆς
1384 253 1466 297 τοῦ
1494 250 1715 313 Σωτῆρος
1740 248 1873 312 ἡμῶν

287 330 465 398 ἠξιώθη
505 329 626 382 θεάς.
683 327 812 397 ᾠήθη
845 328 938 393 γὰρ
971 327 1086 380 ἰ’σως
1124 328 1399 392 ἀμοιρήσειν
1426 329 1567 391 αὐτῆς
1605 334 1867 382 παντελῶς.

287 410 379 463 οἶδε
418 410 511 478 γὰρ
550 411 669 478 ζωὴν
701 409 815 461 ὅντα
853 409 973 460 κατὰ
1003 408 1154 476 φύσιν
1191 407 1274 459 τὸν
1311 411 1501 475 Κύριον,
1535 413 1609 460 καὶ
1648 412 1731 460 οὐκ
1769 412 1868 460 ἀνι-

287 493 437 547 κοῖνως
472 493 639 560 ἔχοντα
672 491 790 559 πρὸς
817 490 871 542 τὸ
903 493 977 541 καὶ
1005 490 1146 541 αὐτὸν
1173 493 1414 557 διαδρᾶναι
1441 490 1524 541 τὸν
1551 489 1770 554 θάνατον,
1799 494 1874 542 καὶ

285 577 338 628 τὸ
383 579 466 640 τῆς
507 579 690 644 φθορᾶς
732 579 999 624 καταλῦσαι
1038 572 1224 638 κροῖτος·
1281 571 1331 626 ὃς
1369 572 1463 638 γὰρ
1502 573 1669 639 ἑτέρων
1708 579 1915 631 τοῦτον5

286 658 508 727 ἐξήλασε,
534 663 634 711 πῶς
672 658 754 707 οὐκ
795 654 852 707 ἂν
882 660 1073 720 μᾶλλον
1100 654 1345 719 ἀπέστησε
1384 657 1466 717 τῆς
1506 656 1624 709 ἰδίας
1656 655 1869 721 σαρκός,

287 742 336 790 ἐκ
367 743 553 803 πολλῆς
581 738 629 790 δὲ
657 739 780 803 ἄγαν
805 741 888 802 τῆς
921 737 1231 803 περιχαρείας,
1258 735 1398 802 ἐγγὺς
1426 736 1648 790 ἀπιστίας
1674 738 1870 802 γίνεται,

290 824 364 873 καὶ
404 824 652 888 μονονουχὶ
691 819 868 886 γοργόν
907 842 952 869 τι
988 820 1062 869 καὶ
1101 818 1223 883 μέγα
1269 816 1502 881 πηδήσας,
1544 820 1654 868 ἰδεῖν
1694 841 1742 868 τε
1787 817 1874 882 ἤδη

289 903 500 970 παρόντα
527 909 675 965 ποθεῖ,
702 905 776 953 καὶ
802 905 1216 969 πληροφορεῖσθαι
1243 901 1430 952 τελείως
1467 899 1537 950 ὅτι
1576 922 1663 964 περ
1704 901 1874 960 ἀνεβίω

251 1009 272 1036 e
290 986 450 1049 πάλιν,
472 985 589 1037 κατὰ
615 984 700 1049 τὴν
725 985 833 1050 παρ’
857 988 996 1034 αὐτοῦ
1023 982 1275 1047 γενομένην
1304 979 1583 1048 ὑπόσχεσιν.
1625 988 1651 1010 “
1671 980 1871 1031 Τεκνιά”
1902 1006 1947 1030 ιο

290 1068 396 1134 γὰρ,
424 1069 633 1136 ε”φασκεν
660 1068 684 1117 ὁ
712 1065 894 1132 Σωτὴρ,
922 1072 948 1094 “
968 1063 1134 1131 μικρὸν
1164 1065 1239 1114 καὶ
1279 1063 1428 1114 οὐκέτι
1454 1062 1674 1129 θεωρεῖν-ε’
1697 1086 1770 1125 με,
1799 1064 1874 1113 καὶ

291 1158 319 1179 “
344 1150 492 1201 πάλιν
531 1148 696 1215 μικρὸν
728 1151 804 1198 καὶ
835 1147 1026 1215 ὄψεσθέ
1058 1169 1129 1209 με,
1156 1148 1231 1196 καὶ
1264 1145 1522 1212 χαρήσεται
1550 1145 1726 1207 ὑμῶνὴ
1754 1167 1870 1210 καρ-

291 1239 319 1261 “
346 1232 469 1282 διἀ.”
519 1229 645 1293 οἶμαι
676 1229 722 1280 δὲ
758 1227 814 1293 δὴ
849 1228 996 1280 πάλιν
1023 1228 1419 1291 οἰκονομικώτατα
1453 1225 1648 1294 σφόδρα
1680 1225 1765 1288 τὴν
1791 1231 1874 1276 τοῦ

290 1317 503 1378 μαθητοῦ
542 1312 780 1378 γεγονέναι
818 1310 938 1377 πρὸς
977 1309 1138 1376 καιρὸν
1176 1309 1523 1374 ὀλιγοπιστίαν,
1562 1308 1638 1358 ἵνα
1678 1306 1753 1358 διὰ
1793 1310 1874 1371 τῆς

291 1397 433 1447 αὐτοῦ
473 1394 803 1462 πληροφορίας
847 1395 921 1444 καὶ
966 1393 1094 1456 ἡμεῖς
1137 1394 1179 1442 οἱ
1220 1391 1316 1454 μετ’
1354 1388 1496 1441 αὐτὸν
1534 1388 1875 1442 ἀνενδοιάστως
1901 1411 1945 1449 15

291 1478 583 1541 πιστεύωμεν
610 1476 680 1528 ὅτι
699 1476 785 1540 τὴν
810 1475 970 1543 σάρκα
985 1474 1071 1539 τὴν
1097 1475 1171 1525 ἐπὶ
1198 1479 1282 1524 τοῦ
1309 1473 1457 1542 ξύλου
1483 1471 1774 1538 κρεμαμένην
1801 1472 1876 1521 καὶ

290 1564 542 1611 παθοῦσαν
576 1559 658 1610 τὸν
698 1558 901 1610 θάνατον
938 1558 1249 1624 ἐζωοποίησεν
1283 1556 1307 1605 ὁ
1337 1554 1506 1619 Πατὴρ
1536 1555 1589 1604 δι’
1619 1557 1751 1604 Υὶοῦ.
1805 1551 1875 1603 διὸ

292 1646 368 1692 καὶ
395 1640 593 1696 Παῦλός
631 1646 782 1710 φησιν
820 1639 981 1691 “”Οτι
1012 1638 1091 1689 ἐὰν
1117 1638 1244 1706 εἴπῃς
1271 1639 1319 1687 ἐν
1343 1641 1410 1706 τῷ
1444 1634 1651 1697 στόματί
1683 1658 1774 1685 σου
1805 1634 1876 1685 ὅτι

293 1731 319 1753 “
349 1724 523 1790 Κύριος
549 1722 749 1787 Ἰησοῦς,
767 1724 843 1773 καὶ
868 1720 1131 1789 πιστεύσῃς
1158 1722 1206 1771 ἐν
1229 1723 1287 1787 τῇ
1314 1719 1480 1787 καρδίᾳ
1501 1740 1592 1768 σου
1618 1716 1688 1768 ὅτι
1711 1718 1734 1767 ὁ
1754 1715 1875 1770 Θεὸς

68 1826 173 1861 1103
188 1824 274 1860 A.a
291 1812 317 1835 ‘⁶
342 1804 484 1857 αὐτὸν
516 1805 696 1871 ἤγειρεν
730 1806 780 1855 ἐκ
807 1808 994 1870 νεκρῶν,
1021 1801 1271 1869 σωθήσῃ.”
1325 1799 1480 1864 ἐπειδὴ
1503 1799 1595 1865 γὰρ
1623 1800 1710 1866 οὐχ
1740 1798 1767 1862 ἡ
1795 1801 1875 1862 τῆς
1900 1826 1948 1850 20

291 1887 469 1955 σαρκὸς
502 1888 649 1955 φύσις
681 1888 798 1951 αὕτη
833 1886 994 1951 γε’γονε
1033 1883 1262 1953 πρόξενος
1300 1885 1382 1945 τῆς
1421 1882 1551 1948 ζωῆς,
1586 1881 1789 1949 ἐνεργείᾳ
1828 1880 1876 1930 δὲ

291 1975 482 2031 μᾶλλον
507 1972 589 2034 τῆς
630 1971 755 2023 θείας
793 1991 841 2019 τε
868 1970 943 2018 καὶ
975 1965 1179 2034 ἀῤῥήτου
1207 1965 1398 2033 φύσεως
1424 1963 1478 2014 τὸ
1510 1968 1708 2030 πρᾶγμα
1746 1961 1871 2013 τετέ-

292 2051 530 2119 λεσται,ᾗ
571 2054 645 2102 καὶ
679 2051 733 2102 τὸ
775 2050 1006 2101 δύνασθαι
1047 2048 1106 2099 τὰ
1148 2047 1304 2099 πάντα
1346 2047 1590 2113 ζωογονεῖν
1631 2044 1877 2112 ἐνυπάρχει

293 2139 520 2202 φυσικῶς·
564 2133 749 2200 ἐνεργὸς
774 2134 799 2183 ὁ
827 2130 996 2198 Πατὴρ
1023 2131 1077 2182 δι’
1107 2133 1226 2181 Υὶοῦ
1253 2131 1328 2179 καὶ
1355 2133 1416 2181 εἷς
1449 2128 1531 2179 τὸν
1558 2131 1680 2178 θεῖον
1706 2127 1878 2176 ἐκεῖνον

291 2217 453 2283 γε’γονε
491 2216 618 2279 ναὸν,
649 2216 735 2283 οὐχ
773 2216 833 2268 ὡς
870 2215 1182 2265 ἀσθενοῦντος
1222 2217 1304 2261 τοῦ
1332 2209 1493 2276 Λόγου
1526 2208 1580 2260 τὸ
1612 2209 1727 2259 ἰ’διον
1762 2210 1873 2258 ἀνα·
1897 2232 1946 2271 25

292 2302 472 2363 στῆσαι
518 2303 675 2362 σῶμα,
713 2298 822 2347 ἀλλ’
862 2295 932 2346 ὅτι
975 2300 1072 2347 πᾶν
1113 2293 1228 2359 ὅπερ
1270 2293 1327 2343 ἂν
1369 2290 1629 2359 ἐργάσηται
1667 2289 1810 2356 τυχὸν
1851 2290 1876 2339 ὁ

297 2381 476 2446 Πατὴρ,
516 2380 768 2446 ἐργάσεται
806 2379 860 2428 δι’
890 2381 1025 2428 Υὶοῦ·
1083 2375 1275 2437 δύναμις
1313 2373 1407 2440 γάρ
1445 2376 1576 2424 ε’στιν
1615 2373 1771 2432 αὐτοῦ,
1803 2372 1877 2421 καὶ

294 2462 408 2529 ὅπερ
444 2462 500 2512 ἂν
535 2464 559 2513 ὁ
585 2460 701 2515 Υἱὸς
732 2462 937 2526 ἐπιτελῇ,
973 2465 1112 2509 τοῦτο
1152 2458 1207 2521 δὴ
1248 2455 1437 2509 πάντως
1479 2457 1580 2505 ἐστὶ
1619 2452 1749 2519 παρὰ
1794 2458 1877 2503 τοῦ

248 2543 498 2610 ΒΠατρός.
554 2542 866 2604 παιδευόμεθα
905 2541 1071 2602 τοίνυν,
1105 2536 1569 2604 ὀλιγοπιστήσαντος
1607 2534 1756 2600 ἠρέμα
1795 2539 1878 2583 τοῦ

294 2625 522 2692 μακαρίου
549 2628 715 2686 Θωμᾶ,
743 2623 813 2674 ὅτι
847 2621 900 2672 τὸ
933 2624 1015 2685 τῆς
1055 2620 1364 2671 ἀναστάσεως
1397 2616 1658 2681 μυστήριον
1684 2618 1790 2682 περὶ
1823 2615 1877 2666 τὸ
1897 2637 1948 2674 30

294 2707 456 2774 γήϊνον
487 2707 618 2770 ἡμῶν
645 2708 893 2771 ἐνεργεῖται
928 2707 1072 2766 σῶμα
1106 2703 1180 2752 καὶ
1214 2703 1275 2754 ὡς
1302 2702 1350 2750 ἐν
1380 2701 1572 2765 ἀπαρχῇ
1603 2703 1685 2748 τοῦ
1718 2696 1879 2763 γε’νους

297 2791 344 2840 ἐν
363 2792 576 2857 Χριστῷ,
604 2788 678 2838 καὶ
703 2787 806 2836 οὔτε
833 2784 1008 2854 φάσμα
1034 2782 1091 2847 ἧν
1116 2782 1145 2848 ἢ
1172 2782 1285 2833 σκιὰ
1312 2781 1431 2832 κατά
1457 2803 1598 2841 τινας,
1619 2778 1671 2830 τὸ
1699 2778 1879 2845 ἀνθρώ-

576 2956 609 2990 3.
635 2944 701 2990 γὰρ
721 2943 762 2977 Ε.
780 2943 842 2987 μέν
857 2942 923 2988 γὰρ
943 2940 1010 2975 Ed.
1309 2947 1363 2983 25.
1390 2939 1450 2972 τοῦ
1467 2949 1537 2972 om.
1555 2936 1598 2971 E.
