2027 3257
96 186 265 230 [69M.]

145 1216 243 1259 verssl
255 1226 280 1249 1.

302 121 388 162 294
534 121 584 160 B.
618 118 863 160 CYRILLI
898 118 1244 159 ALEXANDR.
1282 119 1653 163 FRAGMENTA
1712 123 1795 165 xiv.
1819 136 1882 174 14.

305 228 408 279 δεόν
433 227 516 281 τὰς
552 229 601 278 ἐν
632 228 790 280 αὐταῖς
828 229 1063 278 ποιεῖσθαι
1096 226 1381 294 προσευχὰς,
1409 231 1483 280 καί
1509 229 1603 296 πρό
1628 253 1683 296 γε
1707 231 1886 282 τούτων

306 309 442 363 λιτὰς
467 310 614 374 η’γουν
647 309 949 377 ψαλμῳδίας,
976 312 1033 375 τῇ
1069 312 1163 358 τῶν
1189 308 1437 374 παρόντων
1469 311 1680 379 γλώσσῃ
1715 316 1883 379 κεχρῆ-

304 394 420 441 σθαι
455 390 746 453 δυναμένους,
773 394 909 439 τοῦτο
945 387 1030 451 μὲν
1058 389 1140 438 οὐκ
1167 388 1329 454 ἔδρων,
1358 391 1717 455 ἐναβρυνόμενοι
1745 393 1793 444 δὲ
1819 397 1886 462 τῷ

304 476 399 523 τῶν
430 475 675 537 γλωσσῶν
710 470 969 537 χαρίσματι
1008 467 1148 538 μόνῳ,
1176 471 1280 520 οὔτε
1319 471 1590 539 προσευχὰς
1615 472 1643 537 ἢ
1671 477 1881 542 ψαλμῳ-

307 553 407 606 δίας
432 554 684 603 ἐποιοῦντο·
725 556 863 601 τοῦτο
889 549 1100 600 διδάσκει
1128 551 1151 600 ὁ
1182 554 1376 604 Παῦλος
1403 551 1473 602 ὅτι
1505 552 1584 603 ἐὰν
1609 553 1674 617 μή
1700 558 1818 605 εἰσιν
1845 558 1885 606 οἱ

308 633 549 688 ἀκούοντες
598 632 906 696 ἐπιστήμονες
956 634 1039 695 τῆς
1083 632 1335 696 γλώσσης,
1381 631 1410 699 ᾗ
1457 634 1721 700 διαλέγοιτο
1766 637 1790 685 ὁ
1833 634 1887 687 τὸ

307 715 524 782 χάρισμα
559 715 692 782 ἔχων,
720 713 851 764 οὐδὲν
875 712 1050 780 ὄφελος
1081 714 1131 763 ἐκ
1157 718 1240 763 τοῦ
1271 714 1567 779 πράγματος·
1620 716 1762 782 μύρια
1795 716 1888 783 γάρ

309 801 429 847 εἰσιν
456 797 562 861 ἔθνη
596 798 671 846 καὶ
706 796 886 847 πολλαὶ
919 793 1148 860 γλώσσαι
1181 799 1275 845 τῶν
1314 794 1590 860 ἀνθρώπων
1643 797 1810 866 ἄφωνον
1840 797 1888 848 δὲ

309 877 440 928 οὐδὲν
465 882 559 928 τῶν
585 877 718 945 ἅπαξ
741 876 1004 927 τελούντων
1030 877 1078 926 ε’ν
1103 880 1309 942 λογικοῖς
1335 874 1363 939 ἢ
1391 878 1438 926 ἐν
1464 877 1741 942 ἀνθρώποις.

373 958 573 1028 ’ῘΑφωνον
608 959 734 1024 λε’γει
767 962 1013 1011 παντελῶς
1044 956 1175 1008 οὐδὲν
1200 962 1295 1008 τῶν
1320 957 1583 1009 τελούντων
1609 961 1656 1009 ἐν
1682 965 1887 1025 λογικοῖς

308 1040 456 1106 ἤγουν
480 1042 528 1091 ἐν
554 1040 832 1105 ἀνθρώποις·
881 1037 1012 1089 ἀλλὰ
1042 1042 1124 1102 τῆς
1159 1038 1362 1090 ἑκάστου
1389 1042 1548 1107 φωνῆς
1582 1040 1668 1104 τὴν
1694 1040 1890 1104 δύναμιν

309 1126 347 1172 εἰ
380 1121 445 1186 μή
471 1145 538 1175 τις
565 1122 699 1185 εἰδείη
724 1119 882 1188 τυχὸν,
908 1120 1025 1184 μήτε
1055 1119 1148 1184 μὴν
1174 1122 1334 1171 ἐκεῖνοι
1369 1124 1452 1184 τῆς
1478 1122 1620 1172 αὑτοῦ
1653 1122 1890 1187 γλώσσης

310 1201 397 1254 εἶεν
423 1202 744 1267 ἐπιστήμονες,
773 1201 1006 1265 ἀλλήλοις
1032 1201 1220 1252 ἔσονται
1245 1201 1481 1270 βάρβαροι,
1509 1203 1656 1254 καίτοι
1680 1209 1886 1254 λαλοῦν-

309 1308 384 1338 τες
409 1286 559 1350 ὀρθῶς
585 1283 704 1334 κατά
730 1306 783 1348 γε
808 1282 893 1346 τὴν
918 1283 1037 1333 ἰδίαν
1064 1283 1265 1333 ἑκάστου
1292 1282 1468 1350 φωνήν.
1518 1287 1589 1335 δεῖ
1610 1284 1665 1348 δὴ
1694 1286 1773 1335 οὖν
1800 1285 1891 1350 ἄρα

310 1365 417 1420 τοὺς
457 1366 694 1416 διδάσκειν
725 1363 904 1430 ἑτέρους
943 1364 1203 1427 ἐθέλοντας,
1237 1364 1319 1415 τὸν
1350 1364 1534 1429 συνήθη
1573 1370 1669 1419 τοῖς
1706 1368 1884 1432 ἀκροω-

311 1447 462 1512 μένοις
497 1446 773 1513 ἐρεύγεσθαι
807 1445 969 1511 λόγον·
1012 1449 1049 1497 εἰ
1075 1444 1124 1496 δὲ
1150 1444 1336 1510 ἄσημός
1362 1469 1411 1497 τε
1439 1448 1463 1497 ὁ
1491 1445 1706 1516 φθόγγος
1731 1446 1790 1511 ἧν
1816 1448 1892 1497 καὶ

313 1528 553 1593 ἀσυνήθης
585 1528 613 1591 ἡ
641 1527 791 1596 φωνὴ,
816 1527 1038 1592 πεποίηκε
1072 1525 1225 1592 μάτην
1252 1528 1405 1597 εἰκαίῳ
1439 1529 1529 1579 τινὶ
1554 1528 1713 1599 κτύπῳ
1739 1550 1890 1594 προσ-

312 1610 492 1679 αράξας
530 1609 673 1672 μόνον
699 1608 785 1673 τὴν
810 1614 892 1659 τοῦ
917 1607 1235 1671 μανθάνοντος
1261 1607 1417 1673 ἀκοήν.

387 1696 486 1753 Δεῖ,
514 1693 649 1759 φησί,
676 1689 783 1744 τοὺς
815 1690 1052 1741 διδάσκειν
1079 1690 1338 1752 ἐθέλοντας,
1364 1690 1547 1754 συνήθη
1578 1695 1672 1744 τοῖς
1708 1692 1886 1756 ἀκροω-

314 1773 466 1836 μένοις
507 1777 673 1823 λαλεῖν
714 1770 878 1837 λόγον,
915 1772 1011 1822 ἐπεὶ
1050 1775 1112 1824 εἰς
1151 1769 1304 1835 μάτην
1341 1776 1487 1823 πονεῖ·
1543 1773 1595 1822 οὐ
1630 1771 1722 1838 γὰρ
1756 1770 1810 1822 τὸ
1845 1772 1892 1821 ἐν

315 1853 479 1919 μόναις
503 1853 756 1918 γλώσσαις
782 1857 948 1903 λαλεῖν
974 1853 1229 1916 ἐκκλησίαν
1254 1856 1497 1916 οἰκοδομεῖ.

253 2029 298 2062 14
344 2012 451 2054 Ἐὰν
489 2012 566 2069 Γὰρ
603 2013 907 2069 Προσεύχωμαι
944 2012 1127 2070 Γλώσσῌ,
1164 2012 1212 2055 τὸ
1250 2012 1410 2061 Πνεῦμά
1449 2026 1528 2061 μου
1565 2011 1859 2069 Προσεύχεται.

391 2127 573 2193 Πνεῦμα
598 2126 646 2175 ἐν
672 2123 851 2178 τούτοις
878 2122 962 2187 τὴν
989 2123 1064 2174 διὰ
1088 2131 1170 2175 τοῦ
1202 2123 1480 2188 Πνεύματος
1506 2121 1715 2189 ὀνομάζει
1742 2123 1893 2190 χάριν,

314 2206 529 2258 τουτέστι
563 2205 617 2257 τὸ
646 2207 877 2256 δύνασθαι
912 2206 1166 2271 γλώσσαις
1197 2211 1377 2257 λαλεῖν.
1422 2205 1501 2256 ἐὰν
1528 2206 1622 2267 οὖν,
1648 2206 1783 2273 φησὶ,
1809 2202 1894 2257 τὰς

314 2290 362 2339 ἐν
394 2293 493 2341 ταῖς
531 2288 802 2351 ἐκκλησίαις
840 2286 977 2354 εὐχὰς
1014 2287 1350 2356 προσεύξωμαι
1387 2286 1627 2349 πνεύματι,
1653 2284 1893 2337 τουτέστιν

364 2442 397 2477 6.
422 2441 443 2486 ᾗ
460 2442 652 2476 emendavi.
670 2442 688 2485 ἢ
709 2441 798 2476 Cod.
936 2453 989 2477 10.
1007 2440 1421 2487 ”Αφωνον-ἆνθρώποις]
1443 2441 1539 2474 Haec
1557 2440 1684 2474 retinui
1702 2452 1743 2473 ex
1762 2439 1828 2474 Ed.
1847 2439 1892 2473 cf.

316 2495 433 2523 autem
461 2489 584 2522 scholii
607 2488 844 2533 praecedentis
863 2488 979 2521 finem.
1118 2499 1170 2521 11.
1197 2488 1232 2522 ἐν
1249 2493 1472 2531 assumptum
1491 2498 1532 2520 ex
1549 2488 1593 2520 A.
1657 2485 1731 2530 τῆς]
1752 2486 1822 2520 inc.
1843 2485 1892 2520 H.

320 2546 374 2568 12.
400 2535 464 2578 μὴν
475 2547 544 2567 om.
561 2534 608 2568 H.
673 2537 732 2568 τοῦ
746 2536 932 2569 λαλοῦντος
943 2545 1006 2577 pro
1018 2534 1119 2567 αὐτοῦ
1134 2534 1181 2567 Η.
1257 2545 1309 2575 14.
1327 2533 1468 2567 ἕκαστος
1482 2533 1530 2567 H.
1595 2532 1634 2574 δὴ
1653 2532 1752 2565 Α.Η.
1769 2533 1804 2565 δέ
1825 2532 1892 2566 Ed.

318 2580 443 2614 Statim
463 2579 521 2613 οὖν
539 2592 607 2613 om.
629 2580 677 2613 H.
768 2580 891 2614 16-18.
918 2581 946 2613 εἰ
964 2579 1150 2622 δὲ-ἀκοήν
1167 2585 1348 2623 assumpta
1365 2590 1405 2612 ex
1426 2578 1473 2611 H.
1566 2577 1618 2612 16,
1644 2577 1683 2620 ἧν
1700 2578 1892 2612 emendavi.

316 2626 364 2660 ε’ίν
384 2626 463 2671 (sic)
485 2626 572 2660 Cod.
668 2635 720 2670 17.
746 2626 921 2670 πεποίηκε]
941 2625 1174 2669 legendumne
1190 2627 1379 2668 πεπόνηκεῖ
1408 2625 1450 2658 cf.
1472 2635 1526 2658 20.
1650 2635 1773 2668 19—21.
1796 2624 1892 2658 Haec

316 2684 517 2717 quanquam
535 2672 771 2715 recapitulatio
791 2678 873 2705 sunt
891 2671 1074 2717 quaedam,
1093 2671 1185 2704 edidi
1203 2677 1317 2704 tamen
1336 2683 1377 2704 ex
1398 2670 1445 2704 H.
1597 2681 1653 2715 23.
1681 2670 1777 2703 Haec
1796 2670 1893 2704 aliter

314 2719 351 2752 in
372 2718 406 2751 H
426 2718 485 2763 qui
503 2718 643 2751 exhibet
660 2719 720 2751 Διὸ
740 2719 757 2750 ὁ
774 2719 890 2751 λαλῶν
908 2719 1056 2773 ’γλώσσῃ
1078 2716 1326 2761 προσευχέσθω
1351 2716 1404 2750 ἵνα
1430 2716 1636 2760 διερμηνεύῃ.
1670 2717 1714 2751 ὡς
1738 2717 1773 2749 ἕν
1793 2731 1833 2760 ’γε
1851 2715 1890 2759 δὴ

313 2766 405 2809 μόνῳ
430 2766 475 2809 τῷ
500 2766 648 2809 γλώσσῃ
673 2765 804 2803 λαλεῖν,
822 2764 882 2796 οὐκ
908 2766 947 2796 ἂν
964 2762 1127 2806 ἐσομένου
1145 2766 1204 2796 τοῦ
1222 2762 1385 2796 δύνασθαί
1405 2777 1495 2797 τινας
1518 2763 1699 2805 ἐκκλησίαν
1716 2761 1893 2805 οἰκοδομὴν

315 2811 594 2855 (Ξοῖκοδομεῖν)·
631 2812 760 2853 πνεῦμα
778 2810 812 2843 δὲ
834 2810 907 2849 ὧδε,
931 2809 991 2852 τὴν
1008 2810 1238 2843 διὰ-λαλεῖν,
1265 2809 1465 2853 δυσχερείας
1482 2809 1586 2854 ’γεμὴν
1603 2809 1662 2842 οὐκ
1680 2808 1892 2851 ἀπήλλακται

314 2860 380 2890 τῶν
395 2856 621 2901 προκειμένων
637 2858 655 2890 ὁ
673 2859 760 2891 νοῦς.
786 2856 876 2898 πλὴν
893 2856 936 2890 ὡς
954 2855 989 2889 ἐν
1014 2855 1081 2889 ἰδία
1097 2857 1239 2901 τρανοῦν
1258 2855 1364 2900 (εὼς
1380 2856 1427 2889 ἕνι
1446 2854 1657 2900 ὃιατρανοῦν)
1674 2855 1890 2899 πειράσομαι·

313 2903 364 2936 δεῖ
382 2918 423 2947 με
441 2903 554 2937 τοίνυν
569 2904 679 2948 φησιν
699 2903 754 2946 (ut
773 2901 883 2937 schol.
902 2900 990 2946 seq.)
1013 2901 1060 2936 H.

1906 574 1927 612 <51

1910 980 1959 1005 10

1911 1384 1957 1422 15

1913 1790 1963 1815 20

1914 2303 1962 2341 25
