2001 3257
58 213 226 253 [10M.]

35 1952 135 2002 Κεφ.
159 1948 207 1995 ς’.

157 2020 190 2055 3>
214 2020 235 2053 4

262 141 344 179 188
465 141 516 180 B.
550 140 800 180 CYRILLI
836 140 1185 181 ALEXANDR.
1225 141 1598 182 FRAGMENTA
1664 143 1721 182 vi.
1741 156 1778 197 3,
1796 154 1835 193 4.

261 250 337 298 καὶ
376 247 432 315 ἐξ
463 249 682 315 ἐμφύτων
713 248 978 312 κινημάτων
1008 250 1375 314 ἐπαιδαγωγεῖτο
1409 249 1538 316 παρὰ
1565 254 1689 301 Θεοῦ
1723 249 1842 315 πρὸς

260 329 439 393 εἴδησιν
484 334 578 380 τῶν
623 331 814 394 ἀγαθῶν
858 330 886 392 ἡ
928 331 1178 396 ἀνθρώπου
1224 331 1388 398 φύσις.
1443 331 1743 399 πεπραχότας
1786 330 1842 394 δὴ

260 412 341 461 οὖν
367 411 542 463 ἀθλίως
568 409 677 464 τοὺς
702 411 775 461 ἐπὶ
801 413 888 475 γῆς
915 411 1128 474 κατηλέει
1157 410 1291 475 Θεὸς,
1314 414 1388 462 καὶ
1415 415 1497 476 τῆς
1524 412 1843 478 τυραννούσης

260 490 428 545 αὐτοὺς
453 492 681 557 ἁμαρτίας
708 491 1030 542 ἀπαλλάττειν
1056 494 1104 542 ἐν
1130 496 1333 562 Χριστῷ
1359 494 1640 562 φιλαγάθως
1666 493 1837 544 ἐσκέπ-

259 592 376 624 τετο·
430 572 561 622 ἀλλὰ
606 576 700 622 δεῖν
743 572 871 641 ᾠήθη
919 575 994 623 καὶ
1037 574 1170 635 μα’λα
1217 576 1368 641 ὀρθῶς
1417 573 1545 626 πολὺ
1587 581 1841 628 νοσοῦντας
1863 593 1885 631 5

259 654 701 720 προαναφαίνεσθαι
740 654 846 707 τοὺς
886 655 961 706 ἐπὶ
1003 658 1084 718 τῆς
1128 658 1228 720 γῆς,
1268 656 1343 706 ἵνα
1381 656 1756 723 χρειωδεστάτην
1790 655 1840 706 ἕ-

257 758 416 802 χουσα
440 734 526 799 τὴν
558 739 622 788 εἰς
653 734 735 786 τὸν
768 734 950 799 κόσμον
978 736 1222 800 εἰσβολὴν,
1250 738 1276 800 ἡ
1305 739 1352 788 ἐν
1379 740 1579 806 Χριστῷ
1604 738 1844 791 δικαίωσις

259 819 410 883 ὃρῶτο
450 817 635 868 λοιπόν·
692 820 985 868 δικαιοῦσθαι
1023 817 1116 883 γάρ
1148 824 1304 886 φαμεν
1330 820 1384 870 οὑ
1418 818 1500 869 τὸν
1533 820 1620 884 ἤδη
1655 820 1844 884 δίκαιον,

258 900 368 948 ἀλλ’
396 899 438 950 εἴ
460 922 528 952 τις
555 900 684 949 ἐστὶν
710 899 955 964 ἁμαρτίαις
982 898 1154 967 ἔνοχος·
1192 904 1293 954 πῶς
1320 901 1401 951 οὖν
1427 900 1515 950 ἔδει
1540 901 1845 967 προαναδείκ-

259 984 429 1031 νυσθαι
468 979 574 1035 τοῦς
600 982 673 1032 ε’πὶ
713 984 795 1044 τῆς
833 984 920 1046 γῆς
960 983 1043 1043 τῆς
1081 983 1130 1031 ἐν
1157 986 1358 1051 Χριστῷ
1397 982 1585 1049 χάριτος
1625 983 1839 1046 δεδεημέ-

258 1085 402 1124 νους;
447 1061 711 1130 παρεισῆλθε
754 1066 879 1130 νόμος
915 1063 989 1113 ’ἵνα
1028 1063 1252 1138 πλεονάσῃ
1287 1066 1331 1115 τὸ
1367 1063 1686 1133 παράπτωμα·
1731 1087 1838 1115 του-

258 1144 435 1206 τέστιν,
466 1145 541 1195 ἵνα
567 1146 615 1195 ἐν
641 1149 736 1197 τοῖς
764 1143 853 1195 ὑπὸ
881 1144 1024 1206 νόμον
1050 1144 1175 1195 πολὺ
1202 1145 1417 1213 φαίνοιτο
1444 1144 1498 1196 τὸ
1523 1145 1841 1211 παράπτωμα,

256 1225 453 1289 μηδενὸς
485 1224 704 1290 δηλονότι
741 1228 1035 1276 δικαιοῦσθαι
1071 1228 1327 1288 δυναμένου
1359 1226 1434 1277 διὰ
1459 1226 1513 1277 τὸ
1544 1230 1625 1291 τῆς
1655 1226 1845 1297 φύσεως

256 1306 469 1369 ἀσθενὲς,
508 1307 869 1359 ὑποπιπτόντων
911 1307 958 1358 δὲ
997 1307 1162 1374 ὥσπερ
1199 1307 1422 1359 ἁπάντων
1461 1314 1561 1362 ταῖς
1600 1311 1649 1360 ἐκ
1687 1333 1842 1376 παρα-

252 1388 443 1447 βάσεως
468 1389 648 1443 αἰτίαις.
700 1390 898 1440 τέθειται
934 1390 1088 1440 τοίνυν
1116 1391 1140 1440 ὁ
1170 1390 1310 1451 νόμος
1345 1389 1543 1458 ’ἐλεγχος
1569 1390 1643 1441 οἶά
1669 1414 1738 1446 τις
1763 1395 1846 1456 τῆς

254 1470 476 1522 ἁπάντων
515 1472 773 1533 ἀσθενείας,
811 1472 886 1522 ἵνα
926 1472 1140 1538 φαίνοιτο
1180 1471 1238 1521 τὰ
1277 1472 1548 1538 ἀνθρώπινα
1584 1472 1729 1538 μόνης
1763 1477 1846 1538 τῆς

255 1551 331 1603 διὰ
368 1557 586 1619 Χριστοῦ
625 1554 868 1619 θεραπείας
909 1555 1175 1618 δεδεημένα·
1230 1553 1457 1622 ταύτῃτοί
1492 1559 1643 1624 φησιν
1682 1555 1752 1607 Οῦ
1799 1553 1846 1607 δὲ

255 1635 516 1687 ἐπλεόνασεν
562 1661 583 1695 η
633 1637 839 1704 ἁμαρτία
888 1638 1293 1703 ὑπερεπερίσσευσεν
1338 1639 1358 1696 ἡ
1400 1635 1552 1706 χάρις·
1616 1636 1704 1688 ἔδει
1754 1637 1846 1703 γὰρ

254 1714 369 1767 εἶναι
420 1718 659 1782 τοσαύτην
712 1720 772 1771 ὡς
824 1718 997 1781 ἀμείνω
1050 1719 1307 1786 φαίνεσθαι
1352 1724 1434 1769 τοῦ
1486 1720 1846 1785 κατακρίνοντος

257 1797 418 1861 νόμου.

337 1950 391 1990 ’Ἡ
432 1948 622 1998 ἀΓνοε-ῑῖτε
661 1953 725 1993 ἔτι
762 1953 855 1992 ὅσοι
891 1950 1205 2000 ἐβαπτίσθΗμε-ῑν
1246 1950 1306 1991 εἰς
1344 1950 1524 2007 Χριστὸν
1556 1952 1751 2004 ἸΗσοῦν,·

331 2064 704 2127 Βεβαπτίσμεθα
765 2064 847 2127 μὲν
898 2065 1288 2130 ὁμολογουμένως
1339 2069 1401 2118 εἰς
1461 2064 1514 2115 τὸ
1566 2063 1712 2127 ὄνομα
1763 2071 1845 2116 τοῦ

257 2144 448 2212 Πατρὸς
487 2148 562 2197 καὶ
602 2152 684 2197 τοῦ
710 2150 828 2196 Υἱοῦ
865 2149 940 2197 καὶ
975 2152 1058 2196 τοῦ
1085 2145 1252 2211 εΑγίου
1287 2146 1578 2209 Πνεύματος·
1626 2151 1661 2197 εὶ
1701 2146 1749 2197 δὲ
1788 2146 1844 2211 δὴ

253 2227 386 2292 λε’γοι
413 2229 475 2280 ὡς
501 2233 557 2283 εἰς
585 2231 762 2299 Χριστὸν
788 2230 947 2288 Ἰησοῦν
975 2229 1355 2291 βεβαπτίσμεθα,
1385 2229 1467 2278 οὐκ
1494 2228 1585 2296 ἔξω
1611 2234 1693 2279 τοῦ
1722 2227 1843 2279 εἰκό-

253 2332 332 2362 τος
358 2311 464 2374 ἐρεῖ·
513 2309 730 2373 μάλιστα
764 2310 848 2372 μὲν
871 2308 965 2375 γὰρ
995 2309 1201 2372 ὀνόμασί
1233 2333 1283 2360 τε
1316 2312 1392 2360 καὶ
1432 2310 1733 2361 ὑποστάσεσι
1770 2312 1845 2361 καὶ

254 2391 528 2455 προσώπων
574 2395 820 2458 διαφοραῖς
868 2396 930 2445 εὶς
982 2391 1130 2455 ἰδικὴν
1174 2390 1421 2457 ἑτερότητα
1467 2392 1699 2460 διεστήξει
1744 2415 1844 2446 πως

257 2471 426 2536 Πατὴρ
463 2472 580 2536 πρὸς
607 2472 724 2523 Υἱὸν
751 2475 824 2524 καὶ
863 2472 981 2539 πρὸς
1021 2473 1168 2540 ἄμφω
1208 2473 1262 2523 τὸ
1292 2477 1499 2535 Πνεῦμα·
1555 2472 1723 2539 Πατὴρ
1750 2473 1844 2538 γάρ

255 2554 385 2603 ε’στιν
412 2554 436 2602 ὁ
467 2552 634 2618 Πατὴρ
670 2556 745 2604 καὶ
783 2555 870 2621 οὐχ
894 2554 1022 2607 Υἱός·
1063 2555 1178 2607 Υἱὸς
1211 2555 1248 2605 δ’
1278 2555 1336 2604 αὖ
1369 2554 1517 2605 πάλιν
1543 2553 1662 2604 κατὰ
1695 2554 1845 2622 φύσιν

258 2635 284 2684 ὁ
310 2634 366 2702 ἐξ
393 2634 536 2684 αὐτοῦ
562 2637 636 2684 καὶ
670 2636 723 2684 οὐ
753 2634 933 2700 Πατὴρ,
963 2639 1159 2698 Πνεῦμα
1197 2635 1245 2685 δὲ
1282 2639 1435 2689 Ξδικῶς
1475 2636 1528 2686 τὸ
1558 2640 1752 2699 Πνεῦμα
1789 2634 1844 2686 τὸ

1869 1009 1917 1034 10

1869 1411 1915 1449 15

1867 1826 1916 1850 20

114 2729 158 2762 11
179 2715 433 2782 Μ.”Ἀγιον·
471 2714 624 2778 ἐπειδὴ
647 2714 693 2765 δὲ
711 2717 757 2765 ἐν
777 2717 931 2781 Πατρὶ
955 2715 1039 2779 μέν
1056 2718 1187 2766 ἐστιν
1207 2717 1232 2765 ὁ
1253 2717 1380 2779 Υἱὸς,
1403 2719 1451 2766 ἐν
1472 2721 1573 2785 Υὶῲ
1592 2717 1640 2768 δὲ
1659 2717 1842 2782 Πατὴρ,
1863 2740 1914 2776 30

259 2797 391 2852 ὄντος
429 2799 476 2847 ἐν
514 2799 691 2864 ἀμφοῖν
723 2803 806 2847 τοῦ
839 2798 1007 2861 ξΑγίου
1035 2797 1312 2859 Πνεύματος
1354 2797 1428 2847 διὰ
1467 2798 1521 2848 τὸ
1560 2802 1641 2861 τῆς
1681 2800 1845 2853 οὐσίας

541 2937 574 2970 5.
601 2928 650 2961 δεῖ
671 2928 710 2962 Β.
1075 2940 1129 2971 24.
1157 2929 1200 2964 ὡς
1218 2934 1441 2973 assumptum
1460 2942 1499 2963 ex
1522 2929 1562 2964 B.
