2027 3257
102 204 272 247 [64M-]

127 349 193 370 ver.
210 347 240 378 4,
258 346 287 378 5.

169 434 236 455 ver.
256 423 285 455 6.

148 989 203 1022 65
222 987 282 1023 M.

159 1298 176 1336 7
200 1303 279 1340 sqq.

76 1562 146 1593 Col.
164 1563 197 1595 ii.
215 1573 244 1603 3.

161 1904 227 1926 ver.
248 1895 277 1927 8.

73 1969 156 2011 Eph.
170 1971 214 2003 vi.
232 1982 243 2003 1
250 1981 279 2013 9.

305 139 389 179 286
492 138 542 178 Β.
572 138 819 179 CYRILLI
855 137 1203 179 ALEXANDR.
1241 139 1613 182 FRAGMENTA
1671 141 1884 197 xii.7sqq.

307 246 485 313 μάρτυς
517 246 656 300 αὐτὸς
686 247 710 296 ὁ
737 245 990 300 θεσπέσιος
1018 250 1214 301 Παῦλος
1247 249 1518 313 προστιθείς
1546 271 1596 299 τε
1631 250 1705 299 καὶ
1733 248 1888 313 λέγων

310 327 554 397 Διαιρέσεις
581 325 626 379 δὲ
657 327 949 396 χαρισμάτων
976 332 1073 385 εἷο-ἱ,
1101 326 1148 378 το
1183 325 1228 378 δὲ
1260 329 1365 380 αὐτο
1396 331 1595 397 Πνεῦμα·
1654 335 1731 380 καὶ
1767 326 1884 380 διαι-

306 410 439 478 ρέσεις
474 406 695 460 διακονιῶν
730 414 846 471 εἷο-ιν,
880 414 956 459 καὶ
986 413 1003 459 ὁ
1031 407 1160 463 αὐτος
1188 407 1355 480 Κύριος·
1409 416 1485 461 καὶ
1527 407 1752 478 διαιρέσεις
1779 412 1881 479 ἐνερ-

305 489 517 559 γημάτων
553 495 666 553 εἷο-ἲν,
695 496 712 541 ὁ
741 487 786 541 δὲ
814 489 942 544 αὐτος
971 490 1083 544 Θεος
1111 496 1129 542 ὁ
1157 490 1327 557 ἐνεργοῦν
1365 489 1425 542 τα
1462 490 1615 542 πάντα
1653 493 1690 543 ἐν
1728 494 1883 543 πᾶσιν.

305 571 467 638 ὥσπερ
498 570 592 637 γὰρ
620 574 661 622 οἱ
696 575 790 621 τῶν
816 572 890 621 ἐπὶ
924 573 1011 635 γῆς
1042 577 1316 637 κρατοῦντες
1345 572 1654 638 πραγμάτων,
1681 574 1756 623 καὶ
1791 577 1887 627 τοῖς
1906 590 1928 628 5

303 656 385 716 τῆς
429 654 679 714 βασιλείας
721 651 1034 718 ἐμπρέποντες
1074 651 1271 718 θρόνοις,
1305 652 1544 720 διαφόροις
1585 659 1738 717 τιμαῖς
1778 652 1886 707 τοῦς

302 739 397 785 τῶν
435 734 560 785 ἰδίων
594 735 913 785 ὑπασπιστῶν
948 738 1245 802 στεφανοῦσι
1283 735 1644 801 γνησιωτερους,
1674 736 1819 788 οὕτως
1857 735 1885 798 ἠ

303 816 415 882 ἁγία
456 839 505 867 τε
552 819 627 867 καὶ
673 815 924 878 ὁμοούσιος
962 814 1110 880 Τριᾶς
1147 821 1242 869 τοῖς
1282 816 1339 884 ἐξ
1379 818 1536 882 ὑγιοῦς
1575 815 1766 882 καρδίας
1809 817 1886 866 καὶ

304 896 474 963 φρενὸς
512 898 764 950 ὁλοτελοῦς
797 899 1050 962 ἀγαπῶσιν
1073 896 1232 959 αὐτὴν,
1260 899 1520 966 ἀμφιλαφῆ
1557 897 1758 960 διανέμει
1791 901 1886 947 τῶν

304 979 482 1029 ἄνωθεν
515 980 707 1044 ἀγαθῶν
735 976 821 1041 τὴν
853 980 1034 1041 κτῆσιν,
1067 978 1120 1027 δι’
1151 978 1250 1031 ἑνὸς
1284 983 1368 1028 τοῦ
1396 977 1675 1039 Πνεύματος
1711 980 1772 1031 ὡς
1811 977 1885 1028 διὰ

303 1064 520 1125 Χριστοῦ
558 1058 688 1124 παρὰ
724 1064 807 1109 τοῦ
836 1056 1039 1124 Πατρός“
1090 1058 1247 1110 πάντα
1285 1057 1379 1125 γὰρ
1417 1058 1546 1125 παρὰ
1585 1064 1667 1110 τοῦ
1694 1058 1886 1126 Πατρὸς

303 1142 358 1191 δι’
387 1144 505 1191 Υἱοῦ
532 1142 579 1191 ἐν
607 1138 863 1203 Πνεύματι.

295 1288 498 1343 “Εκάστῳ
525 1287 688 1329 ὃίὸοται
716 1288 739 1329 ἐι
775 1288 1021 1345 φανέρωσις
1047 1293 1121 1330 τοῦ
1155 1289 1402 1338 Πνεύματοε
1437 1290 1544 1347 Πρὸς
1574 1288 1622 1333 τὸ
1650 1291 1879 1348 συμφέρον·

368 1369 404 1426 ᾧ
432 1372 508 1420 μὲν
543 1371 620 1429 Γὰρ
655 1371 723 1412 διὰ
759 1374 832 1413 τοῦ
856 1372 1105 1420 Πνεύματοε
1140 1372 1306 1414 δίδοται
1333 1374 1457 1420 Ain-oc
1490 1371 1644 1428 σοφίας
1668 1376 1814 1417 κ.τ.λ.

374 1467 518 1519 Οἶδεν
564 1468 658 1535 γὰρ
705 1467 825 1520 οἶδεν
871 1467 1056 1534 καιροὺς
1100 1467 1208 1523 τοὺς
1253 1469 1439 1538 ἑκάστῳ
1481 1469 1749 1534 πρέποντας
1789 1473 1883 1519 τῶν

299 1551 406 1616 παρ’
436 1551 578 1601 αὐτοῦ
614 1549 874 1616 δρωμένων,
908 1557 935 1579 “
957 1552 1005 1601 ἐν
1030 1548 1066 1619 ᾧ
1101 1549 1274 1604 πάντες
1310 1552 1430 1601 εἰσὶν
1457 1553 1497 1600 οἱ
1534 1551 1764 1616 θησαυροὶ
1801 1553 1883 1614 τῆς

298 1638 326 1660 “
352 1633 530 1700 σοφίας
570 1634 644 1683 καὶ
685 1635 767 1696 τῆς
811 1631 1033 1698 γνώσεως
1075 1631 1380 1699 ἀπόκρυφοι,”
1422 1631 1541 1682 κατὰ
1578 1631 1632 1682 τὸ
1670 1655 1880 1698 γεγραμ-

296 1711 451 1776 μένον·
505 1718 619 1764 ποῖα
656 1711 804 1778 γεμὴν
831 1712 1106 1779 χαρίσματα
1144 1715 1220 1762 καὶ
1258 1713 1393 1763 ποῖαί
1425 1734 1544 1765 τινες
1570 1715 1618 1763 αἱ
1653 1715 1882 1776 διανομαὶ,

297 1795 373 1844 καὶ
417 1793 512 1857 μὴν
557 1796 630 1845 καὶ
680 1793 738 1844 τὰ
790 1798 884 1844 τῶν
937 1793 1177 1857 δυνάμεων
1226 1792 1532 1859 ἐνεργήματα,
1577 1795 1882 1845 διαλευκαίνει

296 1874 453 1940 λέγων
472 1873 554 1926 τΩι
581 1874 659 1943 μὲν
697 1874 786 1943 γαρ
820 1872 896 1926 δια
928 1876 997 1926 τοῦ
1024 1873 1284 1942 Πνεῦματος
1318 1871 1487 1925 δίδοται
1516 1875 1655 1940 λόγος
1694 1878 1878 1944 σοφίας·

296 1957 476 2024 σοφίας
501 1956 550 2006 δὲ
577 1956 735 2022 λόγος,
764 1956 888 2007 κατοί
908 1978 963 2021 γε
992 1955 1046 2007 τὸ
1073 1957 1198 2025 αὐτῷ
1224 1978 1303 2018 μοι
1330 1958 1509 2018 δοκοῦν,
1536 1956 1561 2006 ὁ
1588 1963 1615 1985 “
1635 1958 1682 2006 ἐν
1708 1957 1882 2025 ἀνοίξει

296 2045 324 2067 “
349 2044 432 2089 τοῦ
473 2037 752 2101 στόματος,”
800 2039 824 2089 ὁ
867 2036 1113 2104 πρόχειρός
1154 2060 1203 2088 τε
1246 2040 1321 2088 καὶ
1363 2039 1522 2104 εὔρους
1564 2041 1639 2089 καὶ
1680 2041 1743 2093 ὡς
1785 2039 1880 2090 ἀπὸ

293 2118 531 2184 γλώσσης
566 2118 646 2170 ἰὼν
671 2121 753 2182 τῆς
779 2118 903 2184 ἄγαν
928 2117 1293 2185 εὐτροχωτάτης.
1351 2118 1487 2188 ἄλλῳ
1514 2116 1559 2170 δὲ
1593 2121 1730 2186 λόγος
1761 2122 1875 2186 γνώ-

293 2218 419 2255 σεως·
474 2202 565 2251 εἶσὶ
603 2199 696 2266 γὰρ
734 2204 828 2250 τῶν
854 2201 902 2250 ἐν
933 2200 1043 2263 ἡμῖν
1072 2222 1205 2262 τινες,
1232 2203 1273 2250 οἱ
1312 2198 1366 2250 τὸ
1405 2198 1657 2268 πρόχειρον
1693 2201 1778 2265 μὲν
1818 2205 1880 2256 εὶς

292 2281 466 2348 λόγους
500 2283 583 2333 οὐκ
620 2282 822 2349 ἔχοντες,
853 2283 928 2331 καὶ
962 2286 1046 2332 τοῦ
1082 2280 1273 2349 φράζειν
1298 2280 1503 2335 εὐκόλως
1529 2281 1762 2333 δύνασθαι
1793 2282 1880 2347 τὴν

292 2364 563 2429 παρῥησίαν
601 2364 654 2413 οὐ
693 2362 972 2427 κεκτημένοι,
1007 2366 1171 2423 βαθεῖς
1209 2362 1358 2427 γεμὴν
1398 2363 1521 2427 ἄγαν
1562 2367 1625 2417 εἷς
1664 2363 1877 2427 σύνεσιν,

291 2443 634 2511 νουνεχέστατά
665 2467 714 2495 τε
750 2444 825 2494 καὶ
858 2443 967 2494 λίαν
994 2442 1172 2510 ’ίσχνως
1198 2448 1293 2497 τοῖς
1319 2447 1454 2510 ἱεροῖς
1479 2445 1879 2509 προσβάλλοντες

291 2523 465 2590 λόγοις,
483 2527 558 2575 καὶ
583 2529 918 2590 μυσταγωγεΐν
944 2525 1125 2590 ἑτερους
1151 2523 1242 2574 οἶοί
1264 2547 1312 2575 τε
1339 2526 1415 2575 καὶ
1436 2523 1495 2575 τὰ
1516 2528 1610 2575 τῶν
1635 2525 1878 2591 θεωρημά-

340 2650 392 2674 10.
419 2640 529 2675 κτίσιν
545 2641 588 2674 Α.
663 2641 737 2675 Ine.
755 2640 799 2674 ‘H
818 2640 896 2685 ἁγία
913 2641 1013 2684 Τριὰς
1038 2640 1216 2675 πλουσίως
1236 2640 1289 2674 καὶ
1305 2640 1466 2675 ποικίλως
1483 2640 1655 2684 χαρίζεται
1673 2642 1731 2677 τὰς
1748 2642 1876 2686 δωρεὰς

289 2685 331 2719 δι’
352 2686 400 2719 Η.
604 2699 655 2721 11.
682 2689 741 2721 τοῦ
759 2694 949 2731 utrumque
966 2698 1036 2720 om.
1059 2686 1106 2720 H.
1310 2695 1433 2730 15—17.
1461 2686 1591 2720 Partim
1609 2688 1691 2721 citat
1708 2694 1741 2721 et
1762 2688 1795 2721 H
1816 2690 1877 2734 qui

287 2732 427 2766 exhibet
442 2730 540 2767 Οἶδεν
552 2734 617 2777 γὰρ
635 2733 711 2768 τοὺς
727 2733 916 2776 πρέποντας
935 2733 1067 2776 καιροὺς
1085 2736 1149 2766 τῶν
1165 2732 1347 2777 γινομένων
1363 2731 1441 2776 παρ’
1457 2732 1559 2766 αὐτοῦ
1574 2735 1591 2766 ὁ
1607 2733 1641 2766 ἐν
1657 2731 1872 2779 ᾦ-σοφίας.

292 2790 345 2812 21.
374 2779 449 2813 Ine.
468 2781 577 2824 Λόγος
595 2780 723 2824 σοφίας
741 2781 759 2811 ὁ
777 2779 859 2813 κατά
875 2793 914 2823 γε
935 2778 983 2812 Η.
1129 2789 1184 2812 22.
1210 2780 1228 2812 ὁ
1246 2790 1316 2812 om.
1338 2779 1385 2812 H.
1458 2779 1510 2812 καὶ
1529 2779 1876 2825 ὠς-εὐτροχωτάτης

286 2831 470 2869 assumpta
486 2838 526 2859 ex
548 2825 594 2860 H.
772 2836 826 2867 24.
851 2826 917 2869 γὰρ
935 2837 1004 2859 om.
1024 2824 1071 2858 H.
1145 2825 1206 2867 μὲν
1223 2830 1447 2868 assumptum
1466 2837 1506 2858 cx
1528 2825 1575 2859 H.
1750 2836 1806 2871 25.
1833 2828 1871 2861 τὸ

287 2883 350 2915 pro
368 2874 428 2905 τοῦ
448 2871 495 2906 H.
667 2881 720 2916 27.
747 2873 799 2905 καὶ
817 2871 893 2905 λίην
910 2870 1036 2916 ἵσχνως
1054 2876 1235 2914 assumpta
1254 2883 1294 2904 ex
1316 2871 1362 2904 H.
1539 2872 1640 2917 28-p.
1663 2872 1743 2913 286,
1759 2873 1792 2907 6.
1819 2873 1872 2907 καὶ

284 2919 699 2964 μυσταγωγεῖν-κάκεῖνο
719 2918 766 2953 H.
785 2919 836 2952 καὶ
855 2917 951 2954 οὗτος
968 2917 1079 2961 μέντοι
1099 2919 1116 2950 ό
1134 2919 1237 2962 λόγος
1256 2918 1403 2952 κάκεῖνος
1424 2916 1488 2952 Ed.

1909 999 1956 1025 10

1906 1486 1951 1523 15

1901 1906 1951 1931 20

1899 2304 1948 2344 25
