1997 3262
80 213 268 256 [107M-]

65 593 96 624 S.
109 594 207 643 qoan.

65 647 130 667 xvl.
145 645 194 676 15.

66 1001 149 1032 Hos.
159 1001 214 1032 xii.
223 1010 272 1033 10.

62 1087 121 1118 Es.
137 1087 184 1119 lii.
199 1086 229 1124 6,
245 1094 273 1128 7·

72 2220 123 2252 Ib.
139 2220 183 2251 ix.
199 2219 229 2252 6.

287 154 372 193 364
516 152 568 192 B.
595 152 843 193 CYRILLI
878 152 1226 192 ALEXANDR.
1266 153 1638 194 FRAGMENTA
1782 155 1809 196 i.
1831 169 1863 196 1.

288 260 536 322 διακονίαν,
575 261 623 311 ἐν
659 260 751 329 ’lo-cp
789 259 1055 327 προφήταις
1094 260 1314 327 δέχεσθαι
1352 260 1437 323 μὲν
1465 260 1595 326 παρὰ
1632 266 1714 311 τοῦ
1743 265 1867 311 Θεοῦ

289 339 450 406 Λόγου
486 340 572 405 τὴν
595 345 702 406 περὶ
737 340 801 391 ὧν
827 340 884 391 ἂν
909 340 1133 402 βούλοιτο
1172 345 1352 404 γνῶσιν
1378 341 1523 406 ἤγουν
1547 341 1867 408 ἀποκάλυψιν,

286 426 524 473 ποιεῖσθαι
568 421 616 472 δὲ
669 423 814 476 οὕτως
862 426 923 475 εἰς
974 422 1094 485 ἡμᾶς
1142 420 1304 485 αὐτήν·
1364 423 1528 472 διοίσει
1578 422 1671 489 γὰρ
1723 424 1870 476 οὕτως

289 502 388 553 κατ’
441 504 605 553 οὐδένα
664 502 841 568 τρόπον
903 506 997 552 τῶν
1059 502 1207 567 ἁγίων
1270 506 1532 569 προφητῶν
1595 503 1721 568 ε’ίπερ
1783 502 1870 554 ὧδε

288 583 401 650 ἔχοι·
449 584 559 634 ἀλλ’
600 583 717 637 εὶδὸς
755 583 911 635 πάντα
949 582 1009 634 τὰ
1041 585 1088 633 ἐν
1123 584 1262 652 αὐτῷ,
1288 585 1397 648 παρ’
1426 585 1567 634 αὐτοῦ
1607 584 1913 647 λαμβάνειν5

290 664 476 729 λέγεται
515 667 591 715 καὶ
629 663 944 730 ἀναγγέλλειν
983 664 1147 729 ἁγίοις.
1202 665 1368 714 οὐκοῦν
1402 665 1561 714 ἐλάλει
1599 666 1672 716 καὶ
1712 667 1870 718 πάλαι

289 744 365 795 διὰ
403 751 485 796 τοῦ
522 746 676 812 Ἁγίου
711 748 983 810 Πνεύματος
1021 751 1117 800 τοῖς
1155 744 1469 812 ἀρχαιοτέροις
1508 747 1532 796 ὁ
1573 748 1866 812 Μονογενής·

289 825 450 877 ἐλάλει
491 826 539 877 δὲ
585 828 890 896 πολυτρόπως,
930 830 1312 896 διαμορφοῦσθαι
1353 827 1556 878 κελεύων
1598 828 1651 879 τὸ
1694 829 1873 880 σεπτὸν

290 910 366 958 καὶ
398 908 520 974 μέγα
549 912 630 971 τῆς
666 908 1065 975 ἐνανθρωπήσεως
1099 911 1264 960 ἑαυτοῦ
1296 909 1573 975 μυστήριον·
1625 910 1756 961 ε”στιν
1791 911 1873 962 οῦν

290 990 489 1040 ἀκοῦσαι
525 989 749 1056 λέγοντος
784 989 860 1040 διὰ
894 995 1155 1058 προφητῶν
1194 997 1221 1019 “
1244 989 1374 1055 Ἐγὼ
1409 990 1597 1057 ὁράσεις
1632 991 1873 1056 ἐπλήθυνα

292 1077 319 1100 “
343 1072 419 1121 καὶ
465 1072 513 1121 ἐν
551 1073 688 1138 χερσὶ
725 1076 986 1139 προφητῶν
1029 1070 1320 1135 ὡμοιώθην,”
1366 1073 1441 1122 καὶ
1480 1071 1628 1123 πάλιν
1673 1080 1699 1103 ‘⁶
1720 1073 1874 1128 Αὐτὸς

291 1157 318 1181 “
344 1152 369 1202 ὁ
397 1156 561 1202 λαλῶν
587 1151 790 1218 πάρειμι,
818 1155 880 1206 ὡς
906 1152 1005 1217 ὥρα
1031 1154 1104 1203 ἐπὶ
1131 1157 1225 1203 τῶν
1252 1152 1395 1218 ὀρέων
1422 1155 1483 1206 ὡς
1508 1154 1647 1207 πόδες
1674 1157 1868 1221 εὐαγγε-

292 1238 318 1261 “
343 1232 585 1298 λιζομένου
635 1233 781 1298 ἀκοὴν
824 1234 1017 1299 εἰρήνης,
1063 1234 1477 1300 εὐαγγελιζομένου
1528 1236 1725 1300 ἀγαθοί.”
1798 1239 1873 1288 ἐπὶ

290 1312 383 1378 γὰρ
409 1315 659 1383 συντελείᾳ
689 1319 784 1365 τῶν
811 1316 990 1366 αἰώνων
1017 1315 1154 1369 αὐτὸς
1191 1316 1298 1379 ἡμῖν
1325 1316 1383 1366 δι’
1409 1317 1574 1366 ἑαυτοῦ
1608 1317 1874 1382 λελάληκεν

291 1395 315 1444 ὁ
342 1394 472 1452 Υἱὸς,
506 1396 560 1445 οὐ
597 1402 985 1457 μεσολαβοῦντος
1024 1396 1090 1447 ε”τι
1127 1396 1376 1465 προφήτου
1416 1399 1491 1448 καὶ
1530 1401 1691 1464 φωνῆς
1728 1399 1874 1464 ἁγίων

291 1474 421 1525 ἀλλὰ
457 1476 513 1526 δι’
539 1477 704 1527 ἑαυτοῦ
739 1479 842 1528 καθ’
877 1478 995 1541 ἡμᾶς
1024 1477 1228 1543 γεγονὼς
1254 1479 1278 1528 ὁ
1308 1478 1584 1543 Μονογενὴς
1615 1478 1721 1533 τοὺς
1756 1480 1875 1547 πρὸς

291 1557 410 1619 ἡμᾶς
460 1558 708 1622 πεποίηται
759 1558 950 1624 λόγους.
1019 1562 1234 1623 λαλῆσαι
1284 1559 1339 1610 δέ
1383 1564 1539 1627 φαμεν
1584 1562 1621 1612 ἐν
1665 1560 1751 1630 Tic}
1792 1562 1875 1613 τὸν

294 1639 501 1704 Πατέρα,
527 1640 613 1706 οὐχ
652 1642 713 1693 ὡς
745 1641 799 1689 δι’
835 1641 1085 1705 ἀνθρώπου
1120 1639 1243 1693 τινος
1283 1644 1434 1694 ἷδικῶς
1474 1641 1549 1691 διὰ
1588 1642 1737 1704 μέσου
1776 1666 1869 1694 κει-

292 1719 430 1781 μένου
464 1723 540 1771 καὶ
571 1722 992 1787 διαπορθμεύοντος
1023 1725 1084 1776 εἷς
1110 1723 1232 1785 ἡμᾶς
1258 1724 1339 1773 οὐκ
1365 1724 1504 1775 ἰδίους
1529 1727 1719 1785 μᾶλλον
1745 1723 1875 1774 ἀλλὰ

291 1800 399 1855 τοὺς
436 1803 546 1868 παρ’
576 1803 732 1868 ἑτέρου
772 1802 959 1869 λόγους,
988 1805 1098 1855 ἄλλ’
1128 1807 1219 1873 ἰδίᾳ
1245 1810 1382 1874 φωνῇ
1416 1811 1473 1874 τῇ
1501 1805 1576 1856 διὰ
1601 1813 1684 1857 τοῦ
1709 1808 1873 1872 σώμα-

293 1905 372 1936 τος
398 1889 659 1937 λαλοῦντος
687 1886 795 1948 ἡμῖν
818 1890 901 1935 τοῦ
928 1888 1056 1936 Υἱοῦ·
1099 1887 1241 1937 αὐτοῦ
1267 1886 1361 1953 γὰρ
1384 1886 1441 1950 ἧν
1467 1893 1550 1938 τοῦ
1573 1891 1875 1954 Μονογενοῦς

295 1964 371 2013 καὶ
412 1965 499 2031 οὐχ
537 1965 692 2031 ἑτέρου
731 1966 856 2019 τινὸς
882 1967 909 2030 ἡ
937 1966 1080 2036 σάρξ·
1135 1967 1256 2022 Θεὸς
1295 1968 1388 2033 γὰρ
1414 1966 1478 2019 ὧν
1502 1968 1645 2037 φύσει
1683 1970 1876 2036 γέγονεν

295 2044 543 2110 ἄνθρωπος
580 2046 697 2109 μετὰ
729 2054 811 2098 τοῦ
845 2053 995 2110 μεῖναι
1023 2049 1158 2103 Θεός·
1211 2048 1317 2101 τότε
1357 2049 1449 2116 γὰρ
1487 2051 1572 2114 τὴν
1612 2051 1877 2118 ἀπόῤῥητον

294 2132 378 2176 τοῦ
404 2130 530 2177 Θεοῦ
556 2129 630 2177 καὶ
660 2128 849 2192 Πατρὸς
876 2130 1086 2197 φανερὰν
1113 2131 1222 2194 ἡμῖν
1247 2133 1388 2183 ἐποίει
1414 2132 1611 2196 βουλήν·
1659 2134 1876 2201 ταύτῃτοι

296 2215 322 2237 “
348 2210 424 2258 καὶ
451 2213 660 2259 καλεῖται
687 2208 740 2260 τὸ
767 2209 914 2272 ὄνομα
940 2212 1082 2261 αὐτοῦ
1109 2212 1342 2278 Μεγάλης
1367 2217 1547 2277 βουλῆς
1573 2214 1821 2279 ἄγγελος.”

367 2290 555 2354 Ὀρθῶς
594 2292 675 2341 οὖν
713 2292 738 2341 ὁ
768 2291 963 2346 Παῦλός
1002 2298 1154 2361 φησιν
1196 2295 1262 2344 ἐπ’
1292 2295 1493 2357 ἐσχάτων
1528 2295 1605 2346 τῶν
1645 2295 1799 2366 &papiu
1840 2297 1877 2348 ἐν

294 2376 381 2439 Tic}
416 2371 727 2435 λελαληκέναι
754 2373 859 2440 πρὶς
886 2376 1006 2442 ἡμᾶς
1041 2375 1123 2425 τὸν
1151 2374 1273 2426 Θεὸν
1301 2378 1375 2426 καὶ
1405 2376 1609 2441 Πατέρα·
1663 2376 1757 2443 ᾔδει
1784 2377 1877 2443 γὰρ

297 2449 410 2500 ὅντα
437 2450 562 2502 Θεὸν
600 2452 682 2503 τὸν
720 2454 1046 2519 Ἐμμανουὴλ,
1084 2457 1314 2521 γεγονότα
1354 2456 1401 2507 δὲ
1438 2459 1513 2507 καὶ
1552 2460 1600 2508 ἐν
1632 2459 1876 2524 ἀνθρωπό-

296 2554 399 2595 τητι
436 2534 542 2594 μεθ’
584 2533 715 2596 ἡμῶν
752 2533 835 2584 τὸν
872 2537 922 2585 ἐκ
949 2540 1073 2587 Θεοῦ
1100 2537 1274 2602 Λόγον,
1306 2538 1483 2604 ἐπέγνω
1521 2537 1603 2590 τὸν
1635 2540 1879 2607 ἐλεύθερον

343 2671 376 2704 3.
402 2661 527 2695 διοίσοι
547 2673 724 2706 perperam
745 2662 802 2697 Cr.
1016 2665 1048 2700 6.
1077 2666 1215 2700 Partem
1234 2667 1373 2701 exhibet
1391 2673 1423 2702 et
1443 2669 1490 2702 H.
1511 2669 1570 2714 qui
1586 2669 1725 2703 Ἐλάλει
1743 2670 1804 2714 μὲν
1820 2670 1878 2705 οὖν

296 2707 401 2740 πάλαι
420 2707 473 2741 διὰ
492 2708 624 2752 incipit.
820 2718 850 2754 7.
876 2712 1069 2756 Μονογενὴς
1087 2713 1202 2745 ἐλάλει
1220 2713 1274 2758 δὲ]
1296 2715 1380 2749 Θεὸς
1401 2714 1448 2748 H.
1624 2717 1656 2750 8.
1681 2718 1807 2751 σεπτὸν
1824 2717 1877 2750 καὶ

298 2764 367 2786 om.
390 2753 438 2788 II.
591 2766 624 2798 9.
648 2755 750 2788 αὐτοῦ
772 2755 819 2788 H.
884 2757 966 2790 κατὰ
984 2759 1022 2790 τό
1043 2770 1104 2801 pro
1123 2759 1449 2805 ἔστιν-προφητῶν
1470 2761 1516 2794 Η.
1664 2774 1715 2797 11.
1739 2765 1876 2807 προφη-

295 2797 377 2843 τῶν]
399 2799 510 2843 pergit
537 2799 613 2844 ἡμῖν
637 2801 671 2833 δὲ
697 2800 739 2834 δι’
757 2802 877 2835 ἑαυτοῦ
902 2804 956 2836 καὶ
979 2803 1028 2837 ἐπ’
1048 2804 1203 2848 ἐσχάτων
1225 2806 1394 2849 ἐλάλησεν
1417 2808 1435 2839 ὁ
1458 2808 1527 2842 υἱός
1547 2808 1608 2851 (ita
1627 2808 1804 2852 desinens)
1827 2809 1874 2843 H.

300 2856 352 2878 12.
378 2846 492 2889 ὥραιοι
511 2858 691 2891 perperam
710 2846 769 2880 Cr.
903 2858 956 2893 17.
982 2850 1055 2884 Ine.
1076 2850 1201 2885 iterum
1218 2853 1368 2896 λαλῆσαι
1386 2853 1499 2897 φαμέν
1519 2854 1566 2888 Η.
1704 2866 1759 2890 22.
1783 2856 1874 2900 σάρξ

297 2890 369 2924 des.
392 2891 440 2926 H.
632 2892 686 2927 26.
711 2895 728 2926 ὁ
747 2905 816 2928 om.
836 2893 895 2928 Cr.

1895 1018 1945 1043 10

1897 1834 1946 1859 20
