2012 3272
486 135 861 179 FRAGMENTA
905 131 1331 175 HOMILIARUM.
1618 130 1702 171 467

112 246 201 300 νὼς
240 248 348 298 καθ’
387 247 508 310 ἡμᾶς
553 248 578 297 6
620 243 912 310 Μονογενὴς,
946 242 1219 307 ὠνόμασται
1257 239 1362 292 τότε
1402 262 1477 291 και
1514 199 1913 334 ἸησοῦςξιῐῖζοΜῑῑῗ

111 327 187 378 διὰ
217 331 300 392 τῆς
333 334 416 379 τοῦ
452 327 662 394 ἀγγέλου
688 329 866 395 φωνῆς·
907 324 1011 376 τότε
1037 321 1343 391 κεχρημάτικε
1379 323 1455 372 καὶ
1487 319 1699 372 ἀπόστο-
1721 317 1771 338 ²¹·

109 416 196 462 λος
233 432 308 460 και
349 409 598 477 ἀρχιερεύς.
651 409 815 459 οὐκοῦν
846 406 875 472 ἢ
910 406 1241 473 ἀρνείσθωσαν
1268 405 1473 469 ἐναργῶς
1509 401 1580 452 ὅτι
1617 424 1696 466 γε-

110 512 220 556 γονε
258 490 393 560 σὰρξ
428 492 453 541 6
490 491 662 556 Λόγος,
696 488 940 541 τουτέστιν
978 487 1238 551 ἄνθρωπος,
1271 484 1616 553 ἐμψυχωμένον
1653 505 1703 533 τε

68 576 186 632 5καὶ
230 572 391 623 ἔννουν
431 577 575 636 σῶμα
619 571 801 633 λαβὼν,
845 572 922 621 καὶ
961 568 1066 619 τότε
1109 566 1265 619 πάντα
1308 566 1367 617 τὰ
1410 568 1517 632 περὶ
1561 565 1703 615 αὐτοῦ

109 653 413 719 γεγραμμένα
463 653 822 719 περιαγέτωσαν
873 655 936 704 εἰς
987 650 1070 701 τὸν
1115 653 1280 699 οἰκεῖον
1324 647 1526 698 σκοπόν·
1589 646 1618 711 ἢ
1666 648 1702 696 εὶ

111 740 372 803 φοβοῦνται
409 734 463 786 τὸ
503 737 745 801 ἀρνεῖσθαι
783 733 837 784 τὸ
875 730 1153 796 μυστήριον,
1188 728 1556 794 θαυμαζέτωσαν
1593 728 1699 791 μεθ’

110 816 241 879 ἡμῶν
270 816 353 867 τὸν
387 818 442 867 δι’
474 817 594 880 ἡμᾶς
633 818 681 866 ἐν
711 820 807 869 τοῖς
846 813 954 865 καθ’
984 814 1105 877 ἡμᾶς
1143 809 1387 877 γεγονότα,
1413 808 1704 874 μεμενηκότα

110 896 158 947 δὲ
184 899 259 947 καὶ
289 899 410 948 οὕτω
437 896 577 949 Θεόν·
620 897 725 948 τότε
759 895 852 962 γὰρ
878 894 932 946 τὸ
964 898 1047 958 τῆς
1081 892 1321 946 κενώσεως
1353 899 1701 957 πολυπραγμο-

44 1007 92 1032 10
111 983 294 1033 νοῦντες
326 976 511 1045 μέτρον,
540 978 623 1029 τὸν
649 977 790 1028 αὐτὸν
817 975 1075 1043 εὑρήσουσι
1107 977 1183 1025 καὶ
1215 973 1492 1025 ἀπόστολον
1518 975 1702 1038 ἀνθρω-

109 1059 268 1123 πίνως,
294 1063 370 1111 καὶ
409 1059 768 1126 κηρυσσόμενον
807 1063 968 1112 θεϊκῶς
1006 1056 1135 1124 παρὰ
1174 1060 1269 1107 τῶν
1307 1053 1700 1118 ἀπεσταλμένων·

109 1143 213 1192 τίνα
249 1140 344 1208 γὰρ
383 1141 633 1208 ἐκήρυττον
671 1146 768 1195 τοῖς
806 1140 991 1191 ε”θνεσιν
1031 1143 1072 1190 οἱ
1110 1137 1330 1204 μακάριοι
1369 1139 1588 1201 μαθηταὶ,
1628 1137 1704 1185 καὶ

110 1229 248 1274 τοῦτο
281 1225 343 1276 ὡς
371 1221 496 1273 Θεὸν
523 1222 784 1287 ἀληθινόν,
829 1219 898 1288 ἀρ’
926 1222 1030 1288 οὐχὶ
1062 1219 1145 1271 τὸν
1172 1219 1330 1284 κύριον
1356 1220 1488 1282 ἡμῶν
1513 1219 1705 1281 Ἰησοῦν

111 1303 193 1355 τὸν
227 1303 441 1371 Χριστόν
460 1327 472 1367 3
515 1305 597 1355 οὐκ
633 1302 910 1355 ἀπόστολον
942 1303 1018 1354 διὰ
1050 1302 1103 1353 τὸ
1136 1301 1461 1366 ἀνθρώπινον;
1502 1301 1585 1350 οὐκ
1623 1301 1701 1350 αὑ-

45 1407 92 1444 15
112 1385 193 1435 τὸν
220 1385 333 1437 ὅντα
360 1385 497 1449 Θεὸν,
526 1386 597 1436 ὅτι
625 1386 783 1451 Λόγος
811 1385 868 1450 ἧν
894 1390 976 1436 τοῦ
1004 1384 1227 1449 Πατρός;
1269 1387 1370 1436 πῶς
1404 1381 1545 1432 αὐτὸν
1571 1382 1703 1448 ἀρχι-

111 1466 217 1533 ερέα
259 1467 488 1533 γεγονότα
532 1466 865 1533 θεωρήσομεν,
922 1463 1015 1531 ἀρα
1054 1463 1173 1515 κατὰ
1211 1462 1295 1514 τὸν
1334 1463 1554 1529 Ἀαρών;
1613 1459 1704 1528 ἀρα

111 1547 230 1598 κατὰ
255 1547 337 1599 τὸν
368 1548 587 1602 Μωσέως
614 1548 771 1611 νόμον,
798 1547 903 1600 τοῦς
927 1547 984 1615 ἐξ
1006 1545 1185 1611 ἀγέλης
1208 1543 1382 1609 ἀμνοῦς
1408 1544 1704 1595 καταθύοντα

111 1633 177 1697 τῷ
222 1632 360 1698 Θεῷ,
418 1628 509 1696 ἀρα
551 1629 780 1695 τρυγόνας
824 1627 1136 1695 προσάγοντα
1180 1628 1257 1677 καὶ
1302 1625 1583 1692 περιστερὰς
1628 1627 1703 1676 καὶ

111 1710 363 1773 σεμίδαλιν
386 1712 675 1777 ἐλαιοβραχῆ
703 1733 716 1773 3
761 1712 910 1761 καίτοι
936 1714 1029 1760 τῶν
1055 1708 1279 1760 τοιούτων
1304 1706 1435 1758 οὐδὲν
1460 1704 1703 1774 πέπραχεν

44 1792 136 1842 206
161 1791 483 1856 Ἐμμανουήλ·
525 1791 742 1859 ἱερατεύει
769 1791 862 1856 γὰρ
890 1791 1004 1857 ὑπὲρ
1031 1790 1189 1854 νόμον·
1233 1788 1372 1842 αὐτὸς
1398 1788 1455 1852 ἧν
1481 1788 1535 1839 τὸ
1563 1792 1701 1852 θῦμα,

111 1874 136 1923 6
165 1874 311 1937 ἀμνὸς
347 1875 372 1924 6
407 1873 643 1937 ἀληθινὸς,
671 1874 696 1923 6
732 1873 871 1926 αὐτὸς
908 1875 933 1924 6
968 1871 1162 1935 ἄμωμός
1187 1894 1237 1921 τε
1273 1871 1348 1920 καὶ
1377 1870 1548 1922 ἄκακος
1573 1870 1705 1935 ἀρχι-

111 1955 254 2021 ερεὺς,
284 1956 370 2022 οὐχ
406 1955 520 2020 ὑπὲρ
557 1956 685 2006 ἰδίων
715 1955 1142 2019 πλημμελημάτων
1169 1956 1438 2019 ἱερουργῶν,
1464 1952 1705 2018 κρείσσων

110 2035 204 2103 γὰρ
229 2036 285 2101 ἧν
312 2038 542 2102 ἁμαρτίας
578 2039 640 2091 ὡς
668 2036 802 2099 Θεὸς,
828 2037 938 2087 ἀλλ’
967 2037 1043 2087 ἵνα
1078 2035 1208 2103 λύσῃ
1244 2034 1329 2098 τὴν
1362 2034 1596 2100 ἁμαρτίαν
1621 2038 1704 2084 τοῦ

111 2117 310 2181 κόσμου·
352 2119 518 2184 γε’γονε
545 2120 699 2170 τοίνυν
719 2118 857 2172 αὐτὸς
883 2121 965 2181 τῆς
992 2118 1109 2170 ἰδίας
1133 2121 1419 2183 προσφορᾶς
1447 2113 1701 2181 ἱερουργός·

46 2217 92 2255 25
113 2201 165 2250 οὐ
191 2200 285 2266 γὰρ
311 2200 401 2251 ε”δει
427 2198 582 2251 κοινὸν
607 2200 859 2265 ἄνθρωπον
884 2199 970 2263 τὴν
996 2197 1113 2264 ὑπὲρ
1143 2201 1226 2261 τῆς
1260 2202 1343 2248 τοῦ
1378 2196 1561 2259 κόσμου
1587 2194 1703 2261 ζωῆς

112 2282 284 2333 θυσίαν
311 2285 664 2347 προσενεγκεῖν.

176 2361 380 2417 ”Αλλως
420 2362 469 2414 δὲ
509 2363 559 2413 τί
595 2367 746 2429 φησιν
789 2364 813 2413 6
855 2360 1082 2428 μακάριος
1122 2364 1332 2422 Παῦλος,
1373 2358 1704 2423 δοκιμάσωμεν

112 2445 450 2511 ἀκριβέστερον
498 2451 525 2473 “
548 2443 890 2508 Κατανοήσατε
929 2443 1012 2494 τὸν
1057 2442 1335 2494 ἀπόστολον
1373 2443 1448 2492 καὶ
1488 2440 1703 2508 ἀρχιερέα

114 2532 141 2554 “
166 2528 249 2588 τῆς
293 2527 550 2590 ὁμολογίας
593 2526 740 2589 ἡμῶν,
783 2525 1000 2576 τουτέστι
1042 2523 1096 2575 τὸ
1140 2526 1267 2590 ῥῆμα
1308 2526 1390 2586 τῆς
1431 2523 1637 2576 πίστεως
1678 2521 1910 2572 6R0m.x.8.

48 2629 96 2664 30
115 2613 141 2636 ‘⁶
169 2606 519 2672 κηρύσσομεν·”
560 2607 608 2657 τί
647 2607 804 2657 τοίνυν
843 2610 1072 2672 ἱερουργεῖ
1108 2606 1255 2673 ἑαυτῷ
1296 2606 1372 2654 καὶ
1409 2608 1476 2672 τῷ
1512 2602 1696 2669 Πατρί,

162 2759 196 2792 3.
223 2748 379 2792 ἱερεὺς-1).
558 2756 624 2792 15—
628 2746 682 2787 26,
701 2759 735 2791 p.
753 2745 834 2789 468.
857 2757 910 2787 10,
933 2755 987 2789 15,
1010 2745 1051 2780 16
1070 2746 1139 2780 fere
1156 2745 1322 2779 exhibent
1340 2744 1422 2779 alibi
1440 2756 1484 2786 a„
1502 2743 1524 2777 b
1543 2743 1602 2777 fol.
1620 2743 1665 2787 36
1670 2752 1701 2787 7,

119 2794 212 2828 unde
230 2806 335 2838 supra
351 2807 387 2839 p.
406 2792 474 2835 406
492 2799 566 2828 not.
584 2793 728 2827 exhlbul
746 2799 779 2827 et
796 2805 881 2837 lpse.
982 2805 1034 2837 19.
1053 2793 1264 2836 ελαιοβραχῆ
1283 2803 1312 2824 a.
1331 2792 1433 2825 ε’λαίω
1450 2791 1564 2835 βραχῆ
1582 2789 1616 2822 b.
1636 2789 1701 2822 Ed.

121 2850 176 2874 21.
202 2842 220 2873 ὁ
238 2840 380 2874 tertium
398 2845 620 2884 assumptum
638 2851 680 2873 ex
698 2839 734 2873 b.
752 2841 769 2872 ὁ
787 2840 887 2874 αὐτὸς
903 2839 960 2882 ἶίμ.
979 2851 1008 2874 a.
1028 2839 1127 2875 αὐτὸς
1144 2840 1161 2872 ὁ
1179 2838 1235 2882 ἅμ.
1254 2837 1320 2872 Ed.
1507 2845 1564 2879 27.
1590 2835 1703 2870 ἄλλως

117 2886 153 2920 δὲ
172 2893 394 2931 assumptum
410 2897 452 2920 ex
470 2898 501 2920 a.
518 2885 634 2921 ἄλλως
649 2885 685 2920 b.
704 2891 870 2919 neutrum
889 2885 955 2919 Ed.

848 2953 966 2996 302
