2017 3252
80 219 273 261 [124M-]

69 516 154 547 Dan.
168 517 222 548 vii.
244 526 273 558 9,

71 568 119 590 10.

68 756 123 786 Es.
140 757 179 786 vi.
201 766 226 787 1.

65 1013 118 1044 lb.
133 1023 160 1043 ε.

64 1082 114 1125 ΙᾸῘ).
128 1104 158 1133 3.

292 158 377 196 414
524 158 574 198 B.
604 157 851 198 CYRILLI
888 157 1236 198 ALEXANDR.
1276 159 1648 200 FRAGMENTA
1750 159 1874 200 xii.2.

504 309 578 351 Ἐν
618 310 735 369 δεξιᾷ
774 326 819 352 τε
858 313 930 352 τοῦ
966 312 1119 367 θρόνου
1157 315 1230 352 τοῦ
1269 311 1378 352 Θεοῦ
1418 313 1652 355 κεκάθικεν.

368 422 556 487 Δανιὴλ
588 430 704 489 γοῦν
735 425 952 477 θεοπτίας
983 425 1092 488 ἡμῖν
1119 425 1410 493 ἀναγράφων
1439 449 1514 476 και
1541 425 1729 491 ὁράσεις
1754 447 1874 490 προ-

294 504 505 572 φητικάς,
534 505 702 572 καθιζει
729 506 813 569 μὲν
839 508 911 557 ε’πι
939 506 1108 571 θρόνου
1142 530 1224 557 τον
1249 506 1455 558 παλαιὸν
1481 508 1681 574 ημερῶν·
1723 507 1874 573 περιί-

292 609 442 648 στησι
486 585 534 637 δὲ
576 588 701 637 αὐτῶ
745 588 901 654 χιλίας
944 587 1030 651 μὲν
1074 589 1290 655 χιλιάδας
1334 593 1428 639 τῶν
1472 587 1765 652 τεταγμένων
1815 592 1878 642 εἷς

292 669 606 734 λειτουργίαν,
637 669 801 733 μυρίας
829 667 878 719 δὲ
905 670 1132 734 μυριάδας
1158 674 1252 720 τῶν
1277 675 1614 735 παραστατῶν·
1667 669 1875 724 “Ησαἰ”ας

291 747 339 798 δὲ
366 750 449 800 οὐκ
475 751 523 800 ἐν
547 773 693 811 μειονι
721 749 838 818 δόξῃ
857 752 1115 802 τεθεᾶσθαί
1137 756 1261 820 φησι
1286 751 1368 802 τὸν
1389 751 1506 803 Υιόν
1532 759 1559 781 “
1577 749 1759 814 Εἶδον,”
1782 774 1876 818 γαρ

291 829 396 896 ἔφη,
436 838 462 860 “
477 854 560 881 τον
598 830 774 897 Κύριον
812 832 1018 894 σαβαὼθ
1059 833 1321 896 καθήμενον
1361 835 1434 884 ε’πι
1474 834 1643 899 θρόνου
1683 835 1876 900 ὑψηλοῦ

308 914 420 962 ίκαὶ
451 912 722 979 ἐπηρμενου,
750 937 826 964 και
859 914 1046 981 πλήρης
1079 917 1103 965 ὁ
1133 913 1257 969 οἰκος
1288 918 1370 979 τῆς
1397 914 1539 984 δόξης
1566 916 1724 966 αὐτοῦ.
1800 938 1878 966 και

290 1001 318 1023 “
345 997 565 1064 Σεραφιμ
595 995 895 1059 εἱστήκεισαν
926 996 1084 1067 κύκλῳ
1118 997 1298 1061 αὐτοῦ,”
1341 1000 1416 1049 καὶ
1451 997 1768 1064 ἐκεκράγεσαν
1793 1020 1877 1048 τον

289 1077 337 1126 ἐν
375 1078 545 1145 τριττῷ
583 1077 667 1141 μὲν
707 1080 755 1128 ἐν
793 1079 930 1145 ἀρχῇ,
958 1078 1290 1144 καταλήγοντα
1329 1079 1377 1130 δὲ
1421 1083 1483 1133 εἰς
1516 1078 1659 1129 ἑνάδα
1699 1081 1774 1130 καὶ
1814 1083 1875 1132 εἷς

289 1157 537 1224 κυριότητα
575 1159 700 1221 μίαν,
740 1160 991 1225 ἁγιασμόν.
1045 1158 1137 1226 ἆρά
1177 1183 1257 1211 σοι
1297 1163 1424 1211 δοκεῖ
1458 1160 1512 1211 τὸ
1556 1159 1787 1226 ἷσοπαγὲς
1828 1161 1877 1210 ἐν

289 1239 405 1307 δόξῃ
432 1241 524 1308 ἰδίᾳ
550 1245 806 1304 κεκτῆσθαι
831 1241 1002 1293 λοιπὸν
1028 1243 1053 1292 ὁ
1073 1240 1217 1305 Υἱός;
1262 1242 1381 1294 ὅπου
1401 1241 1496 1308 γὰρ
1523 1241 1688 1309 θρόνος
1714 1244 1738 1293 ὁ
1758 1245 1876 1294 ἀνω-

287 1321 428 1384 τάτω,
455 1324 531 1372 καὶ
570 1321 834 1385 ἱσοδασμὸς
874 1324 902 1387 ἡ
942 1324 1163 1391 ὑπεροχὴ,
1190 1326 1266 1374 καὶ
1304 1329 1400 1375 τῶν
1427 1325 1475 1374 ἐν
1507 1325 1689 1394 οὐρανῷ
1729 1323 1872 1375 δυνά-

287 1427 411 1466 μεων
438 1404 466 1467 ἡ
497 1406 559 1457 ὡς
591 1405 639 1454 ἐν
664 1403 823 1475 κύκλῳ
856 1406 1045 1468 στάσις,
1071 1405 1125 1457 τὸ
1164 1409 1246 1470 τῆς
1285 1405 1498 1460 δουλείας
1535 1410 1630 1456 τῶν
1666 1410 1876 1472 γενητῶν

287 1483 610 1554 ἐμφανίζουσα
634 1485 816 1553 με’τρον,
837 1489 913 1538 καὶ
939 1487 1024 1551 τὴν
1050 1490 1133 1551 τῆς
1159 1486 1428 1554 κυριότητος
1455 1486 1601 1557 δόξαν
1626 1510 1875 1555 προσμαρ-

286 1573 496 1633 τυροῦσα
533 1571 599 1637 τῷ
634 1570 894 1638 καθημένῳ,
922 1574 1057 1620 ποῖον
1093 1568 1151 1620 ἂν
1184 1569 1281 1637 ε”χοι
1315 1568 1461 1620 τόπον
1488 1571 1783 1633 ἐνδοιασμοῦ,
1809 1568 1875 1634 μὴ

287 1652 345 1716 τῇ
381 1654 463 1699 τοῦ
493 1649 682 1716 Πατρὸς
716 1650 950 1717 κυριότητι
976 1656 1157 1720 φυσικῇ
1184 1650 1582 1718 καταγλαΐζεσθαι
1609 1651 1692 1702 τὸν
1718 1649 1836 1701 Υὶόν
1857 1673 1870 1714 ;

287 1729 417 1793 πλὴν
455 1732 602 1782 καίτοι
634 1732 855 1797 ἷσοκλεὴς
893 1735 968 1784 καὶ
1008 1732 1263 1800 ὀμόθρονος
1301 1733 1364 1783 ῶν
1399 1735 1424 1784 ὁ
1454 1733 1640 1798 Κύριος,
1668 1735 1731 1786 ὡς
1763 1732 1876 1786 Υἱὸς

292 1814 448 1877 Πατρῖ
489 1816 565 1863 καὶ
607 1813 728 1868 Θεὸς
768 1817 890 1884 Θεῷ,
927 1816 1175 1881 μονονουχὶ
1214 1817 1290 1865 καὶ
1335 1818 1397 1867 εἷς
1439 1813 1587 1882 ἀρχὰς
1629 1817 1710 1877 τῆς
1753 1815 1875 1865 οὕτω

288 1899 574 1959 περιφανοῦς
608 1898 682 1945 καὶ
717 1897 1034 1961 ὑπερκοσμίου
1071 1895 1212 1965 δόξης·
1239 1895 1613 1961 ἀναβιβάζεσθαι
1643 1899 1772 1946 δοκεῖ
1799 1894 1876 1945 διὰ

288 1974 373 2039 τὴν
399 1974 558 2041 σάρκα
585 1979 659 2027 καὶ
687 1976 772 2041 τὴν
799 1976 916 2040 μετὰ
941 1977 1118 2044 σαρκὸς
1145 1979 1424 2042 οἰκονομίαν,
1452 1977 1634 2028 ἀκούων
1661 1984 1687 2006 “
1711 1977 1876 2028 Κάθου

288 2065 315 2086 “
342 2060 392 2108 ἐκ
428 2059 594 2126 δεξιῶν
618 2082 708 2122 μου
735 2059 818 2112 ἕως
846 2058 903 2110 ἂν
929 2064 996 2110 θῶ
1024 2059 1129 2113 τοὺς
1158 2059 1350 2127 ἐχθρούς
1384 2083 1475 2110 σου
1502 2058 1758 2111 ὑποπόδιον
1782 2063 1877 2110 τῶν

288 2147 314 2168 “
341 2143 501 2190 ποδῶν
527 2142 667 2191 σου.”
716 2140 740 2192 ὃ
767 2140 861 2207 γὰρ
887 2139 943 2192 ἂν
971 2141 1335 2207 ὑποστορέσειεν
1361 2142 1500 2209 ἑαυτῇ
1529 2140 1877 2207 κατευνάζουσα

286 2221 314 2284 ἡ
354 2222 454 2272 θεία
495 2222 655 2290 φύσις,
697 2229 836 2274 τοῦτο
882 2222 937 2288 δὴ
983 2222 1172 2277 πάντως
1216 2228 1312 2277 τοῖς
1357 2229 1439 2274 τοῦ
1479 2226 1700 2289 Σωτῆρος
1740 2223 1876 2287 ἡμῶν

288 2304 570 2371 ὑποφέρεται
609 2307 768 2367 ποσὶν,
808 2306 891 2356 οὐκ
930 2305 1234 2372 ἀνθρωπίνως
1273 2305 1596 2372 ἐνηργηκότος,
1637 2304 1739 2355 οὐδὲ
1778 2304 1880 2355 ἐπεί

286 2407 358 2434 τοι
391 2384 553 2451 γε’γονε
590 2386 732 2455 σὰρξ,
761 2387 836 2437 διὰ
870 2393 1009 2438 τοῦτο
1048 2392 1233 2453 κρατεῖν
1259 2392 1354 2437 τῶν
1391 2386 1711 2451 ἠπειθηκότων
1737 2386 1875 2454 ἰσχύ-

287 2484 435 2519 οντος·
489 2469 599 2518 ἀλλ’
629 2468 699 2518 ὅτι
737 2472 819 2532 τῆς
858 2468 1218 2535 ἀνθρωπότητος
1253 2467 1307 2519 τὸ
1340 2467 1686 2534 σμικροπρεπὲς
1720 2471 1782 2522 εὶς
1819 2466 1874 2518 τὸ

287 2551 370 2610 τῆς
396 2549 619 2600 ἀνωτάτω
646 2549 838 2617 φύσεως
864 2552 1048 2604 ἀναθεὶς
1074 2549 1276 2618 ἀξίωμα,
1306 2553 1380 2600 καὶ
1414 2554 1510 2603 τοῖς
1535 2552 1618 2612 τῆς
1657 2547 1875 2613 θεότητος

288 2629 454 2683 θώκοις
492 2630 738 2696 ἐνιδρύσας
775 2630 940 2682 ἑαυτὸν
978 2633 1053 2681 καὶ
1087 2630 1205 2695 μετὰ
1231 2630 1409 2697 σαρκὸς
1436 2632 1461 2681 ὁ
1490 2630 1767 2697 Μονογενὴς
1791 2636 1875 2682 τοῦ

1897 688 1919 726 5

1900 1102 1947 1127 10

1895 1925 1945 1950 20

1894 2326 1942 2364 25

289 2715 413 2762 Θεοῦ
439 2710 611 2777 Λόγος,
638 2712 949 2778 κατακυριεύει
974 2716 1068 2763 τῶν
1096 2711 1222 2762 ὅλων
1249 2714 1302 2763 οὐ
1329 2712 1435 2780 δίχα
1464 2711 1672 2779 Πατρός·
1719 2711 1875 2764 πάντα
1893 2736 1944 2772 30

287 2793 382 2860 γὰρ
407 2794 462 2844 δι’
491 2795 670 2862 ἀμφοῖν
694 2795 742 2843 ἐν
768 2793 875 2863 ἰ’σω,
901 2795 1197 2860 ἐνεργοῦντος
1232 2793 1317 2857 μὲν
1342 2801 1426 2845 τοῦ
1455 2793 1659 2861 Πατρὸς,
1686 2794 1876 2862 ἔχοντος

288 2921 390 2990 Μῐο.
417 2912 538 2957 τριττῷ
555 2910 661 2945 habet
680 2909 769 2944 Cod.
1056 2922 1109 2956 13.
1136 2911 1327 2956 ἷσοδασμος
1346 2910 1435 2947 Cod.
1455 2911 1659 2956 ἷσοδύναμος
1675 2910 1874 2946 emendavit

332 2968 420 2990 alus.
