2027 3257
82 208 154 249 [40
173 205 255 246 Μ]

250 309 271 347 5

70 609 125 638 Ps.
143 607 234 639 xviii.

75 660 122 691 13.

257 915 277 949 6

82 2010 115 2041 S.
127 2009 224 2040 Joan.
241 2006 286 2038 iii.

85 2073 115 2093 0.

85 2099 136 2129 Ib.
156 2107 184 2139 5.

91 2429 143 2460 lb.
158 2437 207 2460 12.

288 134 371 174 236
512 132 562 172 Β.
597 129 842 171 CYRILLI
878 126 1227 168 ALEXANDR.
1266 125 1641 167 FRAGMENTA
1715 139 1755 165 x,
1775 133 1812 177 5,
1832 124 1870 164 6.

303 295 470 337 ΛΛωσῇε
509 294 586 352 scip
626 293 780 352 Γράφει
817 292 893 334 τὴν
932 290 1202 332 ὃικαιοσύνΗν
1240 289 1315 330 τὴν
1354 289 1401 330 ὲκ
1439 292 1511 329 τοῦ
1551 288 1682 337 νόμου
1717 290 1859 331 κ.τ.λ.

368 417 534 479 Μωσῆς
561 416 650 485 ’γαρ
681 414 848 485 ’γράφει
876 412 944 473 τὴν
973 410 1236 471 δικαιοσύνην
1262 410 1329 470 τὴν
1356 412 1405 462 ἐκ,
1432 412 1501 461 τοῦ
1528 412 1651 478 νόμον
1679 412 1830 479 φησὶν
1857 416 1874 461 o‘

294 503 484 562 ποιήσας
510 498 726 568 ἄνθρωπος
755 498 931 566 ζήσεται
959 495 996 545 ἐν
1027 498 1148 566 αὐτῇ·
1190 493 1299 543 ἀλλ’
1328 491 1385 557 ἧν
1411 493 1555 544 οὐδεὶς
1579 496 1824 545 παντελῶς
1851 492 1875 541 ὁ

295 582 558 646 ἀμωμήτως
585 579 729 643 αὐτὴν
750 581 1049 642 κατορθῶσαι
1078 574 1345 637 δυνάμενος·
1400 581 1427 603 “
1448 573 1533 626 Τίς
1561 572 1655 638 γὰρ
1678 572 1877 635 συνήσει

297 672 323 695 “
348 661 775 729 παραπτώματα;”
826 659 992 709 οὐκοῦν
1032 657 1233 718 ἀμείνων
1273 657 1300 720 ἡ
1342 659 1588 706 δικαιοῦσα
1630 655 1765 721 χάρις
1804 654 1919 708 καὶ5

296 748 485 813 γραφῆς
510 744 629 808 ἡμᾶς
657 740 1039 794 ἀπαλλάττουσα
1065 741 1145 802 τῆς
1172 740 1219 788 ἐν
1247 737 1387 806 νόμῳ.

546 905 598 944 ‘H
639 903 684 944 δὲ
723 903 769 944 ὲκ
808 901 990 944 Πίστεως
1028 901 1273 942 ὃικαιοσύνΗ
1313 900 1451 940 οὕτως,
1489 899 1615 944 ΛέΓει.

365 1018 599 1085 Ὀρίζεται
624 1017 869 1083 χρησίμως
897 1017 972 1065 καὶ
999 1014 1125 1068 ὅπως
1151 1012 1208 1065 ἂν
1233 1013 1414 1079 γένοιτο
1439 1011 1557 1077 πρὸς
1585 1011 1716 1074 ἡμῶν
1744 1010 1772 1073 ἡ
1798 1009 1876 1060 πί-

299 1124 418 1163 στις,
446 1104 481 1150 εἰ
507 1098 561 1149 τὸ
588 1098 842 1162 ἀμώμητον
869 1097 965 1163 ε”χοι
999 1095 1127 1161 παρὰ
1156 1099 1263 1164 Θεῷ
1302 1097 1378 1146 καὶ
1415 1093 1469 1145 τό
1507 1116 1560 1159 γε
1601 1091 1657 1155 δὴ
1696 1091 1805 1141 λίαν
1831 1090 1881 1140 εὖ

298 1184 585 1244 πεποιῆσθαι
624 1182 788 1230 δοκεῖν·
842 1178 896 1228 τὸ
934 1177 1018 1242 μὲν
1049 1177 1141 1243 γὰρ
1181 1177 1425 1242 ἐνδοιάζειν
1461 1176 1584 1228 ὅλως
1624 1175 1699 1224 καὶ
1737 1194 1881 1223 κατα-

300 1267 537 1314 δονεῖσθαι
566 1266 723 1330 φιλεῖν
750 1264 812 1313 εἷς
843 1262 1020 1324 ἀδρανῆ
1048 1259 1290 1326 διψυχίαν,
1317 1256 1595 1321 ἀπόβλητον
1620 1257 1881 1307 παντελῶς·

299 1344 517 1412 περιττὸν
557 1343 605 1394 δὲ
643 1343 760 1396 ’ἴσως
799 1343 873 1392 καὶ
913 1345 1007 1392 τῶν
1047 1340 1115 1391 ὅτι
1155 1340 1370 1405 μάλιστα
1402 1335 1793 1408 σφαλερωτάτων
1830 1334 1885 1385 τὸ

301 1432 469 1497 χρῆναι
506 1426 892 1494 περιεργάζεσθαι
931 1424 989 1476 τὰ
1029 1428 1103 1476 καὶ
1142 1425 1293 1490 λόγου
1330 1423 1449 1490 πέρα
1488 1420 1677 1484 παντὸς,
1718 1425 1799 1471 νοῦ
1838 1441 1886 1470 τε

303 1514 405 1563 ἐστὶ
430 1516 513 1562 τοῦ
541 1508 648 1560 καθ’
676 1509 796 1573 ἡμᾶς
822 1510 870 1559 ἐν
895 1507 1124 1571 ἀμείνοσι·
1170 1511 1270 1560 πῶς
1296 1504 1388 1571 γὰρ
1416 1503 1474 1556 ἂν
1500 1501 1588 1554 εἶεν
1614 1503 1799 1571 ἐμφανῆ
1826 1499 1886 1551 τὰ

303 1592 576 1661 ἀπορῤήτως
602 1591 731 1657 παρὰ
753 1595 877 1641 Θεοῦ
904 1589 1336 1657 τεχνουργούμενας
1374 1588 1448 1638 καὶ
1476 1584 1569 1650 μὴν
1595 1585 1671 1635 καὶ
1697 1582 1887 1649 καρδίας

303 1673 555 1743 ὀφθαλμὸς
574 1675 642 1727 τίς
668 1673 725 1724 ἂν
744 1673 811 1737 ε’ίη
838 1678 1063 1726 τοσοῦτος
1091 1674 1152 1725 ὡς
1175 1673 1470 1735 καταθρῆσαι
1497 1667 1727 1719 δύνασθαι
1748 1663 1886 1728 Θεὸν,

303 1763 494 1821 μᾶλλον
515 1756 563 1807 δὲ
589 1757 658 1809 τίς
686 1755 776 1822 ἄρα
802 1754 1015 1818 συνήσει,
1037 1751 1122 1804 κᾶν
1149 1753 1280 1806 εἴτις
1308 1750 1463 1803 ἕλοιτο
1489 1749 1644 1815 λέγειν
1664 1749 1738 1798 καὶ
1765 1749 1890 1814 ἀφη-

303 1844 435 1905 γοῖτο
473 1838 531 1889 τὰ
569 1837 696 1889 πολὺ
738 1838 847 1888 λίαν
887 1835 1004 1902 ὑπὲρ
1043 1835 1193 1899 ἡμᾶς;
1238 1836 1263 1885 ὁ
1301 1833 1385 1898 μὲν
1418 1831 1511 1898 γὰρ
1545 1831 1718 1896 Κύριος
1757 1829 1890 1893 ἡμῶν

305 1922 492 1986 Ἰησοῦς
520 1921 544 1970 ὁ
564 1917 777 1986 Χριστὸς
798 1915 1054 1987 Νικοδήμῳ
1071 1915 1190 1973 ,ποτὲ
1216 1915 1323 1969 τοὺς
1339 1916 1445 1981 περὶ
1471 1916 1552 1977 τῆς
1577 1912 1890 1975 πνευματικῆς

307 2001 662 2069 ἀναγεννήσεως
687 2001 923 2068 παρετίθει
950 1999 1124 2065 λόγους
1151 1999 1226 2050 καὶ
1254 1996 1311 2062 δὴ
1348 1998 1422 2047 καὶ
1457 1994 1665 2065 ἔφασκεν
1705 2000 1731 2022 “
1749 1990 1891 2056 Ἀμὴν

308 2092 334 2114 “
361 2084 484 2149 ἀμὴν
525 2083 651 2150 λε’γω
691 2084 796 2147 ὑμῖν
834 2081 913 2133 ἐὰν
946 2080 1011 2146 μή
1046 2104 1114 2134 τις
1153 2082 1356 2146 γεννηθῇ
1391 2077 1583 2138 ἄνωθεν,
1608 2076 1662 2126 οὐ
1701 2073 1892 2125 δύναται

308 2175 335 2197 “
361 2170 590 2218 εἰσελθεῖν
617 2170 678 2219 εἷς
694 2163 779 2228 τὴν
800 2163 1053 2226 βασιλείαν
1070 2168 1151 2213 τοῦ
1169 2161 1334 2212 Θεοῦ·”
1378 2157 1493 2228 [εἶτα
1509 2157 1690 2210 τούτοις
1715 2177 1892 2222 προσε-

308 2250 423 2301 τίθει
457 2248 516 2299 τά
553 2247 756 2316 ἐφεξῆς]
796 2246 1036 2298 συνιέντος
1071 2243 1119 2295 δὲ
1152 2244 1296 2295 αὐτοῦ
1333 2244 1579 2294 παντελῶς
1618 2236 1762 2299 οὐδὲν,
1788 2236 1893 2287 τότε

310 2331 366 2396 δὴ
405 2331 509 2382 τότε
536 2328 748 2395 Χριστὸς
786 2331 869 2392 τῆς
906 2331 1001 2378 τῶν
1026 2328 1212 2377 ἐννοιῶν
1251 2323 1530 2391 ἰσχνότητος
1570 2323 1631 2374 ὡς
1661 2316 1893 2370 ‹inm-roim

311 2415 448 2465 τιθεὶς
474 2414 554 2475 τῆς
582 2410 831 2477 ἀνθρώπου
859 2410 1060 2463 διανοίας
1087 2407 1140 2458 τὸ
1166 2406 1319 2474 πάχος
1345 2412 1372 2434 “
1395 2408 1453 2455 Εἰ
1479 2402 1538 2454 τὰ
1563 2402 1740 2467 ἐπίγεια
1764 2397 1894 2450 εἷπον

361 2568 394 2603 6.
423 2568 514 2601 Sunt
532 2567 566 2600 in
585 2568 617 2600 A
635 2566 705 2599 duo
724 2564 853 2599 scholia
876 2575 1000 2608 nempe
1018 2575 1051 2607 p.
1067 2572 1133 2607 417
1153 2560 1450 2603 ὅθεν-μελετάτω
1468 2557 1608 2593 σύνεσιν
1627 2555 1759 2601 Cyrillo
1782 2555 1893 2590 tribu·-

314 2622 391 2649 tum
410 2613 503 2656 (vide
527 2613 681 2647 Crameri
705 2611 779 2645 Cat.
807 2623 839 2655 p.
857 2612 942 2655 375)
962 2621 1032 2643 non
1050 2614 1165 2643 tamen
1190 2608 1361 2652 Cyrillum
1387 2611 1564 2639 auctorem
1590 2603 1743 2636 habens:
1772 2614 1807 2647 p.
1824 2602 1892 2645 418

316 2663 360 2697 σὺ
386 2662 425 2695 δέ
447 2675 503 2704 μοι
529 2657 892 2701 σκόπει-σωθήσεται
915 2668 1003 2701 quae
1028 2667 1136 2700 quum
1163 2655 1197 2688 in
1215 2654 1395 2687 Thesauro
1415 2660 1477 2696 271
1498 2651 1521 2684 b
1537 2662 1553 2683 c
1572 2649 1698 2694 partim
1716 2654 1819 2690 extat,
1837 2648 1894 2682 hic

316 2707 564 2753 praetermitto.
826 2713 927 2747 7—p.
947 2712 1024 2746 237,
1048 2713 1099 2735 10.
1122 2701 1218 2734 Haeo
1241 2699 1380 2733 exhibet
1397 2703 1493 2742 parte
1513 2697 1635 2730 Latina
1660 2708 1693 2740 p.
1714 2704 1755 2739 27
1776 2695 1894 2729 Maius

317 2756 375 2800 qui
400 2755 483 2787 haec
509 2751 718 2797 praemittit:
753 2750 881 2783 Totum
909 2749 1004 2783 hunc
1029 2747 1149 2792 Cyriui
1174 2752 1324 2780 tractum
1351 2744 1585 2789 suppeditavit
1610 2742 1712 2776 nohis
1732 2742 1768 2775 S.
1790 2741 1893 2775 Nice-

316 2803 448 2846 phorus
468 2797 877 2841 Constantinopolitanus
896 2796 930 2828 in
949 2794 1164 2838 apologetico
1182 2793 1309 2837 majore
1330 2804 1392 2836 pro
1411 2804 1457 2825 ss.
1476 2789 1688 2834 imaginibus
1706 2799 1809 2833 quem
1828 2788 1894 2821 alio

317 2847 494 2881 volumine
521 2857 585 2878 nos
614 2843 788 2877 edidimus
818 2842 930 2887 [Bibl.
958 2841 1050 2874 Patr.
1078 2841 1179 2874 Nova
1197 2852 1227 2873 v.
1254 2838 1349 2883 137]
1399 2839 1452 2871 En
1479 2842 1594 2870 autem
1625 2846 1747 2880 graeca
1775 2834 1895 2879 Cyrilli

317 2895 423 2929 verba
444 2895 510 2927 Τοῦ
533 2891 631 2936 ἁγίου
657 2889 829 2933 Κυρίλλου
851 2887 1090 2931 ἀλεξανδρείιις
1118 2887 1153 2920 ἐκ
1178 2888 1235 2929 τῆς
1261 2885 1432 2928 ἑρμηνείας
1456 2885 1515 2927 τῆς
1531 2883 1615 2928 πρὸς
1639 2881 1806 2926 ῥωμαίους
1824 2880 1894 2914 ἐπι-

318 2941 448 2984 στολὴν
465 2940 510 2975 εἷς
528 2942 565 2973 τὸ
582 2937 682 2982 ῥητόν
697 2936 741 2969 ‘H
761 2937 796 2969 δέ
816 2936 849 2969 ἐκ
867 2935 1014 2969 πίστεως
1032 2932 1226 2976 δικαιοσύνη
1245 2931 1348 2967 οὕτως
1366 2930 1472 2975 λέγει.

1907 1195 1953 1220 10

1911 1605 1957 1643 15
