2012 3272
73 142 227 185 xx.17.
434 130 508 170 IN
551 129 593 170 S.
628 126 969 169 JOANNEM.
1031 126 1158 167 LIB.
1190 123 1298 166 XII.
1582 120 1663 161 119

72 246 155 291 τοῦ
193 238 328 305 ἁγίου
359 238 582 302 σώματος
613 237 861 298 ἅπτεσθαι,
896 233 1127 300 καθαροὺς
1168 232 1215 283 δὲ
1253 237 1444 295 μᾶλλον
1485 231 1660 280 ἀποδε-

73 320 352 387 δειγμένους,
404 319 479 372 διὰ
539 322 621 383 τῆς
681 320 730 370 ἐν
780 316 1010 380 πνεύματι
1077 315 1326 379 νοουμένης
1389 314 1659 379 περιτομῆς.

72 412 99 432 “
125 402 352 470 περιτομὴ
384 402 478 468 γὰρ
505 401 698 468 καρδίας
724 402 772 451 ἐν
797 399 1064 463 πνεύματι,”
1094 396 1215 449 κατὰ
1241 396 1326 460 τὴν
1353 401 1436 446 τοῦ
1466 394 1665 445 Παύλου
1727 401 1823 475 ξῖθῐῐῑ·
1838 400 1871 430 ii.

74 484 251 552 φωνήν.
292 486 401 536 ἀλλ’
425 486 508 536 οὐκ
536 483 593 534 ἂν
621 486 669 534 ἐν
695 483 804 547 ἡμῖν
830 483 926 546 ήέν
951 480 1181 545 πνεύματι
1207 479 1388 545 γε’νοιτο
1415 475 1662 543 περιτομὴ,
1749 454 1779 486 9·

31 585 53 623 5
73 567 136 630 μὴ
173 568 508 620 ἐνοικισθέντος
544 567 592 616 ἐν
625 566 736 629 ἡμῖν
767 570 850 615 τοῦ
875 563 1044 630 Ἀγίου
1072 561 1362 623 Πνεύματος,
1391 559 1465 609 διά
1503 580 1550 608 τε
1584 560 1666 621 τῆς
1685 574 1888 609 a1086A.

72 649 277 702 πίστεως
313 652 388 700 καὶ
423 654 506 699 τοῦ
539 648 674 714 ἁγίου
710 646 1063 710 βαπτίσματος.
1121 648 1222 697 πῶς
1249 644 1330 694 οῦν
1356 642 1439 692 οὐκ
1466 639 1556 692 ’έδει
1583 638 1668 703 τὴν

77 730 281 797 Μαριὰμ
320 731 614 800 ἐξείργεσθαι
659 728 771 783 τέως
816 731 899 792 τῆς
944 733 1026 778 τοῦ
1071 726 1295 789 σώματος
1341 725 1538 792 ἐπαφῆς,
1586 727 1668 772 τοῦ

74 814 210 877 ἁγίου
249 812 297 863 δὲ
332 813 569 878 δηλονότι,
600 816 853 874 λαβοῦσαν
880 811 1009 861 οὔπω
1045 808 1098 860 τὸ
1128 812 1359 871 Πνεῦμα;
1408 809 1445 857 εἰ
1472 803 1565 870 γὰρ
1592 805 1668 854 καὶ

74 894 300 961 ἐγήγερτο
328 893 542 961 Χριστὸς
577 896 626 945 ἐκ
663 897 852 960 νεκρῶν,
888 893 998 943 ἀλλ’
1029 892 1158 942 οὔπω
1194 888 1248 941 τὸ
1276 893 1473 951 Πνεῦμα
1508 887 1669 938 δέδοτο

9 1003 57 1028 10
75 981 133 1045 τῇ
159 977 487 1043 ἀνθρωπότητι
511 975 643 1041 παρὰ
670 975 861 1043 [Ἰατρὸς
893 975 947 1025 δι’
975 974 1136 1026 αὐτοῦ.
1182 969 1397 1023 ἀνελθὼν
1424 969 1517 1037 γὰρ
1551 967 1669 1034 πρὸς

75 1058 158 1110 τὸν
184 1058 309 1110 Θεὸν
340 1061 414 1110 καὶ
443 1058 648 1125 Πατέρα,
683 1057 987 1126 κατέπεμψεν
1014 1056 1121 1120 ἡμῖν
1149 1053 1277 1117 αὐτὸ,
1316 1052 1387 1104 διὸ
1425 1054 1500 1103 καὶ
1535 1049 1670 1116 ἐ’λεγε

1731 1129 1840 1179 Supra

1733 1184 1798 1204 xw.
1814 1178 1844 1213 7.

78 1148 105 1170 “
131 1141 368 1209 Συμφερει
407 1143 513 1206 ὑμῖν
550 1141 626 1192 ἵνα
659 1140 751 1208 ἐγὼ
791 1139 1001 1202 ἀπέλθω,
1041 1138 1122 1189 ἐὰν
1159 1135 1252 1204 γὰρ
1290 1135 1355 1201 μὴ
1396 1135 1606 1196 ἀπέλθω,
1645 1134 1670 1183 ὁ

79 1230 106 1253 “
131 1222 435 1290 παράκλητος
485 1224 539 1275 οὐ
590 1222 655 1287 μὴ
706 1220 826 1290 ἔλθῃ
868 1221 988 1289 πρὸς
1030 1222 1166 1285 ὑμᾶς·
1239 1218 1319 1270 ἐὰν
1366 1218 1415 1269 δὲ
1460 1216 1670 1278 ἀπέλθω,

81 1312 108 1336 “
133 1304 312 1373 πέμψω
338 1304 481 1357 αὐτὸν
505 1303 623 1372 πρὸς
651 1305 816 1369 ὑμᾶς.”
866 1305 997 1355 οὔπω
1023 1307 1276 1368 τοιγαροῦν
1302 1298 1668 1367 καταπεμφθέν-
1689 1301 1717 1342 b

16 1410 62 1445 15
83 1411 161 1442 τος
186 1387 296 1451 ἡμῖν
326 1393 408 1439 τοῦ
439 1387 607 1453 Ἀγίου
635 1387 924 1449 Πνεύματος,
952 1386 1082 1436 οὔπω
1115 1383 1209 1451 γὰρ
1236 1381 1522 1446 ἀναβεβήκει
1553 1379 1672 1447 πρὸς

81 1468 164 1521 τὸν
205 1469 409 1536 Πατέρα,
451 1472 510 1523 ὡς
551 1471 681 1521 οὔπω
722 1469 775 1520 τὸ
806 1472 1001 1531 Πνεῦμα
1041 1472 1298 1529 λαβοῦσαν
1338 1465 1548 1531 ἀπείργει
1587 1462 1674 1526 τὴν

86 1550 302 1618 Μαριὰμ,
330 1551 486 1618 λέγων
522 1553 597 1613 Μή
633 1576 720 1620 μου
756 1549 918 1608 ἅπτου,
962 1549 1080 1601 οὔπω
1118 1547 1209 1617 γέιρ
1247 1548 1526 1608 ἀναβέβηκα
1565 1545 1672 1613 πρὶς

82 1638 149 1685 τὸν
186 1632 378 1703 Πατέρα,
411 1634 668 1697 τουτέστιν,
709 1635 839 1685 οὔπω
877 1631 931 1684 τὸ
956 1631 1130 1698 ”Αγιον
1157 1634 1355 1691 Πνεῦμα
1389 1628 1673 1695 κατέπεμψα

82 1715 201 1783 πρὸς
246 1718 378 1779 ὑμᾶς.
435 1718 644 1768 ἐντεῦθεν
688 1721 789 1770 ταῖς
834 1715 1107 1780 ἐκκλησίαις
1149 1713 1173 1764 ὃ
1213 1711 1375 1766 τύπος.
1431 1709 1674 1776 τοιγάρτοι

15 1822 65 1847 20
85 1802 161 1850 καὶ
196 1801 279 1862 τῆς
314 1802 436 1865 ἱερᾶς
474 1799 701 1866 τραπέζης
734 1798 1003 1867 ἐξείργομεν
1038 1798 1113 1847 καὶ
1151 1795 1259 1849 τοὺς
1293 1793 1556 1861 ἐγνωκότας
1590 1791 1675 1853 μὲν

85 1881 227 1931 αὐτοῦ
277 1879 363 1946 τὴν
413 1880 612 1946 θεότητα
664 1883 739 1932 καὶ
787 1879 1185 1946 ὁμολογήσαντας
1228 1878 1317 1943 ἤδη
1366 1875 1452 1940 τὴν
1494 1876 1672 1937 πίστιν,

84 1962 315 2022 τουτέστι,
357 1962 466 2017 τοὺς
508 1963 574 2014 ἐτι
612 1961 1000 2031 κατηχουμένους,
1047 1960 1112 2025 μὴ
1153 1959 1246 2025 μὴν
1289 1960 1365 2011 καὶ
1410 1957 1463 2010 τὸ
1500 1956 1674 2023 “Ἀγιον
1695 1979 1718 2006 e

87 2049 284 2109 Πνεῦμα
311 2046 696 2110 πλουτήσαντας.
750 2050 846 2099 τοῖς
873 2043 964 2111 γὰρ
992 2045 1121 2095 οὔπω
1156 2039 1558 2105 βεβαπτισμένοις
1593 2039 1675 2090 οῦκ

84 2129 259 2178 ἐνοικεῖ.
307 2126 425 2180 ε’πᾶν
451 2127 500 2179 δὲ
526 2134 609 2179 τοῦ
633 2127 803 2192 (Αγίου
832 2127 1107 2190 Πνεύματος
1132 2127 1446 2191 ἀποδειχθεῖεν
1471 2123 1675 2188 μέτοχοι,

18 2229 66 2268 25
86 2207 191 2260 τότε
226 2212 301 2260 καὶ
336 2210 570 2262 ἅπτεσθαι
606 2216 689 2261 τοῦ
726 2211 946 2276 Σωτῆρος
984 2208 1116 2272 ἡμῶν
1140 2211 1359 2274 Χριστοῦ
1398 2204 1453 2256 τὸ
1492 2203 1678 2255 κωλύον

88 2291 235 2343 οὐδέν.
290 2291 529 2360 τοιγάρτοι
565 2294 640 2343 καὶ
670 2297 765 2345 τοῖς
791 2294 1047 2359 μετασχεῖν
1073 2289 1324 2341 ἐθέλουσιν
1350 2287 1570 2353 εὐλογίας
1595 2287 1679 2349 τῆς

89 2377 334 2439 μυστικῆς,
373 2378 414 2425 οἱ
457 2379 552 2425 τῶν
592 2375 727 2426 θείων
765 2373 1041 2439 μυστηρίων
1082 2376 1432 2439 προσφωνοῦσι
1468 2377 1679 2434 λειτουρ-

89 2457 170 2522 γοί
214 2460 307 2507 ΤΑ
354 2458 532 2508 (ΑΓΙΑ
584 2459 748 2507 ΤΟΙΣ
798 2456 1065 2517 ζΑΓΙΟΙΣ,
1115 2450 1520 2519 πρεπωδεστάτην
1565 2448 1678 2500 εἶναι

91 2538 393 2592 διδάσκοντες
436 2543 531 2590 τῶν
579 2538 727 2604 ἁγίων
771 2535 857 2601 τὴν
902 2536 1091 2605 μέθεξιν
1140 2540 1235 2589 τοῖς
1279 2532 1583 2600 ἡγιασμένοις
1632 2533 1680 2582 ἐν

23 2645 72 2680 30
94 2620 351 2684 Πνεύματι.
1699 2679 1727 2720 d

141 2775 173 2809 5.
200 2765 236 2801 ἐν
252 2771 475 2811 assumptum
493 2777 535 2800 ex
554 2765 584 2800 Ι.
798 2764 915 2809 6—30
932 2764 1014 2799 citat
1031 2775 1066 2808 p.
1280 2762 1314 2795 8.
1341 2760 1378 2795 δὲ
1396 2759 1552 2805 expungi
1568 2757 1680 2793 voluit

95 2813 231 2858 Migne‚
248 2813 337 2848 forte
353 2818 471 2847 tamen
488 2818 623 2858 praeter
640 2811 894 2847 necessitatem.
1051 2820 1107 2845 22.
1132 2808 1211 2844 τοὺς
1227 2808 1293 2855 ἔτι]
1313 2806 1424 2842 οὐκέτι
1441 2807 1519 2842 τοὺς
1535 2807 1584 2840 ἔτι
1604 2805 1633 2839 Ι.
