1981 3267
270 137 326 176 88
676 137 727 178 B.
762 137 1041 178 CYRILLI
1082 138 1470 180 ALEXANDR.
1602 140 1685 180 xix.
1709 151 1774 194 23,
1795 151 1860 189 24.

271 248 461 311 πρῶτον
486 243 571 309 μὲν
597 245 672 296 ἵνα
698 245 1021 311 γινώσκωμεν,
1050 246 1121 297 ὅτι
1148 246 1270 301 Θεὸς
1296 247 1415 299 κατὰ
1442 246 1591 316 φύσιν
1617 247 1859 315 ὑπάρχων,

273 330 368 377 τῶν
399 326 599 378 ἔσεσθαι
635 326 914 391 μελλόντων
940 326 1177 393 ἠγνόησεν
1204 327 1350 391 οὐδὲν,
1375 327 1474 380 εἶτα
1511 328 1629 395 πρὸς
1661 327 1859 388 τούτοις,

52 407 347 459 1063Α.ιιῖνα
384 408 681 472 πιστεύωμεν
720 409 862 459 αὐτὸν
900 411 1091 474 ἀληθῶς
1132 407 1247 461 εἶναι
1287 410 1371 461 τὸν
1407 409 1859 477 προκεκηρυγμένον,

273 488 348 540 διὰ
386 495 587 541 πολλῶν
619 489 749 541 ὅσων
780 495 874 542 τῶν
908 492 976 543 ἐπ’
1006 492 1132 561 αὐτῷ
1170 492 1517 555 τετελεσμένων
1550 492 1624 543 ἐπὶ
1662 490 1746 555 τὴν
1776 493 1859 555 τῆς

272 571 495 636 ἀληθείας
520 572 778 637 ἐπίγνωσιν
803 573 1160 639 ποδηγούμενοι.

347 657 406 704 Εἰ
433 653 481 704 δὲ
508 656 579 704 δεῖ
599 676 643 704 τι
669 653 816 706 πάλιν
843 656 917 705 καὶ
953 656 1027 706 ἐπὶ
1063 659 1121 722 τῇ
1155 660 1250 707 τῶν
1277 655 1470 720 ἱματίων
1496 658 1691 722 διανομῇ
1723 677 1853 720 περι-

271 735 604 804 σκεψοιμένους
631 739 786 798 εἰπεῖν,
816 734 841 787 ὃ
868 739 944 787 καὶ
970 736 1159 799 βλάβος
1184 737 1269 801 μὲν
1294 738 1411 788 οἴσει
1439 741 1683 790 παντελῶς
1710 736 1857 796 οὐδὲν,

270 817 431 882 ὀνήσει
470 817 519 869 δὲ
556 816 680 885 τάχα
717 816 826 871 τοὺς
863 818 1230 888 ἐντευξομένους,
1257 820 1345 886 ἐρῶ
1385 817 1441 883 δὴ
1480 821 1555 869 καὶ
1592 824 1745 870 τοῦτο.
1797 822 1860 872 εἰς

270 898 488 966 τέσσαρα
521 900 638 967 μέρη
673 898 732 950 τὰ
767 905 851 951 τοῦ
883 903 1104 966 Σωτῆρος
1140 901 1370 955 διελόντες
1407 899 1578 964 ἱμάτια,
1605 900 1859 966 ἀμέριστον

271 987 472 1047 τηροῦσι
515 980 599 1033 τὸν
641 982 733 1045 ἕνα,
778 984 861 1045 τῆς
906 981 1161 1050 ἀφράστου
1203 983 1382 1051 σοφίας
1426 987 1510 1033 τοῦ
1556 985 1859 1046 Μονογενοῦς

271 1064 585 1128 διοικουμένης
629 1063 793 1129 ὥσπερ
838 1086 882 1114 τι
925 1066 1000 1114 καὶ
1048 1063 1123 1115 διὰ
1170 1063 1338 1116 τούτου
1387 1068 1583 1128 σημεῖον
1628 1066 1859 1128 μυστικῆς

270 1146 547 1209 οἰκονομίας,
574 1146 629 1197 δι’
658 1145 711 1210 ἧς
744 1145 915 1208 ἔμελλε
941 1144 1000 1196 τὰ
1025 1145 1243 1211 τέσσαρα
1269 1149 1352 1210 τῆς
1378 1145 1645 1209 οἰκουμένης
1670 1145 1853 1196 ἀνασώ-

268 1227 434 1293 ζεσθαι
459 1227 590 1293 μέρη.
643 1228 922 1293 ἐμερίσαντο
948 1226 1042 1293 γὰρ
1070 1227 1212 1278 οἱονεί
1239 1250 1339 1280 πως
1375 1229 1451 1277 καὶ
1477 1227 1740 1293 ἀμερίστως
1765 1227 1858 1295 ἔχει

221 1320 249 1361 b
267 1308 326 1359 τὰ
352 1309 571 1374 τέσσαρα
597 1310 680 1372 τῆς
706 1308 974 1372 οἰκουμένης
1004 1309 1121 1374 μερη
1155 1307 1210 1360 τὸ
1246 1308 1380 1375 ἅγιον
1407 1307 1554 1361 ὅντως
1587 1314 1669 1359 τοῦ
1697 1307 1858 1374 Λόγου

266 1390 558 1457 περίβλημα,
599 1390 816 1441 τουτέστι
854 1389 908 1441 τὸ
947 1395 1091 1453 σῶμα
1129 1391 1287 1442 αὐτοῦ.
1353 1388 1856 1456 κατακερματιζόμενος

264 1472 358 1539 γὰρ
389 1474 437 1524 ἐν
463 1477 559 1526 τοῖς
596 1473 703 1523 καθ’
734 1472 825 1534 ἕνα,
855 1474 931 1523 καὶ
965 1470 1052 1536 τὴν
1079 1471 1282 1524 ἑκάστου
1318 1471 1483 1541 ψυχὴν
1510 1471 1714 1538 ἁγιάζων
1739 1471 1858 1537 μετὰ

262 1560 346 1606 τοῦ
373 1554 597 1618 σώματος
625 1553 701 1605 διὰ
735 1557 817 1617 τῆς
854 1553 969 1607 ἰδίας
995 1553 1175 1620 σαρκὸς
1207 1555 1231 1605 ὁ
1262 1552 1553 1618 Μονογενὴς,
1582 1553 1857 1620 ὁλοκλήρως

43 1646 155 1699 Joor.
266 1638 341 1687 καὶ
375 1637 639 1702 ἀμερίστως
674 1637 721 1685 ἐν
748 1634 877 1688 ὅλοις
912 1636 1044 1686 ἐστὶν
1071 1634 1132 1688 εἷς
1168 1633 1392 1702 ὑπάρχων
1418 1637 1655 1702 πανταχῆ
1710 1636 1851 1699 μεμέ-

41 1700 126 1732 1’13’
264 1740 426 1785 ρισται
451 1717 544 1784 γὰρ
569 1718 783 1780 οὐδαμῶς
815 1716 934 1768 κατὰ
966 1716 1051 1780 τὴν
1077 1723 1159 1768 τοῦ
1189 1718 1389 1768 Παύλου
1417 1716 1596 1786 φωνήν.
1639 1717 1858 1781 τοιαύτην

265 1800 375 1864 ἡμῖν
399 1805 482 1850 τοῦ
509 1800 608 1850 κατ’
638 1797 781 1850 αὐτὸν
804 1799 1068 1864 μυστηρίου
1094 1798 1179 1863 τὴν
1206 1799 1402 1862 δύναμιν
1430 1800 1505 1848 καὶ
1540 1798 1568 1862 ἡ
1602 1805 1685 1850 τοῦ
1712 1798 1856 1863 νόμου

265 1880 564 1950 καταγράφει
608 1880 739 1932 σκιά.
810 1880 1027 1932 διετύπου
1070 1880 1163 1948 γὰρ
1206 1880 1541 1944 λαμβάνεσθαι
1585 1879 1668 1931 τὸν
1707 1880 1857 1945 ἀμνὸν

267 1962 388 2014 κατὰ
417 1963 501 2014 τὸν
527 1964 652 2032 αὐτῷ
691 1962 932 2029 πρέποντα
972 1962 1147 2029 καιρὸν,
1174 1961 1511 2026 λαμβάνεσθαι
1546 1960 1601 2012 δέ
1626 1986 1740 2027 πως,
1769 1964 1857 2031 οὐχ

230 2068 253 2095 o
271 2044 456 2115 ἑκάστῳ
494 2044 614 2096 κατὰ
653 2043 870 2113 κεφαλὴν
896 2044 1046 2109 ἀμνὸν
1071 2044 1164 2107 ἕνα,
1189 2045 1289 2095 κατ’
1318 2042 1445 2095 οἶκον
1472 2043 1519 2095 δὲ
1557 2049 1749 2107 μᾶλλον
1780 2047 1856 2096 καὶ

50 2134 157 2218 ξίξοέ·
272 2126 392 2179 κατὰ
417 2126 622 2192 πληθύν·
672 2125 983 2196 συλλήψεται
1008 2126 1117 2193 γὰρ,
1142 2128 1310 2195 φησὶν,
1339 2125 1538 2179 ἕκαστος
1561 2123 1643 2178 τὸν
1669 2128 1857 2192 γείτονα

50 2202 59 2208 “
101 2201 107 2209 ’
151 2201 158 2209 ⁰
273 2211 350 2260 καὶ
374 2209 456 2260 τὸν
472 2209 684 2273 πλησίον
705 2209 860 2260 αὐτοῦ.
890 2211 964 2259 καὶ
982 2208 1250 2276 μερίζεσθαι
1266 2207 1350 2273 μὲν
1367 2209 1487 2260 οὕτω
1508 2206 1774 2259 κεκέλευκεν
1794 2213 1854 2263 εἷς

272 2292 486 2346 πολλοὺς
517 2289 600 2342 τὸν
631 2289 792 2354 ἀμνὸν,
821 2291 932 2341 ἀλλ’
960 2291 1037 2342 ἵνα
1074 2290 1139 2356 μὴ
1174 2288 1323 2342 πάλιν
1349 2290 1405 2359 ἐξ
1438 2290 1565 2341 οἴκου
1590 2289 1707 2356 πρὸς
1730 2288 1857 2342 οἶκον

272 2372 688 2437 ἀποκομισθέντων
728 2373 870 2423 αὐτοῦ
908 2376 1002 2423 τῶν
1033 2376 1180 2439 κρεῶν
1218 2370 1613 2438 καταμερίζεσθαί
1641 2395 1743 2426 πως
1780 2372 1858 2424 διὰ

324 2524 400 2557 1-3.
426 2510 739 2555 ὅτι-πιστεύωμεν
757 2510 846 2555 (scil.
865 2510 908 2545 ab
927 2525 1031 2555 -ωμεν
1047 2510 1090 2545 ad
1110 2526 1215 2555 -ωμεν
1229 2511 1446 2555 transiliens)
1465 2523 1534 2546 om.
1554 2511 1608 2555 El.
1711 2524 1745 2555 4.
1772 2511 1857 2548 ὅσον

273 2560 329 2603 Εἰ.
348 2561 432 2594 ὅσον
449 2570 489 2592 ex
509 2557 600 2592 ὅσων
617 2569 726 2591 manu
742 2557 863 2591 eadem
883 2558 937 2600 ΕΞ.
1081 2558 1114 2593 6.
1141 2557 1181 2602 δὴ
1201 2558 1256 2602 E2.
1390 2559 1481 2603 8—19
1500 2559 1581 2592 citat
1600 2558 1689 2593 Cod.
1710 2558 1854 2594 coislin.

273 2606 381 2640 Paris.
403 2613 467 2649 217
488 2604 667 2648 (bombyc.
686 2615 753 2637 sec.
772 2603 858 2647 xiv.)
877 2604 936 2638 fol.
956 2605 1019 2638 118
1038 2617 1070 2639 v.
1084 2640 1093 2643 ,
1253 2617 1286 2650 9.
1313 2605 1480 2640 διελόντες
1497 2605 1537 2638 τὰ
1554 2608 1613 2639 τοῦ
1631 2607 1784 2649 Σωτῆρος
1801 2606 1854 2640 in-

271 2664 373 2687 verso
391 2651 512 2685 ordine
531 2662 561 2684 a.
581 2650 670 2684 Cod.
690 2650 797 2684 Coisl.
814 2650 923 2684 invito
942 2651 1048 2685 Cord.
1264 2663 1317 2686 11.
1344 2651 1571 2696 διοικουμένης
1588 2663 1617 2685 a.
1637 2651 1726 2686 Co.d
1746 2652 1853 2686 Coisl.

274 2699 381 2733 Cord.
401 2698 427 2732 F
444 2709 515 2742 mg.
535 2697 845 2739 διοικονομουμενης
865 2696 902 2729 F.
923 2697 989 2731 Ed.
1063 2699 1163 2731 τοῦτο
1183 2697 1290 2731 Cord.
1518 2709 1571 2731 12.
1596 2712 1708 2742 μερη
1699 2704 1778 2732 ante
1795 2700 1854 2742 τῆς

271 2750 509 2790 transponunt
526 2756 556 2778 a.
576 2742 665 2777 Cod.
685 2743 792 2776 Coisl.
813 2742 919 2776 Cord.
993 2743 1221 2786 διασώζεσθαι
1239 2744 1355 2778 iidem.
1530 2755 1582 2788 13.
1610 2744 1792 2788 ἐμερίσατο
1812 2745 1852 2779 E.

272 2794 325 2827 καὶ
341 2792 444 2825 οἱονεί
459 2805 530 2826 πως
546 2790 683 2824 inverso
701 2788 823 2822 ordine
842 2788 931 2823 Cod
951 2789 1058 2825 Coisl.
1146 2789 1215 2834 καὶ]
1237 2790 1265 2823 εἷ
1282 2791 1335 2824 καὶ
1353 2802 1383 2824 ιι.
1545 2801 1597 2832 14.
1623 2790 1777 2836 τέσσαρα
1795 2793 1853 2834 τῆς

270 2838 463 2883 οἰκουμένης
480 2838 546 2870 hoc
563 2836 685 2870 ordine
704 2835 793 2870 Cod.
813 2835 920 2869 Coisl.
940 2835 1048 2872 Cord.
1113 2839 1172 2871 τοῦ
1191 2838 1302 2881 Λόγου
1319 2848 1390 2870 om.
1410 2836 1499 2869 Cod.
1516 2836 1623 2870 Coisl.
1736 2838 1788 2871 18.
1807 2841 1854 2873 εἱς

269 2897 339 2920 om.
360 2886 451 2920 Catt.
472 2883 560 2918 Cod.
581 2882 689 2917 Coisl.
761 2884 934 2928 πανταχοῦ
953 2893 984 2918 ιι.
1130 2894 1182 2928 19.
1209 2885 1268 2918 τοῦ
1285 2895 1356 2918 om.
1376 2883 1464 2918 Cod.
1485 2882 1593 2918 Coisl.
1712 2894 1768 2928 25.
1794 2885 1853 2918 τὸν

269 2938 491 2977 assumptum
509 2942 549 2965 ex
570 2930 611 2964 E.

1878 595 1901 634 5

1883 1004 1929 1029 10

1878 1412 1927 1450 15

1878 1819 1927 1844 20

1878 2229 1925 2268 25
