2017 3252
77 194 265 236 [¹¹4M-]

58 912 160 943 Dent.
179 922 209 942 v.

56 963 167 1039 ἕδρη
181 998 204 1029 i.
222 1008 250 1038 3.

61 1654 75 1675 2
92 1645 165 1676 Cor.
181 1646 223 1676 vi.

61 1688 99 1719 16
116 1699 133 1718 e
150 1689 230 1720 Lev.

56 1743 146 1763 XXVL
161 1741 172 1762 1
182 1743 209 1763 2.

54 2135 87 2165 S.
100 2135 199 2165 Joan.

56 2179 124 2209 xiv.
143 2187 193 2209 20.

60 2230 72 2252 1
93 2221 166 2253 Cor.
187 2221 228 2252 vi.

60 2271 109 2305 ¹7·

55 2460 88 2491 S.
104 2461 203 2491 Joan.

56 2514 135 2536 xvu.
158 2513 221 2534 20-

58 2555 110 2586 23.

283 139 368 178 404
486 138 535 178 B.
570 137 818 178 CYRILLI
854 134 1205 176 ALEXANDR.
1244 133 1617 174 FRAGMENTA
1682 132 1737 172 iii.
1758 142 1797 185 5,
1821 131 1858 171 6.

284 245 623 309 κοσμούμενον.
667 243 780 296 εἶναι
811 243 904 310 γάρ
931 247 1082 311 φησιν
1108 244 1145 294 ἐν
1172 248 1232 312 τῷ
1269 243 1371 311 οἴκῳ
1403 239 1578 293 πιστὸν
1606 246 1663 296 εἰς
1694 241 1860 310 μαρτύ-

284 351 361 397 ριον
400 327 479 379 τῶν
523 324 893 394 λαληθησομένων,
931 325 1174 376 τουτέστιν
1218 328 1280 377 εἰς
1325 323 1558 374 διακονίαν
1598 327 1692 373 τῶν
1731 320 1862 388 παρὰ

284 411 409 459 Θεοῦ
454 407 630 473 λόγων,
671 406 887 474 Χριστὸν
926 405 974 456 δὲ
1013 407 1100 472 οὐχ
1137 407 1299 458 οὕτως·
1341 406 1394 456 οὐ
1432 404 1524 471 γὰρ
1564 406 1625 458 ὡς
1664 406 1712 455 ἐν
1750 403 1861 472 οἴκῳ

282 489 456 540 πιστὸν
490 489 682 552 οἰκέτην,
722 490 831 539 ἀλλ’
865 490 926 541 ὡς
957 486 1074 538 Υἱὸν
1114 489 1189 538 καὶ
1227 486 1464 550 δεσπότην
1502 488 1576 537 ἐπὶ
1613 486 1696 537 τὸν
1735 484 1862 536 οἶκον

282 577 366 621 τοῦ
396 569 599 638 Πατρὸς,
630 570 872 622 τουτέστιν
911 570 1031 633 ἡμᾶς
1068 567 1176 623 τοὺς
1213 571 1261 619 ἐν
1290 569 1448 620 πίστει
1488 566 1903 630 δεδικαιωμένους5

283 654 358 702 καὶ
401 652 716 718 ἡγιασμένους
758 653 807 702 ἐν
845 651 1090 715 πνεύματι.
1151 649 1541 716 πεπαιδαγώγηκε
1586 648 1670 712 μὲν
1705 648 1797 714 γὰρ
1837 649 1862 698 ὁ

284 736 472 797 Μωσῆς
499 733 573 784 διὰ
605 737 687 798 τῆς
721 739 804 784 τοῦ
838 733 982 797 νόμου
1007 737 1143 785 σκιᾶς
1182 731 1287 785 τοὺς
1326 729 1652 799 ἀρχαιοτέρους
1690 732 1765 780 καὶ
1804 728 1863 779 τὰ

283 818 364 878 τῆς
409 818 631 879 οἰκετικῆς
673 813 983 880 γνησιότητος
1028 812 1257 879 ἐκομίζετο
1298 814 1427 879 γε’ρα,
1473 817 1598 863 Θεοῦ
1638 811 1863 876 λέγοντος

282 897 401 963 πρὸς
440 896 581 948 αὐτόν
606 905 633 927 “
657 897 724 948 Σὺ
761 896 809 948 δὲ
848 898 988 947 αὑτοῦ
1024 899 1167 960 στῆθι
1205 897 1298 959 μετ’
1328 896 1477 958 ἐμοῦ,”
1507 894 1632 946 πολὺ
1666 894 1714 944 δὲ
1754 895 1863 944 λίαν

284 981 331 1030 ἐν
357 980 598 1043 ἀμείνοσιν
624 981 697 1030 ἐπὶ
722 982 953 1045 Χριστοῦ.
1005 977 1215 1029 κεκάθικε
1242 977 1334 1043 γὰρ
1362 984 1389 1006 “
1409 979 1456 1028 ἐν
1483 977 1614 1045 δεξιᾷ.
1644 981 1727 1027 τοῦ
1754 974 1862 1041 θρό-

284 1069 310 1090 “
336 1084 416 1111 νου
443 1064 525 1125 τῆς
550 1062 898 1126 μεγαλωσύνης
925 1062 972 1110 ἐν
1000 1061 1244 1127 ὑψηλοῖς,”
1271 1062 1344 1109 καὶ
1372 1058 1637 1126 κατῴκηκεν
1664 1061 1724 1111 ὡς
1749 1056 1864 1111 Υἱὸς

283 1145 358 1194 καὶ
388 1143 562 1209 Κύριος
594 1145 641 1193 ε’ν
668 1148 734 1212 τῷ
772 1142 881 1211 οἴκῳ
921 1147 1002 1192 τοῦ
1033 1141 1220 1206 Πατρὸς
1248 1142 1406 1191 αὐτοῦ.
1462 1140 1744 1206 ἐναυλίζεται
1770 1139 1863 1206 γὰρ

282 1226 391 1288 ἡμῖν
418 1228 480 1278 ὡς
508 1224 629 1277 Θεὸς
657 1224 731 1275 διὰ
757 1229 840 1274 τοῦ
868 1224 983 1274 ἰδίου
1012 1222 1300 1285 Πνεύματος,
1328 1224 1476 1273 καίτοι
1502 1228 1584 1272 τοῦ
1608 1221 1864 1289 πανσόφου

285 1307 505 1360 Μωσέως
532 1309 580 1357 ἐν
606 1308 755 1357 οὐδενὶ
782 1304 1165 1368 κατοικήσαντος,
1192 1305 1244 1355 οὐ
1270 1304 1363 1370 γὰρ
1388 1303 1578 1371 μέτοχοι
1602 1303 1864 1369 γεγόναμεν

285 1388 520 1451 Μωσέως,
571 1389 682 1439 ἀλλ’
730 1387 834 1438 οὐδὲ
884 1384 1044 1453 ἑτέρου
1095 1385 1217 1439 τινὸς
1269 1391 1363 1437 τῶν
1414 1387 1574 1451 ἁγίων,
1622 1385 1856 1453 μετεσχή-

283 1494 427 1532 καμεν
454 1470 502 1521 δὲ
537 1476 620 1522 τοῦ
645 1475 875 1536 Χριστοῦ,
900 1469 976 1519 διά
1001 1491 1049 1519 τε
1083 1474 1165 1519 τοῦ
1193 1469 1468 1531 Πνεύματος
1507 1471 1581 1519 καὶ
1615 1471 1696 1531 τῆς
1722 1468 1857 1518 εὐλο-

282 1554 386 1617 γίας
425 1556 507 1616 τῆς
544 1554 791 1615 μυστικῆς.
846 1551 993 1601 καίτοι
1028 1548 1121 1616 γὰρ
1148 1553 1271 1600 Θεοῦ
1303 1547 1527 1616 λέγοντος
1561 1551 1615 1600 δι’
1644 1548 1743 1603 ἑνὸς
1769 1554 1863 1600 τῶν

281 1636 429 1699 ἁγίων
463 1637 725 1701 προφητῶν
765 1631 923 1683 “”Ότι
958 1631 1185 1696 ἐνοικήσω
1220 1634 1268 1682 ἐν
1294 1633 1560 1690 αὐτοῖςκαὶ
1600 1634 1859 1697 ἐμπεριπα-

282 1723 308 1745 “
334 1715 468 1779 τήσω
497 1717 572 1766 καὶ
599 1715 767 1777 ε”σομαι
793 1715 946 1764 αὐτῶν
973 1713 1095 1766 Θεὸς
1124 1715 1198 1763 καὶ
1226 1715 1353 1764 αὐτοὶ
1381 1714 1573 1764 ε”σονταί
1598 1737 1676 1777 μοι
1704 1713 1860 1768 λαός.”

280 1797 584 1861 ἐνεστηκότος
623 1796 711 1862 ἤδη
750 1801 911 1861 καιροῦ
951 1797 1057 1846 καθ’
1088 1795 1140 1846 ’ὸν
1167 1796 1253 1846 ἔδει
1288 1801 1425 1846 τοῦτο
1450 1802 1677 1861 πληροῦν,
1706 1795 1856 1866 κατῴ-

280 1902 418 1943 κηκεν
444 1880 491 1929 ἐν
523 1879 632 1942 ἡμῖν
668 1879 693 1927 ὁ
727 1876 942 1943 Χριστὸς
981 1875 1099 1927 κατὰ
1138 1877 1222 1939 τὴν
1261 1878 1460 1944 ἀρχαίαν
1501 1877 1779 1945 ὑπόσχεσιν,
1806 1878 1860 1928 ἵν’

280 1961 399 2024 ἡμᾶς
444 1959 667 2028 ἀποφήνῃ
719 1958 855 2013 ναοὺς
899 1962 1024 2009 Θεοῦ
1068 1957 1251 2022 ζῶντος,
1296 1958 1540 2009 τουτέστιν
1586 1961 1739 2021 αὐτοῦ,
1787 1961 1863 2010 καὶ

281 2042 480 2110 συνάψῃ
523 2043 578 2093 δι’
608 2042 749 2092 αὑτοῦ
790 2045 855 2110 τῷ
888 2044 996 2108 Θεῷ
1031 2042 1106 2090 καὶ
1143 2041 1312 2105 Πατρί.
1369 2043 1444 2091 καὶ
1482 2047 1597 2106 γοῦν
1636 2039 1728 2109 ’ἔφη
1767 2047 1862 2094 τοῖς

282 2124 430 2188 ἁγίοις
466 2122 757 2176 ἀποστόλοις
786 2131 812 2152 “
831 2124 916 2173 Ἐν
944 2122 1089 2189 ἐκείνῃ
1124 2125 1181 2189 τῇ
1215 2120 1366 2191 ἡμέρᾳ
1398 2123 1646 2188 γνώσεσθε
1673 2122 1743 2173 ὅτι
1768 2122 1861 2188 ἐγὼ

282 2213 308 2235 “
334 2207 383 2256 ἐν
410 2209 475 2274 τῷ
504 2206 665 2271 Πατρί
694 2228 783 2267 μου
816 2207 891 2255 καὶ
925 2205 1049 2267 ὑμεῖς
1083 2205 1130 2254 ἐν
1156 2205 1255 2266 ἐμοὶ
1288 2202 1417 2274 κάγὼ
1450 2206 1496 2255 ἐν
1538 2206 1660 2268 ὑμῖν·
1705 2205 1729 2254 ὁ
1768 2203 1861 2271 γὰρ

282 2294 308 2316 “
336 2287 634 2347 κολλώμενος
668 2291 732 2355 τῷ
762 2286 922 2355 Κυρίῳ
959 2285 1006 2336 ἓν
1032 2285 1220 2347 πνεῦμοῖ
1243 2286 1377 2347 ἐστι,’
1420 2284 1537 2335 κατὰ
1563 2284 1617 2336 τὸ
1643 2309 1854 2351 γεγραμ-

281 2368 434 2431 μένον.
505 2366 874 2434 παρατιθέμενος
920 2367 968 2417 δὲ
1020 2369 1094 2417 καὶ
1145 2367 1264 2430 ἡμᾶς
1315 2370 1381 2435 τῷ
1427 2371 1534 2436 Θεῷ
1585 2369 1658 2417 καὶ
1706 2370 1861 2433 Πατρὶ

281 2450 428 2500 πάλιν
455 2450 574 2499 οὕτω
603 2450 753 2516 φησίν
780 2456 807 2477 “
827 2449 902 2498 Οὐ
940 2450 1044 2512 περὶ
1082 2447 1260 2498 τούτων
1286 2447 1333 2497 δὲ
1371 2451 1526 2512 ἐρωτῶ
1560 2447 1704 2511 μόνον
1730 2448 1861 2499 ἀλλὰ

282 2538 308 2560 “
336 2534 409 2580 καὶ
443 2533 547 2595 περὶ
581 2529 771 2581 πάντων
805 2533 900 2579 τῶν
930 2528 1248 2579 πιστευόντων
1287 2528 1361 2579 διὰ
1399 2534 1482 2579 τοῦ
1521 2528 1669 2594 λόγου
1708 2530 1862 2580 αὐτῶν

282 2619 308 2642 “
335 2616 396 2665 εἷς
423 2611 513 2674 ε’μέ,
540 2611 614 2661 ἵνα
641 2611 811 2663 πάντες
845 2609 893 2660 ἓν
920 2609 1025 2672 ὦσι,
1053 2610 1207 2663 καθὼς
1239 2610 1303 2660 σὺ
1332 2612 1490 2676 Πατέρ
1526 2613 1573 2661 ἐν
1599 2613 1698 2674 ἐμοὶ
1730 2610 1860 2676 κάγὼ

282 2700 308 2722 “
335 2695 383 2743 ἐν
403 2694 495 2754 σοὶ,
523 2693 597 2743 ἵνα
625 2694 698 2742 καὶ
727 2692 855 2742 αὐτοὶ
881 2694 928 2741 ἐν
955 2692 1062 2754 ἡμῖν
1089 2690 1136 2741 ἓν
1162 2689 1279 2741 ὦσιν
1303 2692 1378 2742 ἵνα
1405 2693 1429 2741 ὁ
1457 2691 1636 2757 κόσμος
1660 2693 1860 2761 πιστεύῃ

328 2891 360 2924 3.
387 2880 416 2913 εἰ
434 2892 495 2924 pro
512 2880 552 2913 οὐ
572 2879 630 2913 Cr.
802 2890 813 2912 1
826 2890 853 2912 1.
881 2878 1073 2924 κατῴκησεν
1093 2878 1151 2912 Cr.
1322 2890 1374 2924 13.
1402 2879 1493 2923 ἡμῶν
1513 2879 1568 2913 Cr.
1728 2890 1782 2924 19.
1807 2879 1859 2914 καὶ

281 2928 374 2961 αὐτοὶ
392 2926 528 2961 ἔσονταί
544 2940 600 2970 μοι
618 2927 700 2961 λαός
718 2925 835 2960 omisit
854 2925 913 2959 Cr.
1056 2936 1113 2970 30.
1140 2925 1257 2970 Πατὴρ
1277 2924 1335 2959 Cr.

1885 999 1933 1024 10

1885 1403 1931 1441 15

1883 1815 1933 1841 20

1881 2632 1931 2668 30
