2012 3272
116 702 175 741 De
195 702 437 752 Fraymeoztis
463 704 506 740 in
525 702 623 740 Acta
641 703 709 742 SS.
726 703 995 754 Apostolormn
1015 703 1282 754 Epistolasque
1302 703 1505 741 catholicas
1524 716 1548 740 a
1568 702 1704 752 illique

630 786 647 811 e
678 772 850 811 Gramen·
881 773 1036 812 Catenis
1064 773 1186 811 editis.

170 893 218 931 In
250 893 348 932 Aeta
382 893 452 931 SS.
475 893 751 943 Apostolorum
786 894 1037 944 S.Cy1·il]um
1070 893 1264 943 scripsisse
1302 906 1379 930 non
1416 893 1549 943 liquet,
1584 905 1704 941 quum

114 958 326 1008 fragmenta
363 971 554 1007 perpauca
594 958 800 996 exhibeant
830 959 1009 1004 Catenae,
1041 971 1137 1008 eque
1168 958 1227 995 his
1261 958 1310 995 ad
1350 957 1494 1006 scripta
1529 957 1603 994 alia
1635 969 1704 994 sua

113 1022 225 1072 plane
257 1022 473 1072 pertineant
505 1022 694 1072 pleraque.
765 1023 872 1070 Quae
904 1028 1033 1060 tamen
1067 1023 1221 1060 exhibet
1256 1022 1429 1060 Crameri
1463 1022 1608 1059 Catena
1641 1021 1705 1058 hio

114 1086 241 1124 indico
258 1100 268 1133 ;
299 1100 385 1124 cum
414 1086 541 1124 codice
570 1100 638 1124 suo
666 1088 746 1125 cod.
770 1088 864 1126 Coll.
887 1088 990 1126 Novi
1012 1090 1060 1135 58
1082 1087 1222 1125 iterum
1252 1087 1459 1131 conferens,
1481 1099 1503 1123 a
1530 1086 1702 1135 signavi:

115 1165 202 1190 eum
229 1151 355 1190 codiee
380 1156 509 1189 tamen
536 1152 654 1189 altero
683 1165 761 1199 suo,
785 1153 942 1190 Ooislin.
964 1165 1100 1203 nempe
1118 1166 1219 1198 xxv„
1242 1165 1320 1190 non
1349 1150 1494 1190 contuli
1522 1151 1602 1200 ipse
1630 1150 1705 1188 nisi

113 1229 241 1267 pauca.

450 1305 473 1329 a
492 1292 555 1330 fol.
581 1305 615 1338 4.
647 1294 711 1339 οὐχ
732 1294 823 1338 ὑμῶν
842 1294 918 1328 ε’στι
936 1297 1058 1340 γνῶναι
1078 1296 1222 1340 χρόνους
1243 1309 1272 1329 κ.
1287 1309 1316 1328 τ.
1330 1297 1361 1329 λ.

170 1369 218 1403 Οὐ
233 1369 297 1415 γὰρ
312 1370 589 1415 περιεργάζεσθαι
604 1371 723 1415 χρῆναι
741 1369 878 1415 [χρῆναι
893 1369 1173 1415 περιεργάζεσθαι
1189 1368 1271 1406 cod.
1287 1368 1400 1406 COiSl.
1416 1368 1477 1406 Cr.
1495 1368 1702 1414 notatum]

113 1434 155 1468 τὰ
171 1433 249 1468 λίαν
267 1434 440 1480 ἀπόρρητα
460 1435 512 1468 καὶ
531 1434 567 1468 ἐν
587 1437 660 1482 Θεῷ
686 1434 892 1480 κεκρυμμένα
912 1435 965 1468 καὶ
985 1435 1038 1468 διὰ
1060 1433 1189 1469 τούτων
1209 1435 1394 1474 ἐδίδασκεν,
1418 1435 1499 1468 ι’έναι
1519 1434 1554 1468 δέ
1573 1435 1707 1478 μᾶλλον

114 1497 241 1533 ἐθέλειν
259 1499 312 1532 καὶ
333 1499 471 1544 σφόδρα
500 1501 655 1534 νεανικῶς
683 1499 737 1533 ἐπὶ
763 1499 801 1533 τὸ
828 1498 935 1545 σφίσι
954 1499 1135 1534 λυσιτελὲς
1154 1499 1207 1533 καὶ
1226 1500 1377 1545 πληροῦν
1397 1499 1525 1533 ἐθέλειν
1545 1500 1602 1543 τῆς
1622 1498 1704 1533 ἀπο-

114 1563 242 1607 στολῆς
260 1562 320 1606 τὴν
340 1562 508 1597 διακονίαν
526 1562 778 1598 ἀνατεθεικότας
798 1565 871 1610 Θεῷ
892 1566 959 1597 τῶν
979 1562 1069 1597 ὅλων
1087 1563 1148 1607 τὴν
1166 1566 1305 1609 γνῶσιν.

167 1660 190 1684 a
208 1647 273 1684 fol.
298 1656 332 1695 7.
364 1650 406 1684 Οἱ
427 1649 487 1693 μὲν
508 1651 580 1685 ταῖς·
601 1650 1130 1695 γλώσσαις-προῦργιαιτάταις
1152 1647 1200 1684 ad
1222 1647 1295 1696 Ep.
1316 1648 1480 1696 primam
1503 1648 1550 1685 ad
1572 1646 1705 1685 Coriu-

113 1711 216 1750 thios
234 1712 425 1762 pertinere
447 1724 515 1750 nos
534 1712 714 1750 certiores
734 1712 825 1750 facit
845 1713 925 1749 cod.
948 1712 1063 1749 Coisl.
1084 1711 1172 1749 vide
1192 1725 1306 1761 supra
1325 1725 1359 1761 p.
1381 1714 1467 1761 289.

629 1811 652 1835 a
670 1798 731 1835 fol.
758 1811 817 1836 12.
848 1801 912 1834 Καὶ
932 1800 1032 1834 δώσω
1051 1801 1185 1846 τέρατα.

165 1875 215 1909 Τὰ
234 1875 289 1909 ἐπὶ
306 1876 353 1923 τῷ
373 1876 510 1922 σταυρῷ
530 1877 590 1909 τοῦ
609 1877 762 1921 Χριστοῦ
788 1877 999 1922 γενησόμενα
1023 1875 1244 1920 προδιδάσκει
1271 1877 1395 1922 σαφῶς
1414 1877 1467 1910 καὶ
1485 1876 1527 1910 τὰ
1546 1874 1586 1910 δι’
1606 1875 1708 1909 αὐτὸν

112 1941 185 1975 τοῖς
203 1939 361 1975 ἷουδαῖοις
380 1938 614 1983 συμβαίνοντα
640 1939 693 1973 διὰ
719 1941 778 1973 τοῦ
801 1939 958 1985 ῥωμαίων
983 1939 1144 1984 πολέμου·
1173 1940 1233 1984 τὴν
1251 1940 1290 1974 δέ
1306 1955 1346 1986 γε
1364 1943 1424 1974 τοῦ
1448 1940 1503 1986 [γε
1522 1941 1583 1973 τοῦ
1602 1936 1706 1974 exhi-

113 2002 179 2040 bet
207 2015 238 2049 a,
270 2006 319 2048 et,
350 2006 449 2039 teste
482 2001 663 2039 Cramero
693 2002 772 2040 cod.
803 2001 919 2039 Coisl.
950 2002 1056 2039 deest
1089 2002 1130 2039 in
1164 2003 1255 2050 Ed.]
1293 2007 1447 2050 Χριστοῦ
1480 2004 1606 2049 ἡμέραν
1647 2003 1707 2047 τὴν

111 2069 262 2115 μεγάλην
281 2069 333 2102 καὶ
352 2068 497 2114 ἐπιφανῆ
516 2068 575 2112 τὴν
594 2069 652 2112 τῆς
673 2067 893 2104 ἀναστάσεώς
911 2069 1031 2114 φησιν.

166 2165 189 2190 a
208 2152 271 2190 fol.
300 2166 343 2190 12
365 2166 400 2190 v.
430 2154 485 2189 ἐπὶ
505 2154 778 2200 ταῖςῌέπιφανῆ
798 2166 818 2190 e
838 2165 973 2190 comm.
995 2152 1034 2189 in
1055 2152 1080 2190 J
1083 2153 1141 2190 oel
1160 2152 1306 2202 Proph.
1329 2165 1407 2200 230
1425 2152 1635 2201 desumpta.

166 2252 189 2276 a
207 2238 271 2276 fol.
294 2252 305 2274 l
317 2248 350 2286 7.
380 2239 756 2286 Τριὴμερος-δεσμοῒς
774 2251 794 2275 e
814 2252 947 2275 comm.
971 2238 1010 2274 in
1026 2238 1051 2275 J
1055 2251 1169 2275 onam
1188 2238 1414 2288 prophetam
1437 2240 1513 2286 380
1527 2238 1561 2283 cl,
1583 2239 1622 2273 οὐ
1640 2240 1706 2285 γάρ

114 2319 147 2339 τι
176 2304 392 2349 θέμις-ἔφη
420 2304 544 2350 πέτρος
572 2315 591 2339 e
621 2306 730 2340 tract.
761 2302 807 2340 de
837 2302 956 2340 Recta
984 2301 1058 2340 fide
1085 2303 1133 2340 ad
1153 2302 1408 2340 Theodosium
1428 2302 1705 2351 Imperatorem

118 2378 164 2415 19
180 2367 205 2403 b
224 2366 436 2415 desumpta.

167 2466 190 2490 a
208 2453 270 2490 fol.
292 2453 436 2490 eodem.
465 2453 609 2496 Ἀνεβίω
642 2455 707 2501 γὰρ
741 2453 936 2490 σκυλεύσας
971 2454 1030 2488 τὸν
1057 2453 1141 2500 ᾅδην
1173 2455 1226 2489 καὶ
1258 2456 1328 2491 τοῖς
1361 2455 1396 2488 ἐν
1428 2455 1566 2498 δεσμοῖς
1603 2455 1705 2488 εἷπὼν
1722 2457 1777 2488 Es.
1792 2457 1870 2488 xlix.
1884 2468 1914 2499 9.

112 2517 302 2564 Ἐξέλθετε,
322 2519 375 2553 καὶ
399 2520 468 2553 τοῖς
494 2518 530 2552 ἐν
548 2521 596 2566 τῷ
622 2520 735 2553 σκότει
752 2517 1033 2564 Ἀνακαλὺφθητε
1052 2517 1097 2554 cf.
1120 2517 1167 2555 de
1186 2517 1308 2554 Recta
1328 2516 1402 2554 fide
1427 2530 1472 2565 19
1495 2530 1513 2553 e
1533 2520 1571 2554 et
1597 2529 1705 2566 saepe

113 2580 213 2618 alibi.

529 2657 551 2682 a
569 2644 632 2682 fol.
658 2654 703 2692 17
725 2658 759 2682 V.
792 2646 980 2692 ἐγνώρισάς
997 2661 1054 2691 μοι
1074 2646 1171 2682 ὁδοὺς
1191 2647 1283 2690 ζωῆς.

167 2720 295 2756 Ἐκεῖνο
314 2721 482 2756 διδάσκων
501 2720 552 2756 ὅτι
575 2723 616 2755 τὸ
641 2723 700 2765 τῆς
725 2721 980 2767 ἀνθρωπότητος
998 2722 1087 2766 ἔχων
1104 2723 1290 2767 πρόσωπον
1308 2723 1325 2755 ὁ
1349 2721 1408 2767 [ὡς
1427 2720 1506 2757 cod.
1528 2719 1640 2757 COiSl.
1664 2718 1704 2754 in

114 2783 178 2821 Or.
199 2784 406 2833 appendice
425 2788 464 2821 et
482 2788 526 2822 ut
546 2784 698 2822 videtur
717 2787 831 2826 recte,
853 2797 971 2832 quum
998 2788 1016 2820 ὁ
1035 2797 1151 2821 manu
1177 2783 1380 2822 recentiori
1399 2770 1703 2832 super‘rasuram

113 2846 225 2885 hodie
244 2848 423 2886 exhibeat
442 2849 492 2895 a.]
515 2849 591 2884 καθ’
611 2849 695 2894 ἡμᾶς
713 2850 859 2896 γεγονὼς
881 2849 960 2885 τοὺς
985 2848 1060 2893 ἡμῖν
1077 2851 1210 2894 μᾶλλον
1229 2850 1282 2883 καὶ
1307 2850 1366 2883 οὐκ
1391 2850 1478 2896 αὐτῷ
1504 2846 1702 2893 πρέποντας,

114 2913 196 2949 καθὸ
221 2915 342 2948 νοεῖται
362 2915 456 2955 Θεὸς,
477 2913 590 2957 ἀνίησι
608 2915 742 2960 λόγους,
763 2914 808 2950 ὣς
827 2911 882 2959 ἐφ’
902 2914 1009 2961 ἑαυτῷ
1036 2914 1089 2948 καὶ
1110 2915 1232 2961 πρώτῳ
1257 2915 1366 2948 καλῶν
1385 2912 1440 2958 ἐφ’
1460 2912 1543 2955 ἡμᾶς
1561 2910 1619 2954 τὴν
1638 2913 1704 2945 τῶν

171 2985 265 3016 voL.
287 2986 354 3015 111.
859 2986 878 3021 3
908 2986 933 3013 L
