2001 3257
267 153 348 193 178
485 154 535 195 Β.
569 154 817 195 CYRILLI
854 152 1206 193 ALEXANDR.
1244 149 1617 191 FRAGMENTA
1698 148 1840 189 iii.21.

74 216 219 259 [ΖΜ]
268 266 295 289 “
320 259 518 315 ἕκαστος
555 260 672 327 πρὸς
704 260 786 312 τὸν
823 260 1034 324 πλησίον
1073 260 1227 310 αὐτοῦ·
1282 261 1358 309 καὶ
1395 256 1637 324 προσέσχε
1672 256 1845 321 Κύριος

268 349 297 371 “
322 344 398 393 καὶ
438 342 734 407 εἶσήκουσε.”
797 341 969 405 ταύτης
1015 341 1158 402 ἕνεκα,
1204 341 1341 408 φησὶ,
1383 342 1466 403 τῆς
1510 340 1656 392 αἰτίας
1697 335 1845 406 ᾤοντό

143 444 168 478 3
189 442 251 478 M.
269 446 387 477 τινες
421 423 526 477 τοὺς
562 424 786 476 ἶουδαίους
821 423 974 487 λέγειν
1002 422 1254 489 Ποιήσωμεν
1283 422 1344 471 τοὶ
1381 419 1512 471 noan&
1548 419 1620 470 ‘lm
1656 417 1752 492 ἔλθῃ
1786 415 1848 467 τοὶ

270 504 444 570 ἀγαθοί·
508 502 662 556 ἔνδικον
713 503 862 570 γεμὴν
912 503 958 554 τὶ
1008 505 1148 571 κρῖμα
1198 500 1360 564 εἰπὼν,
1407 502 1436 566 ἢ
1490 506 1583 551 τῶν
1633 499 1849 551 ἰουδαίοις

269 586 642 655 ἐπιφημιζόντων
677 587 841 647 ἐκεῖνα,
871 584 1017 649 ἤγουν
1042 588 1137 635 τῶν
1163 583 1317 648 λέγειν
1343 579 1848 645 ἀποτολμώντων”Ὀτι
1870 591 1892 629 5

271 668 519 733 ποιήσωμεν
544 666 604 718 r&
631 665 762 718 κακά
784 667 857 718 ’ἵνα
885 665 982 739 ἔλθῃ
1011 664 1070 717 τοὶ
1095 664 1268 731 ἀγαθά.

110 843 153 869 21
174 844 253 880 sqq.
410 826 509 868 Νυνὶ
547 827 592 868 δὲ
630 827 760 883 χωρὶς
798 827 929 875 νόμου
968 825 1212 868 ὃικαιοσύνΗ
1251 825 1360 866 Θεοῦ
1399 825 1721 881 Πεφανέρωται.

1304 939 1315 961 ί

51 945 84 977 S·
100 943 258 976 Lu0.i.6.
350 932 475 984 Οἶδα
500 933 570 984 ὅτι
595 934 856 999 γέγραπται
882 934 991 999 περί
1020 955 1173 995 τινων,
1200 932 1270 983 ὅτι
1319 932 1474 997 ςἦσαν
1501 933 1665 983 δίκαιοι
1690 928 1849 998 ἀμφό-

276 1022 304 1045 “
329 1038 451 1082 τεροι
496 1015 797 1082 πορευόμενοι
848 1017 896 1065 ἐν
939 1019 1038 1068 ταῖς
1081 1015 1289 1067 ἐντολαῖς
1330 1016 1405 1064 καὶ
1451 1013 1733 1076 δικαιώμασι
1772 1016 1855 1062 τοῦ

836 1095 860 1111 ’5

278 1103 305 1127 ‘⁶
331 1100 548 1162 Χριστοῦ
586 1097 835 1159 ἄμεμπτοι,
896 1098 972 1146 καὶ
1016 1097 1040 1146 ὁ
1082 1095 1307 1161 μακάριος
1340 1096 1387 1147 δὲ
1421 1100 1616 1148 Παῦλος
1651 1095 1755 1162 ἔφη,
1789 1092 1858 1144 ὅτι
1881 1113 1930 1140 ιο

55 1191 197 1224 Phil-iii·
211 1191 242 1223 6.
277 1181 353 1229 καὶ
391 1176 529 1232 αὐτὸς
569 1186 595 1208 ‘⁶
614 1177 732 1229 κατὰ
771 1177 1073 1241 δικαιοσύνην
1109 1175 1195 1240 τὴν
1232 1178 1280 1228 ἐν
1319 1176 1446 1246 νόμῳ
1484 1176 1673 1243 γέγονεν
1704 1175 1854 1239 ἄμεμ-

277 1267 303 1289 “
327 1260 492 1312 πτος.”
541 1261 650 1309 ἀλλ’
681 1261 705 1310 ὁ
733 1261 781 1310 ἐν
806 1259 988 1312 τούτοις
1022 1258 1276 1322 ἄμεμπτος,
1306 1260 1434 1310 οὕπω
1464 1258 1674 1326 πέπραχε
1709 1255 1768 1308 τὰ
1803 1256 1858 1308 δι’

276 1339 341 1391 ὧν
368 1340 502 1391 ἔσται
529 1339 749 1407 λαμπρὸς
774 1342 850 1392 καὶ
876 1342 1096 1404 ἀοίδιμος·
1140 1342 1214 1391 καὶ
1240 1346 1356 1406 γοῦν
1382 1339 1521 1394 αὐτὸς
1546 1340 1637 1408 ἔφη
1663 1337 1809 1390 πάλιν
1836 1338 1860 1388 ὁ

280 1421 506 1488 μακάριος
535 1426 743 1485 Παῦλος,
771 1424 833 1476 ὡς
866 1423 1023 1488 ἡγεῖτο
1055 1420 1140 1486 μὲν
1174 1421 1362 1473 ἅπαντα
1386 1421 1446 1473 τὰ
1472 1423 1520 1473 ἐν
1547 1421 1673 1490 νόμῳ
1699 1420 1863 1486 ζημίαν

57 1518 110 1550 Ib.
129 1518 157 1550 8.
281 1506 356 1554 καὶ
395 1505 442 1554 ἐν
478 1503 569 1573 ἰ’σῳ
602 1503 866 1565 σκυβάλοις
905 1502 1243 1569 κατελογίζετο·
1298 1503 1454 1570 ζητοίη
1493 1502 1541 1554 δὲ
1578 1502 1725 1554 πάλιν
1764 1500 1862 1553 “rb
1886 1519 1932 1558 15

283 1592 309 1614 ‘⁶
337 1585 561 1652 ὑπερέχον
600 1588 683 1649 τῆς
721 1585 942 1649 γνώσεως
973 1586 1234 1652 Χριστοῦ.”
1283 1586 1544 1652 κατακρίνει
1583 1583 1632 1635 δὲ
1666 1583 1812 1635 πάλιν
1839 1584 1864 1634 ὁ

62 1678 163 1709 acor.
177 1677 263 1718 iii·9·
283 1665 425 1730 νόμος
462 1666 570 1721 τοὺς
608 1667 1004 1734 παραβαίνοντας·
1060 1666 1206 1734 ταύτῃ
1237 1689 1308 1717 τοι
1346 1666 1539 1732 ἑτέρωθί
1570 1670 1722 1734 φησιν
1759 1672 1785 1695 “
1806 1668 1867 1716 Εἰ

284 1755 311 1776 “
337 1747 431 1813 γὰρ
474 1751 532 1814 τῇ
575 1749 782 1817 διακονίᾳ
821 1751 904 1812 τῆς
942 1748 1260 1814 κατακρίσεως
1300 1747 1430 1817 δόξα,
1469 1751 1641 1816 πολλῷ
1678 1752 1868 1810 μᾶλλον

286 1836 313 1858 “
338 1829 609 1895 περισσεύει
646 1830 674 1892 ἡ
716 1830 925 1880 διακονία
963 1832 1046 1893 τῆς
1085 1829 1383 1894 δικαιοσύνης
1422 1828 1584 1898 δόξῃ·”
1636 1828 1866 1892 πλείστης

287 1909 336 1961 δὲ
362 1912 506 1974 οὔσης
532 1912 726 1975 ἐντολῆς
753 1913 800 1962 ἐν
826 1912 967 1980 αὐτῷ,
991 1911 1128 1961 πᾶσά
1153 1934 1253 1965 πως
1280 1911 1462 1976 ἀνάγκη
1490 1913 1564 1961 καὶ
1589 1910 1671 1961 τὸν
1698 1912 1867 1976 ἀκριβῆ
1888 1934 1938 1959 20

288 1992 601 2059 νομοφύλακα
635 1992 892 2044 διαπταιέιν
919 1993 965 2044 ε”ν
1003 2015 1116 2055 τισι,
1143 1995 1219 2043 καὶ
1250 1992 1535 2059 παραβάτην
1562 1990 1705 2055 νόμου
1740 1992 1870 2043 καθί-

289 2077 517 2124 στασθαι.
562 2075 637 2124 καὶ
664 2073 734 2125 ὅτι
761 2074 984 2142 φορτικὸς
1008 2075 1210 2138 ἀληθῶς,
1232 2075 1642 2140 διωμολογήκασιν
1665 2075 1871 2140 ἐναργῶς

66 2158 270 2244 ἓζξὸχῗέὶο.
291 2157 332 2205 οἱ
358 2154 601 2206 θεσπέσιοι
633 2156 855 2220 μαθηταί·
908 2155 1122 2223 ἔφασκον
1148 2154 1242 2221 γάρ
1284 2163 1310 2185 “
1333 2159 1436 2206 Νῦν
1463 2156 1543 2206 οὖν
1569 2156 1618 2206 τί
1639 2154 1872 2221 πειράζετε

291 2242 316 2266 “
342 2236 425 2286 τὸν
451 2235 589 2299 Θεὸν,
617 2238 836 2288 ἐπιθεῖναι
863 2236 1001 2303 ζυγὸν
1026 2238 1098 2288 ἐπὶ
1125 2236 1207 2288 τὸν
1237 2236 1480 2304 τράχηλον
1506 2241 1600 2287 τῶν
1625 2240 1867 2299 μαθητῶν,

290 2324 320 2347 “
345 2316 398 2367 ὃν
424 2319 527 2368 οὕτε
555 2322 597 2369 οἱ
619 2318 814 2384 πατέρες
839 2319 970 2382 ἡμῶν
990 2320 1092 2369 οὕτε
1115 2319 1243 2381 ἡμεῖς
1270 2318 1538 2385 ἰσχύσαμεν
1562 2316 1810 2379 βαστάσαι
1831 2316 1871 2377 ;”
1894 2337 1942 2375 25

294 2398 366 2449 ὅτε
405 2400 559 2450 τοίνυν
576 2399 816 2464 ’Έλληνες
854 2398 939 2463 μὲν
965 2398 1091 2463 ἦσαν
1132 2400 1209 2468 ὑφ’
1239 2400 1470 2466 ἁμαρτίαν
1498 2401 1559 2453 ὡς
1597 2399 1875 2463 ἠγνοηκότες

294 2479 376 2530 τὸν
402 2482 698 2546 δημιουργὸν,
724 2481 938 2531 Ἰουδαῖοι
966 2481 1013 2531 δὲ
1041 2483 1102 2534 ὡς
1135 2483 1215 2544 τῆς
1254 2486 1336 2532 τοῦ
1376 2480 1519 2544 νόμου
1556 2480 1876 2546 παραβάσεως

297 2560 461 2627 ἔνοχοι,
489 2561 676 2624 ἐδέησεν
702 2563 964 2626 ἀναγκαίως
999 2567 1095 2615 τοῖς
1131 2563 1267 2613 οὖσιν
1293 2564 1367 2613 ἐπὶ
1394 2564 1475 2625 τῆς
1501 2564 1587 2627 γῆς
1615 2567 1699 2612 τοῦ
1725 2565 1870 2612 δικαι-

75 2663 140 2697 Tit.
158 2662 204 2695 iii.
224 2669 253 2702 5.
299 2647 460 2694 οῦντος
485 2645 716 2707 Χριστοῦ·
763 2643 1098 2705 δεδικαιώμεθα
1136 2643 1230 2709 γὰρ
1272 2644 1398 2693 “ofin
1436 2643 1493 2711 ἐξ
1527 2642 1675 2709 ἔργων
1707 2647 1802 2693 τῶν
1830 2644 1878 2693 ἐν
1982 2691 1988 2701 ξ

301 2730 329 2754 “
355 2723 627 2790 δικαιοσύνῃ
677 2721 741 2774 ὧν
785 2723 1070 2787 ἐποιήσαμεν
1113 2725 1254 2787 ἡμεῖς,
1301 2723 1432 2775 ἀλλὰ
1482 2723 1600 2774 κατὰ
1649 2722 1702 2774 τὸ
1752 2723 1880 2775 πολὺ
1899 2747 1948 2784 30
1983 2706 1996 2736 t

348 2857 381 2888 4.
405 2843 527 2890 γεμὴν]
547 2844 583 2878 δὲ
599 2844 664 2889 μὴν
682 2844 724 2878 Β.
1007 2855 1060 2879 10.
1086 2847 1239 2889 Χριστοῦ
1256 2845 1417 2879 exhibere
1436 2844 1512 2879 Cat.
1532 2844 1611 2879 Vat.
1630 2850 1777 2879 testatur
1795 2845 1879 2881 Mai.

304 2889 558 2972 &hymn-ems]
582 2895 618 2932 4-
639 2893 699 2926 τοῦ
718 2891 760 2925 Β.
1015 2891 1068 2925 28.
1096 2893 1155 2925 τοῦ
1173 2891 1446 2925 emendaverunt
1464 2891 1549 2925 Mai.
1569 2891 1722 2928 Cramer.
1741 2893 1779 2927 οὐ
1799 2892 1880 2937 (sic)

336 2949 356 2972 o
386 2964 393 2972 .
411 2943 568 2983 uterque.
