2001 3257
305 130 387 169 134
714 132 763 172 B.
798 132 1076 173 CYRILLI
1117 133 1502 176 ALEXANDR.
1650 148 1892 191 XX.22,23.

261 236 464 304 ρχρῆμά
510 239 627 302 ἐστι,
677 240 882 303 μάλισθ’
936 241 1006 292 ὅτι
1062 245 1137 292 καὶ
1193 241 1332 296 αὐτὸς
1388 243 1479 312 {lq-5⁷7
1534 266 1626 295 που
1679 243 1893 310 Χριστός

77 317 184 367 Supra

76 371 143 392 xm.
167 368 196 401 7.

302 325 329 348 ‘⁶
358 321 595 390 Συμφέρει
634 323 740 384 ὑμῖν
776 322 852 373 ἵνα
889 321 981 388 ἐγὼ
1020 322 1232 374 ἀπέλθω·
1287 323 1367 374 ἐὰν
1397 325 1490 391 γὰρ
1524 325 1588 389 μὴ
1625 325 1837 389 ἀπέλθω,
1867 326 1892 376 ὁ

300 407 329 430 “
354 400 663 467 παράκλητος
704 405 757 453 οὐ
798 404 863 468 μὴ
903 402 1022 472 ἐ’λθῃ
1063 404 1181 472 πρὸς
1226 406 1359 468 ὑμᾶς·
1433 406 1545 457 ὅταν
1587 406 1635 457 δὲ
1675 407 1888 470 ἀπέλθω,

301 490 328 513 “
353 484 532 551 πέμψω
569 483 711 535 αὐτὸν
745 484 865 552 πρὸς
900 487 1058 549 ὑμᾶς.”
1099 488 1194 552 ἐρεῖ
1222 486 1316 553 γὰρ
1351 487 1468 541 ἴσως
1503 489 1528 538 ὁ
1562 490 1709 539 ἐκεῖνα
1745 488 1893 555 ζητῶν

300 568 624 630 Ψευδομυθεῖν
662 568 745 618 οὐκ
785 565 906 619 οἶδεν
945 569 972 632 ἡ
1015 567 1226 634 ἀλήθεια,
1266 568 1483 621 τουτέστι
1523 570 1749 636 Χριστός·
1815 569 1891 621 ὅτε
1911 594 1933 632 5

299 648 455 699 τοίνυν
492 648 583 716 ἔφη
625 653 813 718 σαφῶς,
856 651 917 703 ὡς
960 651 1043 700 οὐκ
1084 650 1141 701 ἂν
1179 648 1312 703 ἐ’λθοι
1350 651 1468 717 πρὸς
1507 653 1623 716 ὑμᾶς
1662 653 1687 702 ὀ
1727 651 1892 718 Παρά-

301 737 487 794 κλητος,
516 731 599 782 οὐκ
626 731 982 800 ἀναληφθέντος
1013 733 1156 784 αὐτοῦ
1188 731 1306 799 πρὸς
1340 732 1423 784 τὸν
1451 734 1658 800 Πατέρα,
1684 733 1891 801 πέμψειν

300 810 350 862 δὲ
388 811 493 863 τότε
533 814 608 863 καὶ
649 814 905 880 ἀραρότως,
946 813 1059 865 ὅταν
1098 815 1194 866 ἅνω
1236 815 1424 881 γένηται
1463 817 1571 882 παρ’
1613 817 1750 886 αὐτῷ,
1790 820 1891 871 πῶς

301 895 564 961 εὑρίσκεται
589 894 643 947 τὸ
672 900 869 959 Πνεῦμα
902 896 1069 960 διδοὺς,
1097 897 1244 948 καίτοι
1279 897 1364 962 τὴν
1390 899 1599 949 ἐντεῦθεν
1625 899 1891 962 ἀποδημίαν

76 977 432 1029 1097Α.ειοῦπω
467 977 774 1041 στειλάμενος
793 1001 805 1040 3
847 978 978 1043 πλὴν
1005 983 1042 1029 εἰ
1077 981 1152 1030 καὶ
1186 979 1296 1030 λίαν
1322 979 1598 1049 ἀσυμφανὲς
1632 979 1686 1031 τὸ
1722 979 1882 1045 ζητού·
1911 1009 1960 1035 ιο

299 1081 441 1122 μενον
480 1062 555 1110 καὶ
593 1059 880 1126 περισκελὴς
925 1062 950 1111 ὁ
995 1061 1156 1127 λόγος,
1196 1062 1449 1130 ἐκταράξαι
1487 1085 1536 1113 τε
1578 1064 1652 1113 καὶ
1694 1064 1889 1131 σφόδρα

301 1140 469 1203 ἱκανὸς,
497 1143 608 1192 ἀλλ’
637 1143 728 1210 ἔχει
767 1142 852 1207 τὴν
878 1141 1023 1194 λύσιν
1048 1142 1134 1207 τὴν
1164 1145 1291 1213 αὐτῷ
1329 1144 1746 1210 πρεπωδεστάτην,
1776 1144 1890 1196 ὅταν

297 1222 363 1287 μὴ
401 1228 496 1274 τῶν
530 1225 636 1275 καθ’
666 1225 787 1288 ἡμᾶς
827 1225 1053 1292 ὑπάρχειν
1091 1225 1170 1276 ἕνα
1209 1226 1507 1288 πιστεύωμεν
1546 1225 1627 1277 τὸν
1654 1229 1885 1294 Χριστὸν,

300 1303 425 1356 Θεὸν
452 1305 500 1356 δὲ
525 1311 718 1369 μᾶλλον
746 1308 808 1360 ὡς
844 1308 893 1357 ἐκ
920 1310 1046 1357 Θεοῦ
1083 1309 1159 1358 καὶ
1192 1312 1287 1358 τῶν
1313 1308 1441 1359 ἰδίων
1466 1307 1888 1377 κατεξουσιάζοντα

298 1386 461 1453 λόγων
486 1387 562 1438 διὰ
588 1387 674 1452 τὴν
700 1394 794 1443 τοῖς
820 1388 1073 1456 πράγμασι
1101 1390 1503 1456 πρεπωδεστάτην
1530 1392 1809 1455 οἰκονομίαν.
1910 1414 1957 1451 15

251 1480 278 1521 b
372 1470 728 1537 Ἐπηγγείλατο
757 1470 842 1535 μὲν
868 1470 963 1538 γὰρ
996 1471 1325 1540 καταπέμψειν
1349 1472 1458 1536 ἡμῖν
1485 1473 1542 1542 ἐξ
1574 1474 1771 1540 οὐρανοῦ
1805 1475 1888 1527 τὸν

300 1551 635 1618 Παράκλητον,
663 1552 777 1604 ὅταν
806 1553 902 1604 ἅνω
937 1553 1127 1619 γένηται
1162 1553 1292 1620 παρὰ
1327 1558 1393 1624 τῷ
1418 1558 1526 1624 Θεῷ
1560 1557 1635 1606 καὶ
1664 1559 1834 1622 Πατρὶ,
1862 1556 1887 1608 ὃ

295 1633 352 1698 δὴ
379 1636 455 1685 καὶ
482 1635 724 1702 πέπραχεν
751 1635 1068 1701 ἀποδημήσας
1094 1635 1213 1703 πρὸς
1240 1636 1321 1688 τὸν
1349 1637 1556 1704 Πατέρα,
1585 1640 1660 1688 καὶ
1687 1641 1888 1706 δαψιλε-

293 1715 478 1781 στάτην
521 1721 618 1771 τοῖς
663 1717 913 1769 ἐθέλουσιν
959 1719 1083 1769 ἑλεῖν
1121 1717 1207 1782 τὴν
1248 1724 1331 1769 τοῦ
1378 1720 1652 1782 Πνεύματος
1694 1720 1888 1787 ε”κχυσιν

293 1797 494 1852 ἐπιδούς·
551 1797 651 1849 ἕλοι
688 1800 730 1850 δ’
761 1799 818 1850 ἄν
845 1823 915 1853 τις
950 1800 1064 1851 αὐτὸ
1103 1798 1178 1851 διὰ
1213 1801 1420 1854 πίστεως
1450 1801 1669 1865 δηλονότι
1707 1806 1789 1867 τῆς
1823 1807 1886 1858 εἷς
1906 1834 1957 1860 20

293 1880 448 1942 αὐτὸν,
483 1882 559 1931 καὶ
597 1887 680 1932 τοῦ
720 1883 856 1946 ἁγίου
894 1883 1245 1946 βαπτίσματος·
1299 1884 1563 1949 ἐπληροῦτο
1603 1884 1651 1935 δὲ
1688 1885 1793 1936 τότε
1831 1886 1885 1937 τὸ

68 1968 156 2043 {gd-
175 1968 208 2000 ii.
294 1961 370 2013 διὰ
395 1965 477 2027 τῆς
503 1969 587 2015 τοῦ
612 1962 864 2032 προφήτου
892 1967 1053 2033 φωνῆς
1079 1966 1337 2031 εἰρημένον,
1366 1967 1437 2016 ὅτι
1464 1972 1490 1994 “
1513 1967 1657 2033 ἐκχεῶ
1683 1967 1777 2018 ἀπὸ
1804 1973 1887 2019 τοῦ

115 2036 122 2043 ’
294 2050 322 2074 “
348 2045 624 2109 Πνεύματός
662 2068 753 2109 μου
792 2048 864 2097 ἐπὶ
903 2052 1069 2098 πᾶσαν
1103 2047 1310 2114 σάρκα.”
1353 2049 1462 2098 ἀλλ’
1492 2047 1579 2098 ε”δει
1617 2055 1700 2099 τοῦ
1735 2051 1886 2101 Πνεύ-

294 2150 441 2190 ματος
466 2126 676 2195 χορηγὸν
697 2130 772 2179 καὶ
797 2130 864 2197 τῷ
893 2131 1050 2195 Πατρὶ
1076 2132 1346 2195 συνδοτῆρα
1372 2130 1626 2199 φαίνεσθαι
1653 2130 1735 2182 τὸν
1753 2131 1884 2195 Yam,

255 2228 277 2255 e
295 2209 383 2260 ε”δει
407 2210 614 2260 συνιέναι
640 2210 750 2264 τοὺς
775 2210 1087 2265 πιστεύοντας
1114 2216 1176 2265 εἰς
1200 2210 1357 2275 αὐτὸν,
1381 2211 1452 2262 ὅτι
1476 2235 1564 2278 περ
1591 2212 1729 2267 αὑτός
1754 2215 1885 2266 ἐστιν
1905 2239 1952 2278 25

294 2291 323 2355 ἡ
358 2297 441 2342 τοῦ
471 2291 663 2359 Πατρὸς
696 2292 902 2357 δύναμις,
929 2293 958 2357 ἦ
996 2293 1101 2344 τόδε
1140 2294 1194 2345 τὸ
1233 2293 1432 2356 σύμπαν
1465 2296 1880 2361 δημιουργήσασα,

292 2375 369 2424 καὶ
410 2375 459 2424 ἐκ
500 2380 583 2425 τοῦ
624 2374 689 2438 μὴ
735 2374 870 2428 ὄντος
913 2379 976 2429 εἰς
1017 2375 1072 2426 τὸ
1117 2374 1232 2427 εἶναι
1277 2382 1637 2442 παρενεγκοῦσα
1681 2376 1764 2428 τὸν
1803 2378 1883 2429 ἄν-

293 2458 499 2520 θρωπον.
555 2455 612 2520 ἧν
637 2455 722 2519 μὲν
748 2455 842 2522 γὰρ
869 2457 894 2506 ὁ
921 2456 1043 2511 Θεὸς
1070 2460 1145 2508 καὶ
1174 2456 1343 2524 Πατὴρ
1370 2457 1444 2508 διὰ
1470 2464 1553 2510 τοῦ
1579 2459 1695 2510 ἰδίου
1721 2457 1884 2525 Λόγου

69 2543 230 2585 Gen.ii.7.
293 2536 347 2587 τὸ
373 2538 422 2587 ἐν
449 2539 614 2604 ἀρχαῖς
639 2543 755 2605 χοῦν
781 2536 866 2599 μὲν
894 2537 1061 2599 λαβὼν
1087 2537 1180 2590 ἀπὸ
1207 2542 1289 2602 τῆς
1315 2542 1415 2605 γῆς,
1444 2539 1566 2590 καθὰ
1599 2541 1879 2606 γέγραπται,

293 2617 567 2672 διαπλάσας
593 2617 641 2669 δὲ
668 2618 722 2669 τὸ
749 2619 879 2688 ζῷον,
907 2622 1030 2687 φημὶ
1067 2619 1123 2684 δὴ
1158 2619 1240 2671 τὸν
1267 2620 1532 2687 ἄνθρωπον,
1558 2621 1796 2690 ψυχώσας
1830 2645 1880 2674 τε
1900 2645 1951 2681 30

343 2751 372 2774 1.
398 2741 548 2784 μάλιστα
569 2741 611 2774 Ε.
708 2754 741 2784 4.
768 2743 786 2774 ὁ
804 2747 1027 2786 assumptum
1045 2754 1086 2776 ex
1104 2755 1139 2788 p.
1234 2751 1268 2787 5.
1295 2742 1375 2777 ὅταν
1392 2755 1426 2788 p.
1524 2743 1556 2778 6.
1584 2742 1654 2778 οἶδε
1672 2756 1736 2789 pro
1753 2746 1820 2791 ἔφη
1836 2746 1879 2780 Ε.

289 2785 375 2831 ἔλθῃ
394 2800 429 2832 p.
494 2787 579 2831 ἡμᾶς
598 2787 732 2832 Migne.
831 2800 863 2832 9.
890 2789 951 2832 τὴν
969 2795 1193 2835 assumptum
1211 2801 1253 2823 ex
1271 2789 1351 2835 E.p.
1451 2801 1504 2824 10.
1530 2792 1830 2836 περιστειλάμενος
1847 2804 1880 2827 a.

295 2845 348 2868 11.
376 2834 560 2879 ἐκταράξας
578 2834 619 2869 Ε.
796 2846 847 2879 13.
874 2835 1009 2880 ὑπάρχῃ
1028 2848 1062 2880 p.
1246 2847 1301 2870 20.
1327 2837 1416 2882 αὐτῷ
1434 2849 1468 2882 p.
1652 2838 1707 2873 26.
1731 2838 1876 2884 πατρὸς]

289 2879 477 2925 πνεύματος
495 2881 574 2925 (sic)
596 2881 636 2916 E.
745 2892 800 2926 29·
826 2883 885 2926 τῆς
902 2888 1127 2928 assumptum
1146 2894 1187 2917 ex
1205 2895 1239 2928 p.
1350 2894 1406 2928 30.
1432 2883 1488 2929 τὸ]
1508 2884 1585 2919 τόδε
1603 2885 1641 2919 τὸ
1659 2896 1691 2919 a.
1764 2884 1821 2931 δὴ]
1842 2886 1878 2919 δὲ

292 2940 325 2972 p.
344 2928 397 2961 καὶ
415 2928 461 2971 (ἒ)
482 2928 522 2963 Ε.
