<?xml version="1.0" encoding="UTF-8"?>
<!DOCTYPE html PUBLIC "-//W3C//DTD XHTML 1.0 Transitional//EN"
    "http://www.w3.org/TR/xhtml1/DTD/xhtml1-transitional.dtd">
<html xmlns="http://www.w3.org/1999/xhtml" xml:lang="en" lang="en">
 <head>
  <title>
</title>
<meta http-equiv="Content-Type" content="text/html;charset=utf-8" />
  <meta name='ocr-system' content='tesseract 3.04.00' />
  <meta name='ocr-capabilities' content='ocr_page ocr_carea ocr_par ocr_line ocrx_word'/>
</head>
<body>
  <div class='ocr_page' id='page_1' title='image "./operacyrilli05cyriuoft/operacyrilli05cyriuoft_0094.png"; bbox 0 0 1981 3267; ppageno 0'>
   <div class='ocr_carea' id='block_1_1' title="bbox 282 125 1870 183">
    <p class='ocr_par' dir='ltr' id='par_1_1' title="bbox 282 125 1870 183">
     <span class='ocr_line' id='line_1_1' title="bbox 282 125 1870 183; baseline 0.005 -21"><span class='ocrx_word' id='word_1_1' title='bbox 282 125 337 163; x_wconf 78' lang='lat'>80</span> <span class='ocrx_word' id='word_1_2' title='bbox 689 127 739 168; x_wconf 88' lang='lat' dir='ltr'>B.</span> <span class='ocrx_word' id='word_1_3' title='bbox 773 127 1049 168; x_wconf 87' lang='lat' dir='ltr'>CYRILLI</span> <span class='ocrx_word' id='word_1_4' title='bbox 1092 128 1473 170; x_wconf 80' lang='lat' dir='ltr'><strong>ALEXANDR.</strong></span> <span class='ocrx_word' id='word_1_5' title='bbox 1616 131 1700 171; x_wconf 85' lang='lat' dir='ltr'>xix.</span> <span class='ocrx_word' id='word_1_6' title='bbox 1725 141 1785 183; x_wconf 84' lang='lat'>17,</span> <span class='ocrx_word' id='word_1_7' title='bbox 1808 130 1870 170; x_wconf 87' lang='lat'>18.</span> 
     </span>
    </p>
   </div>
   <div class='ocr_carea' id='block_1_2' title="bbox 54 234 1944 1450">
    <p class='ocr_par' dir='ltr' id='par_1_2' title="bbox 54 234 1944 1450">
     <span class='ocr_line' id='line_1_2' title="bbox 283 234 1872 306; baseline 0.003 -22"><span class='ocrx_word' id='word_1_8' title='bbox 283 235 359 284; x_wconf 81' lang='grc' dir='ltr'>καὶ</span> <span class='ocrx_word' id='word_1_9' title='bbox 396 234 537 303; x_wconf 83' lang='grc' dir='ltr'>τέχνῃ</span> <span class='ocrx_word' id='word_1_10' title='bbox 570 239 628 304; x_wconf 86' lang='grc' dir='ltr'>τῇ</span> <span class='ocrx_word' id='word_1_11' title='bbox 665 237 779 302; x_wconf 69' lang='grc' dir='ltr'>ὑπὲρ</span> <span class='ocrx_word' id='word_1_12' title='bbox 808 243 916 287; x_wconf 91' lang='grc' dir='ltr'>νοῦν</span> <span class='ocrx_word' id='word_1_13' title='bbox 942 241 1003 290; x_wconf 79' lang='grc' dir='ltr'>εἷς</span> <span class='ocrx_word' id='word_1_14' title='bbox 1037 237 1266 302; x_wconf 86' lang='grc' dir='ltr'>ἀδόκητόν</span> <span class='ocrx_word' id='word_1_15' title='bbox 1299 262 1401 290; x_wconf 83' lang='grc' dir='ltr'>τινα</span> <span class='ocrx_word' id='word_1_16' title='bbox 1436 242 1510 290; x_wconf 76' lang='grc' dir='ltr'>καὶ</span> <span class='ocrx_word' id='word_1_17' title='bbox 1550 241 1872 306; x_wconf 81' lang='grc' dir='ltr'>ἀντίστροφον</span> 
     </span>
     <span class='ocr_line' id='line_1_3' title="bbox 284 317 1873 390; baseline 0.003 -24"><span class='ocrx_word' id='word_1_18' title='bbox 284 320 418 367; x_wconf 89' lang='grc' dir='ltr'>θεσιν</span> <span class='ocrx_word' id='word_1_19' title='bbox 453 319 818 372; x_wconf 82' lang='grc' dir='ltr'>ἐκτελευτῶντος</span> <span class='ocrx_word' id='word_1_20' title='bbox 850 324 933 370; x_wconf 91' lang='grc' dir='ltr'>τοῦ</span> <span class='ocrx_word' id='word_1_21' title='bbox 967 317 1161 373; x_wconf 78' lang='grc' dir='ltr'>πάθους·</span> <span class='ocrx_word' id='word_1_22' title='bbox 1213 322 1355 386; x_wconf 81' lang='grc' dir='ltr'>παγὶς</span> <span class='ocrx_word' id='word_1_23' title='bbox 1381 321 1473 387; x_wconf 76' lang='grc' dir='ltr'>γὰρ</span> <span class='ocrx_word' id='word_1_24' title='bbox 1499 321 1663 387; x_wconf 81' lang='grc' dir='ltr'>ὥσπερ</span> <span class='ocrx_word' id='word_1_25' title='bbox 1695 324 1760 390; x_wconf 73' lang='grc' dir='ltr'>τῷ</span> <span class='ocrx_word' id='word_1_26' title='bbox 1790 326 1873 371; x_wconf 85' lang='grc' dir='ltr'>τοῦ</span> 
     </span>
     <span class='ocr_line' id='line_1_4' title="bbox 284 398 1866 469; baseline 0.003 -21"><span class='ocrx_word' id='word_1_27' title='bbox 284 398 490 450; x_wconf 78' lang='grc' dir='ltr'>θανάτου</span> <span class='ocrx_word' id='word_1_28' title='bbox 530 399 700 466; x_wconf 86' lang='grc' dir='ltr'>κράτει,</span> <span class='ocrx_word' id='word_1_29' title='bbox 728 399 782 451; x_wconf 79' lang='grc' dir='ltr'>τὸ</span> <span class='ocrx_word' id='word_1_30' title='bbox 809 404 1029 466; x_wconf 84' lang='grc' dir='ltr'>Χριστοῦ</span> <span class='ocrx_word' id='word_1_31' title='bbox 1064 400 1215 455; x_wconf 90' lang='grc' dir='ltr'>πάθος</span> <span class='ocrx_word' id='word_1_32' title='bbox 1248 403 1533 469; x_wconf 71' lang='grc' dir='ltr'>ἐσκευάζετο,</span> <span class='ocrx_word' id='word_1_33' title='bbox 1561 405 1636 453; x_wconf 80' lang='grc' dir='ltr'>καὶ</span> <span class='ocrx_word' id='word_1_34' title='bbox 1664 402 1866 453; x_wconf 85' lang='grc' dir='ltr'>ἀνανεώ-</span> 
     </span>
     <span class='ocr_line' id='line_1_5' title="bbox 283 480 1873 551; baseline 0.003 -21"><span class='ocrx_word' id='word_1_35' title='bbox 283 503 406 534; x_wconf 87' lang='grc' dir='ltr'>σεως</span> <span class='ocrx_word' id='word_1_36' title='bbox 444 480 566 548; x_wconf 79' lang='grc' dir='ltr'>ἀρχὴ</span> <span class='ocrx_word' id='word_1_37' title='bbox 609 484 691 545; x_wconf 83' lang='grc' dir='ltr'>τῆς</span> <span class='ocrx_word' id='word_1_38' title='bbox 730 486 792 535; x_wconf 78' lang='grc' dir='ltr'>εἷς</span> <span class='ocrx_word' id='word_1_39' title='bbox 836 483 1115 549; x_wconf 83' lang='grc' dir='ltr'>ἀφθαρσίαν</span> <span class='ocrx_word' id='word_1_40' title='bbox 1160 485 1232 533; x_wconf 75' lang='grc' dir='ltr'>καὶ</span> <span class='ocrx_word' id='word_1_41' title='bbox 1275 484 1526 548; x_wconf 82' lang='grc' dir='ltr'>καινότητα</span> <span class='ocrx_word' id='word_1_42' title='bbox 1568 485 1682 551; x_wconf 80' lang='grc' dir='ltr'>ζωῆς</span> <span class='ocrx_word' id='word_1_43' title='bbox 1723 486 1748 534; x_wconf 85' lang='grc' dir='ltr'>ὁ</span> <span class='ocrx_word' id='word_1_44' title='bbox 1790 490 1873 535; x_wconf 90' lang='grc' dir='ltr'>τοῦ</span> 
     </span>
     <span class='ocr_line' id='line_1_6' title="bbox 285 561 1915 633; baseline 0.004 -22"><span class='ocrx_word' id='word_1_45' title='bbox 285 562 462 627; x_wconf 85' lang='grc' dir='ltr'>Κυρίου</span> <span class='ocrx_word' id='word_1_46' title='bbox 501 561 702 617; x_wconf 87' lang='grc' dir='ltr'>θάνατος</span> <span class='ocrx_word' id='word_1_47' title='bbox 740 562 813 627; x_wconf 84' lang='grc' dir='ltr'>ἧν.</span> <span class='ocrx_word' id='word_1_48' title='bbox 869 561 924 613; x_wconf 79' lang='grc' dir='ltr'>τὸ</span> <span class='ocrx_word' id='word_1_49' title='bbox 964 563 1012 613; x_wconf 75' lang='grc' dir='ltr'>δὲ</span> <span class='ocrx_word' id='word_1_50' title='bbox 1052 565 1125 632; x_wconf 80' lang='grc' dir='ltr'>ἐφ’</span> <span class='ocrx_word' id='word_1_51' title='bbox 1167 563 1293 633; x_wconf 77' lang='grc' dir='ltr'>ᾧπερ</span> <span class='ocrx_word' id='word_1_52' title='bbox 1328 565 1498 627; x_wconf 59' lang='grc' dir='ltr'>ἔμελλε</span> <span class='ocrx_word' id='word_1_53' title='bbox 1547 570 1915 632; x_wconf 90' lang='grc' dir='ltr'>σταυροῦσθαι5</span> 
     </span>
     <span class='ocr_line' id='line_1_7' title="bbox 282 643 1873 713; baseline 0.004 -21"><span class='ocrx_word' id='word_1_54' title='bbox 282 643 433 711; x_wconf 74' lang='grc' dir='ltr'>ξύλον</span> <span class='ocrx_word' id='word_1_55' title='bbox 465 644 732 706; x_wconf 88' lang='grc' dir='ltr'>ἐπωμάδιον</span> <span class='ocrx_word' id='word_1_56' title='bbox 764 645 884 712; x_wconf 73' lang='grc' dir='ltr'>ἔχων</span> <span class='ocrx_word' id='word_1_57' title='bbox 922 644 1111 710; x_wconf 84' lang='grc' dir='ltr'>πρόεισι</span> <span class='ocrx_word' id='word_1_58' title='bbox 1150 645 1321 697; x_wconf 80' lang='grc' dir='ltr'>λοιπὸν</span> <span class='ocrx_word' id='word_1_59' title='bbox 1360 651 1745 713; x_wconf 83' lang='grc' dir='ltr'>κατακεκριμένος</span> <span class='ocrx_word' id='word_1_60' title='bbox 1784 648 1873 712; x_wconf 74' lang='grc' dir='ltr'>ἤδη</span> 
     </span>
     <span class='ocr_line' id='line_1_8' title="bbox 236 724 1873 795; baseline 0.005 -21"><span class='ocrx_word' id='word_1_61' title='bbox 236 729 356 775; x_wconf 62' lang='lat' dir='ltr'>bna}</span> <span class='ocrx_word' id='word_1_62' title='bbox 394 724 480 788; x_wconf 86' lang='grc' dir='ltr'>τὴν</span> <span class='ocrx_word' id='word_1_63' title='bbox 522 725 593 794; x_wconf 86' lang='grc' dir='ltr'>ἐφ’</span> <span class='ocrx_word' id='word_1_64' title='bbox 636 726 796 790; x_wconf 82' lang='grc' dir='ltr'>αἵματι</span> <span class='ocrx_word' id='word_1_65' title='bbox 832 729 1005 795; x_wconf 81' lang='grc' dir='ltr'>ψῆφον</span> <span class='ocrx_word' id='word_1_66' title='bbox 1047 728 1116 778; x_wconf 87' lang='grc' dir='ltr'>ἐπ’</span> <span class='ocrx_word' id='word_1_67' title='bbox 1154 729 1304 779; x_wconf 80' lang='grc' dir='ltr'>οὐδενὶ</span> <span class='ocrx_word' id='word_1_68' title='bbox 1340 734 1588 784; x_wconf 80' lang='grc' dir='ltr'>παντελῶς</span> <span class='ocrx_word' id='word_1_69' title='bbox 1624 731 1873 795; x_wconf 83' lang='grc' dir='ltr'>ὑπομείνας</span> 
     </span>
     <span class='ocr_line' id='line_1_9' title="bbox 282 808 1868 877; baseline 0.004 -21"><span class='ocrx_word' id='word_1_70' title='bbox 282 811 421 875; x_wconf 75' lang='grc' dir='ltr'>κακῷ,</span> <span class='ocrx_word' id='word_1_71' title='bbox 451 809 525 857; x_wconf 75' lang='grc' dir='ltr'>καὶ</span> <span class='ocrx_word' id='word_1_72' title='bbox 555 814 694 859; x_wconf 87' lang='grc' dir='ltr'>τοῦτο</span> <span class='ocrx_word' id='word_1_73' title='bbox 731 810 786 860; x_wconf 89' lang='grc' dir='ltr'>δι’</span> <span class='ocrx_word' id='word_1_74' title='bbox 824 810 958 873; x_wconf 82' lang='grc' dir='ltr'>ἡμᾶς.</span> <span class='ocrx_word' id='word_1_75' title='bbox 1009 808 1093 862; x_wconf 80' lang='grc' dir='ltr'>τὰς</span> <span class='ocrx_word' id='word_1_76' title='bbox 1126 809 1221 876; x_wconf 79' lang='grc' dir='ltr'>γὰρ</span> <span class='ocrx_word' id='word_1_77' title='bbox 1247 815 1342 864; x_wconf 81' lang='grc' dir='ltr'>τοῖς</span> <span class='ocrx_word' id='word_1_78' title='bbox 1369 811 1694 877; x_wconf 81' lang='grc' dir='ltr'>ἡμαρτηκόσιν</span> <span class='ocrx_word' id='word_1_79' title='bbox 1722 813 1868 877; x_wconf 87' lang='grc' dir='ltr'>ἐπηρ-</span> 
     </span>
     <span class='ocr_line' id='line_1_10' title="bbox 281 889 1867 959; baseline 0.003 -20"><span class='ocrx_word' id='word_1_80' title='bbox 281 890 482 952; x_wconf 88' lang='grc' dir='ltr'>τημένας</span> <span class='ocrx_word' id='word_1_81' title='bbox 520 889 729 956; x_wconf 78' lang='grc' dir='ltr'>εὐλόγως</span> <span class='ocrx_word' id='word_1_82' title='bbox 767 892 816 942; x_wconf 85' lang='grc' dir='ltr'>ἐκ</span> <span class='ocrx_word' id='word_1_83' title='bbox 855 897 937 942; x_wconf 88' lang='grc' dir='ltr'>τοῦ</span> <span class='ocrx_word' id='word_1_84' title='bbox 968 890 1113 955; x_wconf 88' lang='grc' dir='ltr'>νόμου</span> <span class='ocrx_word' id='word_1_85' title='bbox 1153 892 1281 946; x_wconf 83' lang='grc' dir='ltr'>δίκας</span> <span class='ocrx_word' id='word_1_86' title='bbox 1319 895 1379 946; x_wconf 80' lang='grc' dir='ltr'>εἷς</span> <span class='ocrx_word' id='word_1_87' title='bbox 1417 892 1582 944; x_wconf 82' lang='grc' dir='ltr'>ἑαυτὸν</span> <span class='ocrx_word' id='word_1_88' title='bbox 1621 893 1867 959; x_wconf 71' lang='grc' dir='ltr'>ἐκομίζετο.</span> 
     </span>
     <span class='ocr_line' id='line_1_11' title="bbox 54 970 1944 1059; baseline 0.002 -39"><span class='ocrx_word' id='word_1_89' title='bbox 54 976 127 1059; x_wconf 55' lang='grc' dir='ltr'>(Ξὲῑ-</span> <span class='ocrx_word' id='word_1_90' title='bbox 144 977 188 1008; x_wconf 66' lang='lat'>1¹1·</span> <span class='ocrx_word' id='word_1_91' title='bbox 283 970 447 1035; x_wconf 85' lang='grc' dir='ltr'>γέγονε</span> <span class='ocrx_word' id='word_1_92' title='bbox 491 971 584 1038; x_wconf 78' lang='grc' dir='ltr'>γὰρ</span> <span class='ocrx_word' id='word_1_93' title='bbox 623 980 650 1002; x_wconf 83' lang='grc'><strong>“</strong></span> <span class='ocrx_word' id='word_1_94' title='bbox 672 972 786 1040; x_wconf 75' lang='grc' dir='ltr'>ὑπὲρ</span> <span class='ocrx_word' id='word_1_95' title='bbox 830 974 962 1038; x_wconf 80' lang='grc' dir='ltr'>ἡμῶν</span> <span class='ocrx_word' id='word_1_96' title='bbox 1007 972 1228 1041; x_wconf 86' lang='grc' dir='ltr'>κατάρα,”</span> <span class='ocrx_word' id='word_1_97' title='bbox 1269 974 1389 1025; x_wconf 77' lang='grc' dir='ltr'>κατὰ</span> <span class='ocrx_word' id='word_1_98' title='bbox 1430 974 1485 1026; x_wconf 84' lang='grc' dir='ltr'>τὸ</span> <span class='ocrx_word' id='word_1_99' title='bbox 1532 975 1871 1040; x_wconf 77' lang='grc' dir='ltr'>γεγραμμένον,</span> <span class='ocrx_word' id='word_1_100' title='bbox 1896 996 1944 1021; x_wconf 92' lang='lat'>10</span> 
     </span>
     <span class='ocr_line' id='line_1_12' title="bbox 105 1045 1871 1125; baseline 0.003 -22"><span class='ocrx_word' id='word_1_101' title='bbox 105 1045 111 1051; x_wconf 39' lang='lat'><strong>¹</strong></span> <span class='ocrx_word' id='word_1_102' title='bbox 284 1060 309 1082; x_wconf 76' lang='lat'>‘⁶</span> <span class='ocrx_word' id='word_1_103' title='bbox 335 1053 672 1120; x_wconf 87' lang='grc' dir='ltr'>ἐπικατάρατος</span> <span class='ocrx_word' id='word_1_104' title='bbox 711 1054 802 1121; x_wconf 86' lang='grc' dir='ltr'>γάρ</span> <span class='ocrx_word' id='word_1_105' title='bbox 843 1060 980 1124; x_wconf 89' lang='grc' dir='ltr'>φησι,</span> <span class='ocrx_word' id='word_1_106' title='bbox 1020 1061 1112 1109; x_wconf 82' lang='grc' dir='ltr'>πᾶς</span> <span class='ocrx_word' id='word_1_107' title='bbox 1155 1057 1179 1106; x_wconf 81' lang='grc' dir='ltr'><strong>ὁ</strong></span> <span class='ocrx_word' id='word_1_108' title='bbox 1223 1055 1510 1123; x_wconf 78' lang='grc' dir='ltr'>κρεμάμενος</span> <span class='ocrx_word' id='word_1_109' title='bbox 1557 1058 1631 1108; x_wconf 84' lang='grc' dir='ltr'>ἐπὶ</span> <span class='ocrx_word' id='word_1_110' title='bbox 1673 1055 1871 1125; x_wconf 75' lang='grc' dir='ltr'>ξύλου.”</span> 
     </span>
     <span class='ocr_line' id='line_1_13' title="bbox 281 1134 1868 1206; baseline 0.003 -21"><span class='ocrx_word' id='word_1_111' title='bbox 281 1134 504 1202; x_wconf 85' lang='grc' dir='ltr'>ἐπάρατοι</span> <span class='ocrx_word' id='word_1_112' title='bbox 539 1136 585 1187; x_wconf 77' lang='grc' dir='ltr'>δὲ</span> <span class='ocrx_word' id='word_1_113' title='bbox 621 1137 792 1191; x_wconf 87' lang='grc' dir='ltr'>πάντες</span> <span class='ocrx_word' id='word_1_114' title='bbox 819 1137 965 1201; x_wconf 82' lang='grc' dir='ltr'>ἡμεῖς,</span> <span class='ocrx_word' id='word_1_115' title='bbox 998 1137 1080 1188; x_wconf 82' lang='grc' dir='ltr'>τὸν</span> <span class='ocrx_word' id='word_1_116' title='bbox 1106 1142 1230 1189; x_wconf 81' lang='grc' dir='ltr'>θεῖον</span> <span class='ocrx_word' id='word_1_117' title='bbox 1257 1140 1568 1204; x_wconf 82' lang='grc' dir='ltr'>ἀποπληροῦν</span> <span class='ocrx_word' id='word_1_118' title='bbox 1595 1140 1677 1189; x_wconf 80' lang='grc' dir='ltr'>οὐκ</span> <span class='ocrx_word' id='word_1_119' title='bbox 1703 1137 1868 1206; x_wconf 82' lang='grc' dir='ltr'>ἀνεχό-</span> 
     </span>
     <span class='ocr_line' id='line_1_14' title="bbox 54 1217 1872 1295; baseline 0.003 -30"><span class='ocrx_word' id='word_1_120' title='bbox 54 1221 216 1295; x_wconf 52' lang='grc' dir='ltr'>ῗῦἱῑΟ-ῑῑῑ·</span> <span class='ocrx_word' id='word_1_121' title='bbox 280 1240 410 1279; x_wconf 92' lang='grc' dir='ltr'>μενοι</span> <span class='ocrx_word' id='word_1_122' title='bbox 444 1217 600 1281; x_wconf 88' lang='grc' dir='ltr'>νόμον,</span> <span class='ocrx_word' id='word_1_123' title='bbox 629 1227 655 1248; x_wconf 83' lang='grc'>“</span> <span class='ocrx_word' id='word_1_124' title='bbox 676 1219 842 1270; x_wconf 82' lang='grc' dir='ltr'>πολλὰ</span> <span class='ocrx_word' id='word_1_125' title='bbox 877 1219 971 1285; x_wconf 78' lang='grc' dir='ltr'>γὰρ</span> <span class='ocrx_word' id='word_1_126' title='bbox 1003 1220 1230 1284; x_wconf 87' lang='grc' dir='ltr'>πταίομεν</span> <span class='ocrx_word' id='word_1_127' title='bbox 1257 1219 1498 1282; x_wconf 80' lang='grc' dir='ltr'>ἅπαντες,”</span> <span class='ocrx_word' id='word_1_128' title='bbox 1529 1220 1872 1285; x_wconf 81' lang='grc' dir='ltr'>εὐολισθοτάτη</span> 
     </span>
     <span class='ocr_line' id='line_1_15' title="bbox 78 1290 1871 1371; baseline 0.002 -22"><span class='ocrx_word' id='word_1_129' title='bbox 78 1290 84 1296; x_wconf 43' lang='grc'><strong>’</strong></span> <span class='ocrx_word' id='word_1_130' title='bbox 279 1322 327 1350; x_wconf 87' lang='grc' dir='ltr'>τε</span> <span class='ocrx_word' id='word_1_131' title='bbox 367 1299 485 1366; x_wconf 81' lang='grc' dir='ltr'>πρὸς</span> <span class='ocrx_word' id='word_1_132' title='bbox 524 1306 663 1351; x_wconf 91' lang='grc' dir='ltr'>τοῦτο</span> <span class='ocrx_word' id='word_1_133' title='bbox 702 1302 866 1365; x_wconf 88' lang='grc' dir='ltr'>λίανὴ</span> <span class='ocrx_word' id='word_1_134' title='bbox 907 1301 1160 1368; x_wconf 81' lang='grc' dir='ltr'>ἀνθρώπου</span> <span class='ocrx_word' id='word_1_135' title='bbox 1199 1301 1362 1371; x_wconf 84' lang='grc' dir='ltr'>φύσις.</span> <span class='ocrx_word' id='word_1_136' title='bbox 1413 1302 1570 1366; x_wconf 83' lang='grc' dir='ltr'>ἐπειδὴ</span> <span class='ocrx_word' id='word_1_137' title='bbox 1596 1302 1645 1353; x_wconf 76' lang='grc' dir='ltr'>δὲ</span> <span class='ocrx_word' id='word_1_138' title='bbox 1671 1301 1819 1354; x_wconf 87' lang='grc' dir='ltr'>πάλιν</span> <span class='ocrx_word' id='word_1_139' title='bbox 1847 1304 1871 1353; x_wconf 86' lang='grc' dir='ltr'>ὁ</span> 
     </span>
     <span class='ocr_line' id='line_1_16' title="bbox 54 1382 1941 1450; baseline 0.004 -19"><span class='ocrx_word' id='word_1_140' title='bbox 54 1383 128 1413; x_wconf 60' lang='lat' dir='ltr'>Gal·</span> <span class='ocrx_word' id='word_1_141' title='bbox 148 1383 194 1414; x_wconf 65' lang='lat' dir='ltr'>fii·</span> <span class='ocrx_word' id='word_1_142' title='bbox 243 1400 264 1426; x_wconf 83' lang='lat'>0</span> <span class='ocrx_word' id='word_1_143' title='bbox 281 1385 401 1435; x_wconf 83' lang='grc' dir='ltr'>θεῖος</span> <span class='ocrx_word' id='word_1_144' title='bbox 422 1382 513 1450; x_wconf 78' lang='grc' dir='ltr'>ε”φη</span> <span class='ocrx_word' id='word_1_145' title='bbox 532 1406 625 1435; x_wconf 92' lang='grc' dir='ltr'>που</span> <span class='ocrx_word' id='word_1_146' title='bbox 643 1383 785 1446; x_wconf 89' lang='grc' dir='ltr'>νόμος</span> <span class='ocrx_word' id='word_1_147' title='bbox 810 1390 837 1412; x_wconf 87' lang='grc'><strong>“</strong></span> <span class='ocrx_word' id='word_1_148' title='bbox 858 1382 1234 1450; x_wconf 80' lang='grc' dir='ltr'>Ἐπικατάρατος</span> <span class='ocrx_word' id='word_1_149' title='bbox 1255 1382 1305 1438; x_wconf 70' lang='grc' dir='ltr'>’ὸς</span> <span class='ocrx_word' id='word_1_150' title='bbox 1325 1385 1407 1435; x_wconf 78' lang='grc' dir='ltr'>οὐκ</span> <span class='ocrx_word' id='word_1_151' title='bbox 1427 1384 1608 1448; x_wconf 80' lang='grc' dir='ltr'>ἐμμένει</span> <span class='ocrx_word' id='word_1_152' title='bbox 1628 1390 1750 1436; x_wconf 84' lang='grc' dir='ltr'>πᾶσι</span> <span class='ocrx_word' id='word_1_153' title='bbox 1776 1390 1872 1439; x_wconf 81' lang='grc' dir='ltr'>τοῖς</span> <span class='ocrx_word' id='word_1_154' title='bbox 1894 1404 1941 1442; x_wconf 90' lang='lat'>15</span> 
     </span>
    </p>
   </div>
   <div class='ocr_carea' id='block_1_3' title="bbox 54 1435 1872 1535">
    <p class='ocr_par' dir='ltr' id='par_1_3' title="bbox 54 1435 1872 1535">
     <span class='ocr_line' id='line_1_17' title="bbox 57 1435 141 1463; baseline 0.024 -8"><span class='ocrx_word' id='word_1_155' title='bbox 57 1435 106 1463; x_wconf 76' lang='lat'>10,</span> <span class='ocrx_word' id='word_1_156' title='bbox 124 1437 141 1457; x_wconf 84' lang='lat' dir='ltr'>e</span> 
     </span>
     <span class='ocr_line' id='line_1_18' title="bbox 54 1464 1872 1535; baseline 0.003 -23"><span class='ocrx_word' id='word_1_157' title='bbox 54 1470 157 1500; x_wconf 50' lang='grc' dir='ltr'>ΕΜ·</span> <span class='ocrx_word' id='word_1_158' title='bbox 280 1470 306 1492; x_wconf 84' lang='grc'><strong>“</strong></span> <span class='ocrx_word' id='word_1_159' title='bbox 333 1464 727 1530; x_wconf 68' lang='grc' dir='ltr'>ἐγγεγραμμένοις</span> <span class='ocrx_word' id='word_1_160' title='bbox 747 1467 795 1516; x_wconf 89' lang='grc' dir='ltr'>ἐν</span> <span class='ocrx_word' id='word_1_161' title='bbox 815 1469 881 1534; x_wconf 71' lang='grc' dir='ltr'>τῷ</span> <span class='ocrx_word' id='word_1_162' title='bbox 901 1465 1078 1535; x_wconf 74' lang='grc' dir='ltr'>βιβλίῳ</span> <span class='ocrx_word' id='word_1_163' title='bbox 1098 1471 1181 1517; x_wconf 84' lang='grc' dir='ltr'>τοῦ</span> <span class='ocrx_word' id='word_1_164' title='bbox 1202 1465 1345 1529; x_wconf 89' lang='grc' dir='ltr'>νόμου</span> <span class='ocrx_word' id='word_1_165' title='bbox 1366 1466 1549 1525; x_wconf 89' lang='grc' dir='ltr'>τούτου,</span> <span class='ocrx_word' id='word_1_166' title='bbox 1572 1473 1655 1518; x_wconf 86' lang='grc' dir='ltr'>τοῦ</span> <span class='ocrx_word' id='word_1_167' title='bbox 1675 1470 1872 1531; x_wconf 84' lang='grc' dir='ltr'>ποιῆσαι</span> 
     </span>
    </p>
   </div>
   <div class='ocr_carea' id='block_1_4' title="bbox 54 1513 1940 2680">
    <p class='ocr_par' dir='ltr' id='par_1_4' title="bbox 54 1524 216 1545">
     <span class='ocr_line' id='line_1_19' title="bbox 54 1524 216 1545; baseline 0.006 -2"><span class='ocrx_word' id='word_1_168' title='bbox 54 1524 154 1545; x_wconf 74' lang='lat' dir='ltr'>XXVI.</span> <span class='ocrx_word' id='word_1_169' title='bbox 209 1537 216 1544; x_wconf 81' lang='lat'>-</span> 
     </span>
    </p>

    <p class='ocr_par' dir='ltr' id='par_1_5' title="bbox 134 1513 1940 1945">
     <span class='ocr_line' id='line_1_20' title="bbox 134 1513 1872 1615; baseline 0.002 -20"><span class='ocrx_word' id='word_1_170' title='bbox 134 1525 144 1544; x_wconf 54' lang='lat' dir='ltr'>l</span> <span class='ocrx_word' id='word_1_171' title='bbox 168 1513 205 1544; x_wconf 89' lang='lat'>26</span> <span class='ocrx_word' id='word_1_172' title='bbox 279 1551 306 1573; x_wconf 85' lang='lat'><strong>“</strong></span> <span class='ocrx_word' id='word_1_173' title='bbox 333 1545 497 1596; x_wconf 81' lang='grc' dir='ltr'>αύτά·”</span> <span class='ocrx_word' id='word_1_174' title='bbox 541 1548 673 1611; x_wconf 83' lang='grc' dir='ltr'>ἡμῶν</span> <span class='ocrx_word' id='word_1_175' title='bbox 699 1548 803 1614; x_wconf 81' lang='grc' dir='ltr'>ἄρα,</span> <span class='ocrx_word' id='word_1_176' title='bbox 832 1550 907 1598; x_wconf 73' lang='grc' dir='ltr'>καὶ</span> <span class='ocrx_word' id='word_1_177' title='bbox 933 1549 1018 1615; x_wconf 82' lang='grc' dir='ltr'>οὐχ</span> <span class='ocrx_word' id='word_1_178' title='bbox 1046 1547 1214 1614; x_wconf 82' lang='grc' dir='ltr'>ἑτέρων</span> <span class='ocrx_word' id='word_1_179' title='bbox 1241 1549 1267 1612; x_wconf 85' lang='grc' dir='ltr'>ἡ</span> <span class='ocrx_word' id='word_1_180' title='bbox 1294 1547 1400 1614; x_wconf 85' lang='grc' dir='ltr'>ἀρά.</span> <span class='ocrx_word' id='word_1_181' title='bbox 1444 1548 1511 1603; x_wconf 72' lang='grc' dir='ltr'>οἷς</span> <span class='ocrx_word' id='word_1_182' title='bbox 1535 1548 1629 1615; x_wconf 80' lang='grc' dir='ltr'>γὰρ</span> <span class='ocrx_word' id='word_1_183' title='bbox 1655 1548 1872 1614; x_wconf 74' lang='grc' dir='ltr'>ἔγκλημα</span> 
     </span>
     <span class='ocr_line' id='line_1_21' title="bbox 279 1626 1865 1699; baseline 0.003 -21"><span class='ocrx_word' id='word_1_184' title='bbox 279 1626 365 1690; x_wconf 74' lang='grc' dir='ltr'>μὲν</span> <span class='ocrx_word' id='word_1_185' title='bbox 391 1629 419 1692; x_wconf 87' lang='grc' dir='ltr'>ἡ</span> <span class='ocrx_word' id='word_1_186' title='bbox 445 1629 736 1696; x_wconf 76' lang='grc' dir='ltr'>παράβασις,</span> <span class='ocrx_word' id='word_1_187' title='bbox 762 1629 816 1681; x_wconf 79' lang='grc' dir='ltr'>τὸ</span> <span class='ocrx_word' id='word_1_188' title='bbox 844 1629 892 1681; x_wconf 81' lang='grc' dir='ltr'>δὲ</span> <span class='ocrx_word' id='word_1_189' title='bbox 919 1636 1003 1681; x_wconf 89' lang='grc' dir='ltr'>τοῦ</span> <span class='ocrx_word' id='word_1_190' title='bbox 1034 1629 1352 1696; x_wconf 83' lang='grc' dir='ltr'>διορισθέντος</span> <span class='ocrx_word' id='word_1_191' title='bbox 1387 1630 1654 1699; x_wconf 77' lang='grc' dir='ltr'>ἐξολισθεῖν</span> <span class='ocrx_word' id='word_1_192' title='bbox 1680 1632 1865 1682; x_wconf 80' lang='grc' dir='ltr'>εὐπετέ-</span> 
     </span>
     <span class='ocr_line' id='line_1_22' title="bbox 278 1711 1871 1779; baseline 0.003 -19"><span class='ocrx_word' id='word_1_193' title='bbox 278 1732 473 1773; x_wconf 88' lang='grc' dir='ltr'>στατον,</span> <span class='ocrx_word' id='word_1_194' title='bbox 513 1712 669 1765; x_wconf 82' lang='grc' dir='ltr'>αὐτοῖς</span> <span class='ocrx_word' id='word_1_195' title='bbox 709 1711 766 1762; x_wconf 78' lang='grc' dir='ltr'>ἂν</span> <span class='ocrx_word' id='word_1_196' title='bbox 805 1711 872 1776; x_wconf 75' lang='grc' dir='ltr'>εἰἠ</span> <span class='ocrx_word' id='word_1_197' title='bbox 915 1715 990 1763; x_wconf 75' lang='grc' dir='ltr'>καὶ</span> <span class='ocrx_word' id='word_1_198' title='bbox 1032 1713 1086 1763; x_wconf 84' lang='grc' dir='ltr'>τὸ</span> <span class='ocrx_word' id='word_1_199' title='bbox 1128 1712 1406 1763; x_wconf 78' lang='grc' dir='ltr'>εὐθύνεσθαι</span> <span class='ocrx_word' id='word_1_200' title='bbox 1447 1712 1645 1779; x_wconf 87' lang='grc' dir='ltr'>πρέπον.</span> <span class='ocrx_word' id='word_1_201' title='bbox 1703 1714 1871 1765; x_wconf 85' lang='grc' dir='ltr'>οὐκοῦν</span> 
     </span>
     <span class='ocr_line' id='line_1_23' title="bbox 279 1791 1940 1864; baseline 0.002 -22"><span class='ocrx_word' id='word_1_202' title='bbox 279 1791 509 1858; x_wconf 81' lang='grc' dir='ltr'>ἐπάρατος</span> <span class='ocrx_word' id='word_1_203' title='bbox 548 1793 602 1844; x_wconf 88' lang='grc' dir='ltr'>δι’</span> <span class='ocrx_word' id='word_1_204' title='bbox 631 1794 751 1858; x_wconf 81' lang='grc' dir='ltr'>ἡμᾶς</span> <span class='ocrx_word' id='word_1_205' title='bbox 785 1795 809 1844; x_wconf 82' lang='grc' dir='ltr'>ὁ</span> <span class='ocrx_word' id='word_1_206' title='bbox 844 1793 908 1858; x_wconf 87' lang='grc' dir='ltr'>μὴ</span> <span class='ocrx_word' id='word_1_207' title='bbox 949 1794 1078 1848; x_wconf 81' lang='grc' dir='ltr'>εἰδὼς</span> <span class='ocrx_word' id='word_1_208' title='bbox 1117 1795 1364 1861; x_wconf 85' lang='grc' dir='ltr'>ἁμαρτίαν,</span> <span class='ocrx_word' id='word_1_209' title='bbox 1400 1795 1453 1845; x_wconf 86' lang='grc' dir='ltr'>ἵν’</span> <span class='ocrx_word' id='word_1_210' title='bbox 1483 1795 1605 1858; x_wconf 81' lang='grc' dir='ltr'>ἡμᾶς</span> <span class='ocrx_word' id='word_1_211' title='bbox 1644 1794 1869 1864; x_wconf 86' lang='grc' dir='ltr'>ἀπολύσῃ</span> <span class='ocrx_word' id='word_1_212' title='bbox 1891 1816 1940 1840; x_wconf 89' lang='lat'>20</span> 
     </span>
     <span class='ocr_line' id='line_1_24' title="bbox 278 1876 1870 1945; baseline 0.003 -21"><span class='ocrx_word' id='word_1_213' title='bbox 278 1876 360 1938; x_wconf 82' lang='grc' dir='ltr'>τῆς</span> <span class='ocrx_word' id='word_1_214' title='bbox 400 1877 597 1943; x_wconf 83' lang='grc' dir='ltr'>ἀρχαίας</span> <span class='ocrx_word' id='word_1_215' title='bbox 636 1878 764 1942; x_wconf 82' lang='grc' dir='ltr'>ἀρᾶς.</span> <span class='ocrx_word' id='word_1_216' title='bbox 818 1876 1001 1945; x_wconf 77' lang='grc' dir='ltr'>ἐξήρκει</span> <span class='ocrx_word' id='word_1_217' title='bbox 1039 1876 1132 1943; x_wconf 80' lang='grc' dir='ltr'>γὰρ</span> <span class='ocrx_word' id='word_1_218' title='bbox 1166 1881 1306 1927; x_wconf 88' lang='grc' dir='ltr'>τοῦτο</span> <span class='ocrx_word' id='word_1_219' title='bbox 1339 1876 1505 1928; x_wconf 82' lang='grc' dir='ltr'>παθὼν</span> <span class='ocrx_word' id='word_1_220' title='bbox 1532 1876 1646 1944; x_wconf 75' lang='grc' dir='ltr'>ὑπὲρ</span> <span class='ocrx_word' id='word_1_221' title='bbox 1678 1876 1870 1929; x_wconf 83' lang='grc' dir='ltr'>πάντων</span> 
     </span>
    </p>

    <p class='ocr_par' dir='ltr' id='par_1_6' title="bbox 232 1956 1870 2109">
     <span class='ocr_line' id='line_1_25' title="bbox 232 1956 1870 2029; baseline 0.002 -23"><span class='ocrx_word' id='word_1_222' title='bbox 232 1961 259 2001; x_wconf 85' lang='lat' dir='ltr'>d</span> <span class='ocrx_word' id='word_1_223' title='bbox 280 1957 304 2006; x_wconf 88' lang='grc' dir='ltr'><strong>ὁ</strong></span> <span class='ocrx_word' id='word_1_224' title='bbox 333 1956 447 2024; x_wconf 75' lang='grc' dir='ltr'>ὑπὲρ</span> <span class='ocrx_word' id='word_1_225' title='bbox 476 1957 658 2012; x_wconf 77' lang='grc' dir='ltr'>πάντας</span> <span class='ocrx_word' id='word_1_226' title='bbox 686 1958 821 2021; x_wconf 77' lang='grc' dir='ltr'>Θεὸς,</span> <span class='ocrx_word' id='word_1_227' title='bbox 849 1960 924 2009; x_wconf 79' lang='grc' dir='ltr'>καὶ</span> <span class='ocrx_word' id='word_1_228' title='bbox 965 1962 1032 2028; x_wconf 76' lang='grc' dir='ltr'>τῷ</span> <span class='ocrx_word' id='word_1_229' title='bbox 1069 1958 1257 2029; x_wconf 76' lang='grc' dir='ltr'>θανάτῳ</span> <span class='ocrx_word' id='word_1_230' title='bbox 1293 1961 1376 2024; x_wconf 79' lang='grc' dir='ltr'>τῆς</span> <span class='ocrx_word' id='word_1_231' title='bbox 1415 1959 1533 2013; x_wconf 79' lang='grc' dir='ltr'>ἰδίας</span> <span class='ocrx_word' id='word_1_232' title='bbox 1571 1958 1748 2026; x_wconf 82' lang='grc' dir='ltr'>σαρκὸς</span> <span class='ocrx_word' id='word_1_233' title='bbox 1785 1959 1870 2024; x_wconf 87' lang='grc' dir='ltr'>τὴν</span> 
     </span>
     <span class='ocr_line' id='line_1_26' title="bbox 279 2036 1127 2109; baseline 0.005 -21"><span class='ocrx_word' id='word_1_234' title='bbox 279 2036 501 2090; x_wconf 83' lang='grc' dir='ltr'>ἁπάντων</span> <span class='ocrx_word' id='word_1_235' title='bbox 527 2039 770 2107; x_wconf 88' lang='grc' dir='ltr'>λύτρωσιν</span> <span class='ocrx_word' id='word_1_236' title='bbox 796 2040 1127 2109; x_wconf 78' lang='grc' dir='ltr'>ἐξωνούμενος.</span> 
     </span>
    </p>

    <p class='ocr_par' dir='ltr' id='par_1_7' title="bbox 276 2121 1938 2680">
     <span class='ocr_line' id='line_1_27' title="bbox 351 2121 1867 2192; baseline 0.001 -20"><span class='ocrx_word' id='word_1_237' title='bbox 351 2121 696 2188; x_wconf 88' lang='grc' dir='ltr'>Ἐπικομίζεται</span> <span class='ocrx_word' id='word_1_238' title='bbox 733 2123 902 2186; x_wconf 87' lang='grc' dir='ltr'>τοίνυν,</span> <span class='ocrx_word' id='word_1_239' title='bbox 931 2123 985 2173; x_wconf 80' lang='grc' dir='ltr'>οὐ</span> <span class='ocrx_word' id='word_1_240' title='bbox 1022 2122 1106 2174; x_wconf 82' lang='grc' dir='ltr'>τὸν</span> <span class='ocrx_word' id='word_1_241' title='bbox 1144 2123 1270 2192; x_wconf 74' lang='grc' dir='ltr'>αὐτῷ</span> <span class='ocrx_word' id='word_1_242' title='bbox 1309 2122 1551 2189; x_wconf 78' lang='grc' dir='ltr'>πρέποντα</span> <span class='ocrx_word' id='word_1_243' title='bbox 1590 2123 1802 2190; x_wconf 82' lang='grc' dir='ltr'>σταυρὸν</span> <span class='ocrx_word' id='word_1_244' title='bbox 1841 2125 1867 2174; x_wconf 85' lang='grc' dir='ltr'>ὁ</span> 
     </span>
     <span class='ocr_line' id='line_1_28' title="bbox 276 2202 1938 2272; baseline 0.002 -18"><span class='ocrx_word' id='word_1_245' title='bbox 276 2202 503 2269; x_wconf 81' lang='grc' dir='ltr'>Χριστὸς,</span> <span class='ocrx_word' id='word_1_246' title='bbox 530 2205 662 2255; x_wconf 83' lang='grc' dir='ltr'>ἀλλά</span> <span class='ocrx_word' id='word_1_247' title='bbox 693 2203 775 2255; x_wconf 78' lang='grc' dir='ltr'>τὸν</span> <span class='ocrx_word' id='word_1_248' title='bbox 802 2205 910 2268; x_wconf 81' lang='grc' dir='ltr'>ἡμῖν</span> <span class='ocrx_word' id='word_1_249' title='bbox 937 2205 1256 2272; x_wconf 79' lang='grc' dir='ltr'>ἐπηρτημένον</span> <span class='ocrx_word' id='word_1_250' title='bbox 1283 2229 1332 2256; x_wconf 93' lang='grc' dir='ltr'>τε</span> <span class='ocrx_word' id='word_1_251' title='bbox 1358 2208 1433 2256; x_wconf 82' lang='grc' dir='ltr'>καὶ</span> <span class='ocrx_word' id='word_1_252' title='bbox 1460 2205 1864 2272; x_wconf 86' lang='grc' dir='ltr'>χρεωστούμενον,</span> <span class='ocrx_word' id='word_1_253' title='bbox 1890 2224 1938 2262; x_wconf 88' lang='lat'>25</span> 
     </span>
     <span class='ocr_line' id='line_1_29' title="bbox 276 2285 1869 2354; baseline 0.002 -19"><span class='ocrx_word' id='word_1_254' title='bbox 276 2285 394 2336; x_wconf 78' lang='grc' dir='ltr'>ὅσον</span> <span class='ocrx_word' id='word_1_255' title='bbox 420 2286 530 2350; x_wconf 75' lang='grc' dir='ltr'>ἧκεν</span> <span class='ocrx_word' id='word_1_256' title='bbox 557 2290 700 2338; x_wconf 75' lang='grc' dir='ltr'>εἰπεῖν</span> <span class='ocrx_word' id='word_1_257' title='bbox 725 2291 788 2340; x_wconf 79' lang='grc' dir='ltr'>εἷς</span> <span class='ocrx_word' id='word_1_258' title='bbox 826 2286 912 2351; x_wconf 85' lang='grc' dir='ltr'>τὴν</span> <span class='ocrx_word' id='word_1_259' title='bbox 938 2286 1013 2337; x_wconf 80' lang='grc' dir='ltr'>διὰ</span> <span class='ocrx_word' id='word_1_260' title='bbox 1052 2286 1195 2349; x_wconf 86' lang='grc' dir='ltr'>νόμου</span> <span class='ocrx_word' id='word_1_261' title='bbox 1234 2287 1526 2353; x_wconf 87' lang='grc' dir='ltr'>κατάκρισιν.</span> <span class='ocrx_word' id='word_1_262' title='bbox 1580 2286 1745 2353; x_wconf 77' lang='grc' dir='ltr'>ὥσπερ</span> <span class='ocrx_word' id='word_1_263' title='bbox 1776 2287 1869 2354; x_wconf 77' lang='grc' dir='ltr'>γὰρ</span> 
     </span>
     <span class='ocr_line' id='line_1_30' title="bbox 276 2368 1868 2435; baseline 0.002 -18"><span class='ocrx_word' id='word_1_264' title='bbox 276 2368 469 2432; x_wconf 86' lang='grc' dir='ltr'>γέγονεν</span> <span class='ocrx_word' id='word_1_265' title='bbox 507 2369 555 2418; x_wconf 90' lang='grc' dir='ltr'>ἐν</span> <span class='ocrx_word' id='word_1_266' title='bbox 594 2374 783 2435; x_wconf 82' lang='grc' dir='ltr'>νεκροῖς,</span> <span class='ocrx_word' id='word_1_267' title='bbox 819 2370 872 2419; x_wconf 81' lang='grc' dir='ltr'>οὐ</span> <span class='ocrx_word' id='word_1_268' title='bbox 909 2370 963 2419; x_wconf 83' lang='grc' dir='ltr'>δι’</span> <span class='ocrx_word' id='word_1_269' title='bbox 1007 2368 1184 2432; x_wconf 77' lang='grc' dir='ltr'>ἑαυτὸν,</span> <span class='ocrx_word' id='word_1_270' title='bbox 1224 2368 1355 2419; x_wconf 80' lang='grc' dir='ltr'>ἀλλὰ</span> <span class='ocrx_word' id='word_1_271' title='bbox 1397 2369 1451 2419; x_wconf 86' lang='grc' dir='ltr'>δι’</span> <span class='ocrx_word' id='word_1_272' title='bbox 1488 2369 1630 2433; x_wconf 80' lang='grc' dir='ltr'>ἡμᾶς,</span> <span class='ocrx_word' id='word_1_273' title='bbox 1669 2369 1723 2419; x_wconf 80' lang='grc' dir='ltr'>ἵν’</span> <span class='ocrx_word' id='word_1_274' title='bbox 1760 2369 1868 2433; x_wconf 81' lang='grc' dir='ltr'>ἡμῖν</span> 
     </span>
     <span class='ocr_line' id='line_1_31' title="bbox 276 2449 1867 2518; baseline 0.003 -20"><span class='ocrx_word' id='word_1_275' title='bbox 276 2449 485 2516; x_wconf 81' lang='grc' dir='ltr'>ἀρχηγὸς</span> <span class='ocrx_word' id='word_1_276' title='bbox 524 2453 606 2513; x_wconf 78' lang='grc' dir='ltr'>τῆς</span> <span class='ocrx_word' id='word_1_277' title='bbox 640 2454 702 2504; x_wconf 81' lang='grc' dir='ltr'>εἷς</span> <span class='ocrx_word' id='word_1_278' title='bbox 740 2455 886 2501; x_wconf 76' lang='grc' dir='ltr'>αἰῶνα</span> <span class='ocrx_word' id='word_1_279' title='bbox 925 2450 1040 2516; x_wconf 84' lang='grc' dir='ltr'>ζωῆς</span> <span class='ocrx_word' id='word_1_280' title='bbox 1073 2452 1252 2518; x_wconf 84' lang='grc' dir='ltr'>εὑρεθῇ,</span> <span class='ocrx_word' id='word_1_281' title='bbox 1292 2449 1571 2504; x_wconf 85' lang='grc' dir='ltr'>καταλύσας</span> <span class='ocrx_word' id='word_1_282' title='bbox 1608 2451 1663 2501; x_wconf 82' lang='grc' dir='ltr'>δι’</span> <span class='ocrx_word' id='word_1_283' title='bbox 1701 2452 1867 2502; x_wconf 89' lang='grc' dir='ltr'>ἑαυτοῦ</span> 
     </span>
     <span class='ocr_line' id='line_1_32' title="bbox 276 2530 1867 2600; baseline 0.003 -20"><span class='ocrx_word' id='word_1_284' title='bbox 276 2537 358 2581; x_wconf 84' lang='grc' dir='ltr'>τοῦ</span> <span class='ocrx_word' id='word_1_285' title='bbox 386 2530 589 2582; x_wconf 88' lang='grc' dir='ltr'>θανάτου</span> <span class='ocrx_word' id='word_1_286' title='bbox 615 2531 669 2582; x_wconf 85' lang='grc' dir='ltr'>τὸ</span> <span class='ocrx_word' id='word_1_287' title='bbox 696 2531 878 2597; x_wconf 87' lang='grc' dir='ltr'>κράτος,</span> <span class='ocrx_word' id='word_1_288' title='bbox 906 2533 1026 2583; x_wconf 79' lang='grc' dir='ltr'>οὕτω</span> <span class='ocrx_word' id='word_1_289' title='bbox 1053 2535 1129 2583; x_wconf 81' lang='grc' dir='ltr'>καὶ</span> <span class='ocrx_word' id='word_1_290' title='bbox 1154 2532 1236 2583; x_wconf 82' lang='grc' dir='ltr'>τὸν</span> <span class='ocrx_word' id='word_1_291' title='bbox 1256 2533 1364 2596; x_wconf 82' lang='grc' dir='ltr'>ἡμῖν</span> <span class='ocrx_word' id='word_1_292' title='bbox 1391 2532 1631 2596; x_wconf 88' lang='grc' dir='ltr'>πρέποντα</span> <span class='ocrx_word' id='word_1_293' title='bbox 1658 2533 1867 2600; x_wconf 77' lang='grc' dir='ltr'>σταυρὸν</span> 
     </span>
     <span class='ocr_line' id='line_1_33' title="bbox 276 2612 1936 2680; baseline 0.002 -17"><span class='ocrx_word' id='word_1_294' title='bbox 276 2616 337 2666; x_wconf 82' lang='grc' dir='ltr'>εἷς</span> <span class='ocrx_word' id='word_1_295' title='bbox 376 2613 541 2664; x_wconf 85' lang='grc' dir='ltr'>ἑαυτὸν</span> <span class='ocrx_word' id='word_1_296' title='bbox 580 2614 922 2676; x_wconf 80' lang='grc' dir='ltr'>ἀναλαμβάνει,</span> <span class='ocrx_word' id='word_1_297' title='bbox 964 2613 1050 2678; x_wconf 89' lang='grc' dir='ltr'>τὴν</span> <span class='ocrx_word' id='word_1_298' title='bbox 1091 2615 1139 2665; x_wconf 85' lang='grc' dir='ltr'>ἐκ</span> <span class='ocrx_word' id='word_1_299' title='bbox 1185 2619 1267 2664; x_wconf 92' lang='grc' dir='ltr'>τοῦ</span> <span class='ocrx_word' id='word_1_300' title='bbox 1308 2612 1453 2677; x_wconf 86' lang='grc' dir='ltr'>νόμου</span> <span class='ocrx_word' id='word_1_301' title='bbox 1498 2614 1776 2680; x_wconf 74' lang='grc' dir='ltr'>κατάκρισιν</span> <span class='ocrx_word' id='word_1_302' title='bbox 1817 2617 1866 2666; x_wconf 87' lang='grc' dir='ltr'>ἐν</span> <span class='ocrx_word' id='word_1_303' title='bbox 1885 2635 1936 2671; x_wconf 85' lang='grc'>30</span> 
     </span>
    </p>
   </div>
   <div class='ocr_carea' id='block_1_5' title="bbox 50 2694 1864 2791">
    <p class='ocr_par' dir='ltr' id='par_1_8' title="bbox 50 2694 1864 2791">
     <span class='ocr_line' id='line_1_34' title="bbox 54 2694 1864 2764; baseline 0.001 -19"><span class='ocrx_word' id='word_1_304' title='bbox 54 2709 105 2738; x_wconf 64' lang='lat' dir='ltr'>Ps.</span> <span class='ocrx_word' id='word_1_305' title='bbox 126 2708 188 2740; x_wconf 82' lang='lat' dir='ltr'><strong>evi·</strong></span> <span class='ocrx_word' id='word_1_306' title='bbox 236 2722 257 2746; x_wconf 75' lang='lat' dir='ltr'>e</span> <span class='ocrx_word' id='word_1_307' title='bbox 277 2697 425 2764; x_wconf 70' lang='grc' dir='ltr'>ἑαυτῷ</span> <span class='ocrx_word' id='word_1_308' title='bbox 451 2696 754 2760; x_wconf 86' lang='grc' dir='ltr'>κατακρίνων,</span> <span class='ocrx_word' id='word_1_309' title='bbox 780 2695 855 2745; x_wconf 81' lang='grc' dir='ltr'>ἵνα</span> <span class='ocrx_word' id='word_1_310' title='bbox 880 2699 1017 2746; x_wconf 80' lang='grc' dir='ltr'>πᾶσα</span> <span class='ocrx_word' id='word_1_311' title='bbox 1052 2694 1220 2746; x_wconf 84' lang='grc' dir='ltr'>λοιπὸν</span> <span class='ocrx_word' id='word_1_312' title='bbox 1247 2696 1416 2758; x_wconf 87' lang='grc' dir='ltr'>ἀνομία</span> <span class='ocrx_word' id='word_1_313' title='bbox 1451 2695 1673 2764; x_wconf 74' lang='grc' dir='ltr'>ἐμφράξῃ</span> <span class='ocrx_word' id='word_1_314' title='bbox 1703 2694 1864 2759; x_wconf 86' lang='grc' dir='ltr'>στόμα</span> 
     </span>
     <span class='ocr_line' id='line_1_35' title="bbox 50 2761 104 2791; baseline 0.019 -9"><span class='ocrx_word' id='word_1_315' title='bbox 50 2761 104 2791; x_wconf 75' lang='lat'>42.</span> 
     </span>
    </p>
   </div>
   <div class='ocr_carea' id='block_1_6' title="bbox 281 2889 1861 2983">
    <p class='ocr_par' dir='ltr' id='par_1_9' title="bbox 281 2889 1861 2983">
     <span class='ocr_line' id='line_1_36' title="bbox 323 2889 1861 2935; baseline 0 -11"><span class='ocrx_word' id='word_1_316' title='bbox 323 2892 354 2925; x_wconf 81' lang='grc'>6.</span> <span class='ocrx_word' id='word_1_317' title='bbox 383 2892 562 2935; x_wconf 73' lang='grc' dir='ltr'>ε’πωμὶδιον</span> <span class='ocrx_word' id='word_1_318' title='bbox 580 2904 609 2926; x_wconf 81' lang='lat' dir='ltr'>a.</span> <span class='ocrx_word' id='word_1_319' title='bbox 703 2891 978 2935; x_wconf 77' lang='grc' dir='ltr'>κατακεκριμένον</span> <span class='ocrx_word' id='word_1_320' title='bbox 998 2890 1131 2933; x_wconf 67' lang='lat' dir='ltr'>Migne.</span> <span class='ocrx_word' id='word_1_321' title='bbox 1357 2902 1407 2924; x_wconf 85' lang='lat'>11.</span> <span class='ocrx_word' id='word_1_322' title='bbox 1435 2889 1542 2932; x_wconf 76' lang='grc' dir='ltr'>ξύλου</span> <span class='ocrx_word' id='word_1_323' title='bbox 1562 2890 1602 2923; x_wconf 85' lang='grc' dir='ltr'>Ε.</span> <span class='ocrx_word' id='word_1_324' title='bbox 1622 2902 1651 2923; x_wconf 80' lang='lat' dir='ltr'>a.</span> <span class='ocrx_word' id='word_1_325' title='bbox 1671 2889 1776 2932; x_wconf 79' lang='grc' dir='ltr'>ξύλον</span> <span class='ocrx_word' id='word_1_326' title='bbox 1795 2890 1861 2924; x_wconf 87' lang='lat' dir='ltr'>Ed.</span> 
     </span>
     <span class='ocr_line' id='line_1_37' title="bbox 281 2935 1722 2983; baseline -0.001 -11"><span class='ocrx_word' id='word_1_327' title='bbox 281 2950 332 2981; x_wconf 76' lang='lat'>14.</span> <span class='ocrx_word' id='word_1_328' title='bbox 360 2954 393 2972; x_wconf 86' lang='grc' dir='ltr'>τε</span> <span class='ocrx_word' id='word_1_329' title='bbox 413 2946 634 2983; x_wconf 71' lang='lat' dir='ltr'>assumptum</span> <span class='ocrx_word' id='word_1_330' title='bbox 654 2951 695 2972; x_wconf 78' lang='lat' dir='ltr'>ex</span> <span class='ocrx_word' id='word_1_331' title='bbox 716 2939 755 2973; x_wconf 71' lang='lat' dir='ltr'>E.</span> <span class='ocrx_word' id='word_1_332' title='bbox 901 2950 954 2971; x_wconf 83' lang='lat'>20.</span> <span class='ocrx_word' id='word_1_333' title='bbox 982 2936 1019 2971; x_wconf 82' lang='grc' dir='ltr'>ἵν’</span> <span class='ocrx_word' id='word_1_334' title='bbox 1042 2938 1081 2971; x_wconf 78' lang='grc' dir='ltr'>Ε.</span> <span class='ocrx_word' id='word_1_335' title='bbox 1102 2936 1154 2971; x_wconf 76' lang='grc' dir='ltr'>ἵνα</span> <span class='ocrx_word' id='word_1_336' title='bbox 1175 2936 1237 2970; x_wconf 81' lang='lat' dir='ltr'>Ed.</span> <span class='ocrx_word' id='word_1_337' title='bbox 1385 2948 1439 2980; x_wconf 85' lang='lat'>27.</span> <span class='ocrx_word' id='word_1_338' title='bbox 1466 2935 1505 2970; x_wconf 81' lang='grc' dir='ltr'>ἵν’</span> <span class='ocrx_word' id='word_1_339' title='bbox 1528 2937 1566 2970; x_wconf 76' lang='grc' dir='ltr'>Ε.</span> <span class='ocrx_word' id='word_1_340' title='bbox 1585 2935 1636 2971; x_wconf 88' lang='grc' dir='ltr'>ἵνα</span> <span class='ocrx_word' id='word_1_341' title='bbox 1656 2936 1722 2970; x_wconf 84' lang='lat' dir='ltr'>Ed.</span> 
     </span>
    </p>
   </div>
  </div>
 </body>
</html>
