1971 3267
250 104 278 141 11·
654 102 704 143 B.
739 102 1015 143 CYRILLI
1058 103 1441 144 ALEXANDR.
1570 103 1669 144 xvii.
1690 112 1838 154 22,23.

253 209 375 274 ἡμᾶς
418 232 468 261 τε
513 213 588 262 καὶ
632 211 688 280 ἐξ
730 212 874 275 ἡμῶν,
918 212 1149 274 τουτέστι,
1193 212 1424 278 Χριστὸν,
1470 214 1545 263 καὶ
1589 215 1672 276 τῆς
1718 211 1839 262 οὔτω

216 292 468 358 θμεγάλης
507 293 719 362 ἀξιώσας
756 293 957 360 ἀγάπης·
1010 295 1172 361 γέγονε
1211 294 1259 345 δὲ
1297 295 1406 358 ἡμῖν
1433 295 1457 344 ὁ
1489 292 1636 359 λόγος
1676 295 1737 347 ὡς
1769 293 1837 343 ἐπ’

255 374 507 440 ἀνθρώπου
538 374 701 426 πάλιν·
756 378 832 427 καὶ
871 377 981 440 ἡμῖν
1007 378 1133 444 ἐφεὶς
1167 375 1221 427 τὸ
1260 377 1427 444 ἐξεῖναι
1465 375 1633 427 τούτου
1671 380 1839 442 τυχεῖν,

251 461 354 510 πῶς
392 458 475 507 οὐκ
510 459 557 508 ἐν
584 457 675 527 ἴσῳ
706 458 862 528 με’τρῳ
897 457 980 509 τὸν
1005 461 1088 522 τῆς
1127 458 1315 524 ἀγάπης
1354 456 1611 522 ἐποιήσατο
1650 455 1834 522 λόγον;

252 541 329 590 καὶ
368 540 627 606 θορυβείτω
667 546 805 591 τοῦτο
837 545 932 591 τῶν
968 539 1339 608 νουνεχεστέρων
1372 539 1558 605 μηδένα.
1598 539 1881 606 πρόδηλον5

252 621 336 685 μὲν
379 620 473 688 γὰρ
519 624 595 672 καὶ
640 622 981 691 ἀναμφιλόγως
1024 622 1145 690 ἕχον,
1192 624 1255 676 ὡς
1305 620 1403 672 κατ’
1450 621 1614 672 οὐδένα
1664 619 1841 687 τρόπον

253 702 578 770 φιλονεικήσει
618 703 732 756 ποτὲ
770 708 836 773 τῷ
878 705 977 774 ἰδίῳ
1005 703 1237 771 Δεσπότῃ
1270 701 1325 754 τὸ
1357 706 1543 754 δοῦλον·
1597 704 1707 754 ἀλλ’
1737 701 1841 753 οὐδὲ

252 787 302 836 ἐν
327 786 419 855 ἰ’σῳ
453 789 608 855 με’τρῳ
635 791 730 840 τοῖς
756 785 991 851 ποιήμασι
1017 785 1100 836 τὸν
1127 785 1244 836 ἰ’διον
1270 785 1388 836 Υὶὸν
1414 784 1705 851 ἀγαπήσειεν
1731 782 1789 834 ἂν
1815 785 1841 835 ὁ

256 866 377 922 Θεὸς
398 870 473 919 καὶ
493 867 676 936 Πατήρ.
720 867 851 932 πλὴν
877 870 1021 919 ἐκεῖνο
1048 868 1368 930 διασκεπτέον,
1391 867 1461 918 ὅτι
1481 867 1562 918 τὸν
1582 868 1639 937 ἐξ
1662 867 1842 919 αἰώνων

253 950 579 1016 ἀγαπώμενον,
625 953 687 1004 ὡς
728 950 880 1018 ἀρχὴν
923 950 1092 1018 ἔχοντα
1136 956 1219 1001 τοῦ
1263 952 1542 1016 ἀγαπᾶσθαι
1586 949 1840 1014 βλέπομεν,
1864 979 1912 1004 10

26 1039 236 1076 1003A·a
255 1032 330 1084 ὅτε
368 1031 556 1098 γε’γονεν
591 1033 852 1100 ἅνθρωπος.
907 1035 1075 1085 οὐκοῦν
1101 1033 1217 1099 ὅπερ
1245 1031 1339 1102 εἶχε
1371 1032 1552 1095 λαβὼν,
1578 1034 1665 1100 οὐχ
1691 1034 1841 1103 ἑαυτῷ

252 1114 405 1179 δήπου
444 1114 626 1179 λαβὼν,
653 1117 764 1166 ἀλλ’
794 1116 903 1180 ἡμῖν
938 1118 1013 1167 καὶ
1053 1121 1192 1167 τοῦτο
1232 1116 1490 1166 ἁλώσεται.
1546 1114 1710 1182 ὥσπερ
1747 1115 1842 1183 γὰρ

251 1198 424 1258 ἀνεβίω
462 1196 516 1248 τὸ
550 1203 633 1249 τοῦ
669 1198 875 1249 θανάτου
914 1197 1192 1252 καταλύσας
1230 1196 1412 1265 κράτος,
1442 1199 1528 1265 οὐχ
1568 1198 1716 1268 ἑαυτῷ
1756 1198 1843 1262 τὴν

251 1278 524 1330 ἀνάστασιν
559 1285 815 1346 κατορθῶν,
844 1279 873 1348 ᾗ
903 1280 1060 1346 Λόγος
1098 1281 1201 1331 ἐστὶ
1237 1282 1313 1330 καὶ
1340 1279 1479 1342 Θεὸς,
1510 1281 1619 1330 ἀλλ’
1648 1281 1758 1344 ἡμῖν
1783 1280 1840 1331 δι’

250 1364 418 1413 ἑαυτοῦ
454 1363 529 1413 καὶ
564 1364 613 1413 ἐν
639 1363 788 1432 ἑαυτῷ
819 1368 958 1413 τοῦτο
991 1363 1163 1415 διδούς·
1216 1362 1307 1426 ὅλη
1333 1362 1427 1429 γὰρ
1452 1361 1510 1426 ἧν
1537 1363 1564 1426 ἡ
1591 1362 1842 1429 ἀνθρώπου
1865 1388 1911 1426 15

251 1443 400 1513 φύσις
449 1446 498 1495 ἐν
548 1447 771 1515 Χριστῷ,
824 1449 920 1496 τῶν
971 1444 1176 1496 θανάτου
1231 1444 1580 1512 κατορχουμένη
1631 1447 1839 1508 δεσμῶν·

250 1528 399 1580 οὕτως
443 1527 530 1594 οὐχ
580 1528 730 1597 ἑαυτῷ
778 1526 865 1591 τὴν
907 1526 1038 1593 παρὰ
1079 1525 1271 1593 Πατρὸς
1322 1526 1514 1593 ἀγάπην
1558 1526 1843 1592 νοηθήσεται

252 1608 437 1670 λαβών·
492 1607 550 1673 ἦν
575 1609 661 1673 μὲν
685 1608 778 1675 γὰρ
804 1611 873 1660 ἀεὶ
905 1611 981 1660 καὶ
1015 1608 1091 1660 διὰ
1123 1608 1302 1663 παντὸς
1333 1609 1594 1674 ἀγαπητός·
1645 1609 1756 1660 ἀλλ’
1785 1609 1839 1660 ἵν’

205 1691 362 1755 ὒὴμῖν
391 1690 667 1760 προξενήσῃ
706 1690 792 1756 τὴν
829 1690 960 1756 παρὰ
988 1690 1180 1758 Πατρὸς
1219 1691 1423 1758 ἀγάπην,
1449 1692 1629 1759 δέχεται
1667 1691 1842 1757 ταύτην

250 1774 360 1839 παρ’
403 1774 547 1824 αὐτοῦ
587 1775 662 1824 καὶ
701 1773 778 1824 ὅτε
816 1774 1011 1840 γέγονεν
1051 1774 1316 1840 ἅνθρωπος.
1389 1773 1552 1840 ὥσπερ
1591 1775 1672 1825 οὖν
1710 1774 1836 1838 σύμ·
1863 1801 1912 1826 20

250 1859 427 1923 μορφοι
463 1858 546 1920 τῆς
585 1878 635 1906 τε
674 1855 986 1910 ἀναστάσεως
1027 1857 1170 1907 αὐτοῦ
1208 1859 1284 1907 καὶ
1322 1859 1405 1920 τῆς
1443 1854 1586 1925 δόξης
1623 1855 1841 1921 ἐσόμεθα,

250 1937 513 2003 γεγόναμέν
550 1961 600 1989 τε
638 1938 741 2002 ἤδη,
781 1938 993 2004 καθάπερ
1034 1940 1083 1989 ἐν
1121 1940 1314 2006 ἀπαρχῇ
1354 1944 1438 1989 τοῦ
1480 1939 1642 2003 γε’νους
1683 1941 1758 1990 καὶ
1793 1941 1843 1990 ἐν

250 2019 425 2089 πρώτῳ
446 2022 661 2090 Χριστῷ,
684 2022 806 2072 οὕτω
833 2022 909 2071 καὶ
936 2023 1019 2085 τῆς
1046 2019 1234 2086 ἀγάπης
1261 2023 1397 2072 οἱονεὶ
1424 2020 1510 2085 τὴν
1529 2021 1842 2090 συμμορφίαν

250 2101 535 2169 ἐσχήκαμεν,
584 2108 978 2170 παραχωροῦντες
1028 2102 1113 2166 μὲν
1161 2103 1216 2155 τὸ
1268 2108 1399 2154 νικᾶν
1439 2106 1502 2156 εἷς
1545 2103 1731 2154 ἅπαντα
1775 2104 1841 2171 τῷ

253 2188 534 2250 Μονογενεῖ·
589 2184 675 2250 τὴν
702 2185 749 2236 δὲ
787 2188 871 2250 τῆς
910 2185 1035 2239 θείας
1074 2186 1266 2253 φύσεως
1306 2187 1354 2236 ἐν
1387 2190 1483 2239 τοῖς
1517 2186 1623 2236 καθ’
1652 2184 1840 2239 ἑαυτοὺς
1861 2208 1910 2247 25

252 2266 543 2333 ἀσύγκριτον
583 2267 848 2334 ἡμερότητα
887 2268 1073 2322 δικαίως
1112 2266 1439 2333 θαυμάζοντες,
1479 2269 1541 2321 ὡς
1589 2272 1686 2320 τοῖς
1727 2267 1837 2333 παρ’

211 2349 395 2399 θαύτοῦ
439 2349 666 2415 γεγονόσι
706 2348 1014 2417 χαριζομένην
1051 2349 1112 2400 τὰ
1156 2352 1320 2413 ἑαυτῆς
1363 2351 1435 2400 καὶ
1481 2349 1840 2414 κοινοποιούσης

251 2435 346 2485 τοῖς
374 2432 646 2495 κτίσμασιν,
673 2432 793 2498 ἅπερ
819 2433 937 2500 αὐτῇ
963 2431 1195 2498 προσήκει
1221 2433 1297 2483 καὶ
1322 2430 1459 2500 μόνῃ.

304 2602 427 2639 13-17.
453 2595 486 2628 A
503 2594 563 2638 τὴν
580 2594 623 2628 ad
641 2594 701 2639 τὴν
717 2595 869 2629 transilit
887 2594 929 2629 E
948 2595 1074 2639 partim
1092 2594 1232 2629 exhibet
1252 2594 1358 2629 Cord.
1617 2607 1669 2637 14.
1696 2595 1732 2629 ἐν
1748 2595 1837 2642 αὐτῷ

252 2655 306 2675 και
324 2640 364 2674 δι’
382 2642 501 2675 ἑαυτου
522 2641 629 2676 Cord.
1002 2643 1056 2676 18.
1082 2642 1143 2683 μὲν
1161 2650 1385 2688 assumptum
1404 2653 1446 2676 ex
1466 2642 1508 2676 E.
1581 2640 1620 2676 ι”ν
1641 2640 1713 2676 Ε.“
1699 2657 1751 2676 ινα
1770 2631 1838 2676 Ed.

257 2700 309 2733 19.
336 2687 484 2733 ἀγάπην]
509 2692 546 2729 -Ι-
567 2687 768 2732 νοηθήσεται
784 2690 902 2729 λαβὼν
921 2688 955 2733 (e
972 2701 1012 2723 Su
1016 2688 1093 2734 pra)
1113 2689 1155 2724 E.
1417 2701 1472 2731 24.
1499 2689 1690 2733 ἐσχήκαμεν
1706 2700 1776 2723 Om-
1795 2689 1838 2723 E.

254 2744 308 2816 2}
334 2734 604 2779 χαριζομενην]”
582 2750 639 2816 ἑσ.
657 2737 877 2781 χαριζομενης
895 2735 960 2770 Ed.
981 2748 1053 2782 mg.
1071 2736 1293 2781 χαριζομένην
1310 2741 1401 2771 recte
1419 2736 1559 2771 exhibet
1579 2735 1616 2771 F.
1677 2735 1776 2779 αὐτῆς
1796 2735 1837 2769 Ε.

253 2792 271 2815 2
337 2783 394 2825 τῆς
411 2793 474 2827 pro
491 2784 562 2818 τοῖς
