2012 3272
86 141 241 182 xx.17.
322 132 397 172 IN
440 133 482 174 S.
514 133 854 174 JOANNEM.
920 134 1045 174 LIB.
1080 134 1182 175 XII.
1247 134 1383 176 CAP.
1418 136 1452 176 Ι.
1596 136 1673 175 121

85 242 161 290 καὶ
211 242 352 305 αὐτῆς
403 246 484 306 τῆς
534 246 649 309 ἀρᾶς
698 245 770 310 ἐφ’
816 241 843 311 ᾗ
897 247 1153 294 λυπεῖσθαι
1198 245 1540 310 προστέτακτο,
1583 248 1677 293 τῶν

84 321 306 387 μεγάλων
343 326 536 390 ἀγαθῶν
581 324 757 376 κελεύει
801 325 1023 391 γενέσθαι
1067 325 1431 392 πρωτάγγελον,
1475 328 1550 376 καὶ
1591 325 1676 389 τὴν

83 403 203 469 πρὸς
246 404 300 456 τὸ
347 407 443 458 ὁίνω
493 407 688 468 βάδισιν
732 407 1118 474 εὐαγγελίζεσθαι
1169 413 1266 461 τοῖς
1317 411 1565 471 μαθηταῖς·
1619 407 1675 457 ἵν’

84 483 249 554 ὥσπερ
299 488 326 552 ἡ
375 490 540 556 πρώτη
595 492 669 541 καὶ
720 494 894 541 πασῶν
943 488 1232 557 ἀρχαιοτάτη
1278 488 1396 555 γυνὴ
1445 494 1544 543 ταῖς
1594 494 1678 540 τοῦ

41 578 63 616 5
85 568 314 630 διαβόλου
356 576 534 640 φωναῖς
580 571 932 639 ὑπουργήσασα
980 572 1241 639 κατεκρίθη,
1287 574 1365 622 καὶ
1406 573 1460 623 δι’
1506 572 1678 635 ἐκείνης

84 650 283 715 σύμπαν
301 654 363 705 ’τὸ
391 659 592 719 θηλειῶν
618 655 767 720 γε’νος,
793 656 914 705 οὕτω
951 656 1027 705 καὶ
1062 653 1178 718 αὐτὴ
1215 659 1311 709 τοῖς
1345 660 1429 705 τοῦ
1457 657 1678 720 Σωτῆρος

84 734 216 798 ἡμῶν
244 736 587 803 ὑπηρετήσασα
611 736 790 804 λόγοις,
820 739 894 788 καὶ
929 736 988 788 τὰ
1023 740 1085 790 εἰς
1122 735 1242 803 ζωὴν
1269 736 1563 805 ἀναφεροντα
1591 736 1678 800 τὴν

84 816 270 868 αἰώνιον
295 820 651 885 ἀπαγγείλασα,
677 821 875 884 σύμπαν
901 822 983 884 τῆς
1010 819 1159 872 αἰτίας
1192 819 1246 869 τὸ
1283 823 1485 882 θηλειῶν
1511 820 1670 869 άπαλ-
1695 837 1717 863 <3

84 897 211 968 λάξῃ
250 901 398 967 γε’νος.
454 901 688 971 χαρίζεται
728 902 884 953 τοίνυν
920 906 979 970 τῇ
1021 899 1224 967 Μαριὰμ
1262 900 1382 966 πρὸς
1421 899 1475 951 τὸ
1515 900 1678 964 μηκέτι

17 1002 64 1027 10
85 982 264 1033 κλαίειν
290 983 406 1047 μηδὲ
437 988 500 1038 εἶς
533 984 687 1039 λύπας
719 985 917 1035 εὔκολον
942 982 1029 1047 τὴν
1056 983 1250 1049 καρδίαν
1277 983 1398 1051 ἔχειν
1426 983 1450 1033 ὁ
1478 983 1672 1049 Κύριος,

85 1065 160 1114 καὶ
200 1064 254 1116 τὸ
294 1067 489 1132 ὡραίους
527 1071 783 1132 κεκτῆσθαι
822 1065 929 1120 τοῦς
966 1064 1130 1119 πόδας.
1184 1064 1304 1116 κατὰ
1342 1064 1437 1132 γὰρ
1476 1063 1561 1129 τὴν
1593 1070 1677 1115 τοῦ

84 1147 334 1216 προφήτου
362 1149 525 1217 φωνήν
549 1156 576 1178 “
594 1151 679 1204 εΩς
707 1152 866 1215 ὡραῖοι
892 1151 934 1199 οἱ
959 1146 1098 1201 πόδες
1130 1151 1225 1197 τῶν
1251 1145 1677 1214 εὐαγγελιζομένων
1739 1158 1835 1189 Rom.
1854 1169 1886 1189 x-

86 1235 113 1259 “
139 1228 197 1281 τὰ
224 1231 426 1297 ἀγαθά·”
469 1232 618 1283 καίτοι
652 1234 736 1296 τῆς
765 1230 956 1298 πρώτης
991 1230 1162 1294 ἐκείνης
1194 1230 1281 1297 οὐχ
1317 1230 1514 1296 ὡραίους
1539 1228 1673 1296 ἐχού-
1741 1210 1898 1286 ἓξὲθιῇη.

86 1334 178 1377 σης
215 1313 323 1368 τοῦς
360 1314 522 1377 πόδας,
563 1315 615 1364 οὐ
656 1312 749 1379 γάρ
790 1336 835 1363 τι
877 1317 971 1362 τῶν
1010 1313 1204 1377 ἀγαθῶν
1243 1311 1581 1377 εὐηγγελίζετο,
1620 1309 1680 1361 τὰ

18 1409 64 1447 15
86 1393 204 1462 πρὸς
238 1396 518 1464 παράβασιν
543 1399 625 1460 τῆς
664 1395 789 1448 θείας
828 1396 1022 1458 ἐντολῆς
1058 1395 1125 1463 τῷ
1158 1392 1426 1460 προπάτορι
1462 1398 1679 1457 συμβου-

90 1478 327 1530 λεύσασα.
387 1478 458 1530 ὅτι
497 1477 546 1530 δὲ
584 1477 878 1547 άξιάγαστος
917 1476 944 1540 ἡ
986 1475 1206 1542 Μαριὰμ,
1245 1476 1493 1526 κάντεῦθεν
1531 1473 1678 1538 συνή-

88 1579 205 1614 σεις·
253 1560 438 1626 μνήμης
477 1560 570 1627 γὰρ
615 1559 794 1628 ἠξιώθη
839 1560 1152 1627 προφητικῆς.
1220 1555 1268 1607 τί
1305 1555 1398 1623 γὰρ
1443 1556 1534 1625 ἔφη
1574 1556 1725 1622 περὶᾶ

88 1643 229 1707 αὐτῆς
275 1644 350 1694 καὶ
402 1647 496 1694 τῶν
536 1642 628 1694 σὺν
667 1643 784 1709 αὐτῇ
825 1644 1072 1707 γυναικῶν,
1113 1638 1160 1690 αἳ
1202 1638 1289 1703 τὴν
1329 1643 1412 1688 τοῦ
1458 1641 1680 1704 Σωτῆρος

88 1725 357 1777 ἀνάστασιν
387 1731 483 1780 τοῖς
522 1725 670 1791 ἁγίοις
708 1721 1067 1789 εὐηγγελίζοντο
1102 1725 1364 1786 μαθηταῖς;
1407 1726 1434 1749 “
1455 1724 1679 1774 Γυναῖκες
1740 1727 1902 1801 Εῗ-ΧΧνίἰ·

16 1814 116 1850 20“
143 1807 387 1876 ἐρχόμεναι
436 1808 530 1860 ἀπὸ
583 1806 690 1861 θεάς
742 1810 887 1857 δεῦτε·
957 1805 1011 1856 οὐ
1062 1803 1156 1871 γὰρ
1207 1801 1324 1857 λαός
1374 1804 1506 1854 ἐστιν
1557 1802 1678 1869 ἔχων
1744 1781 1792 1802 1·

89 1897 116 1920 “
141 1891 376 1945 σύνεσιν.”
436 1890 520 1945 τὰς
564 1889 648 1954 μὲν
693 1888 785 1955 γὰρ
838 1888 1183 1955 φιλοχρίστους
1234 1888 1425 1950 ἀληθῶς
1475 1886 1679 1935 ταυτασὶ

87 1979 326 2040 γυναῖκας,
355 1974 605 2040 μονονουχὶ
645 1973 720 2022 καὶ
759 1969 964 2040 ὀξυτέρῳ
1000 1969 1232 2038 φέρεσθαι
1272 1966 1430 2037 δρόμῳ
1468 1966 1522 2018 τὸ
1555 1970 1679 2017 θεῖον

87 2058 136 2108 ἐν
179 2056 360 2111 τούτοις
412 2054 722 2108 διακελεύεται
770 2052 950 2119 λόγιον,
995 2052 1050 2103 ἵν’
1099 2050 1164 2101 ῶν
1209 2049 1438 2116 γεγόνασι
1489 2052 1673 2115 θεωροὶ,

87 2146 235 2191 ταῦτα
292 2141 367 2190 καὶ
422 2138 776 2204 ἀπαγγείλειαν·
856 2132 1148 2199 καταδικάζει
1205 2133 1253 2184 δὲ
1310 2135 1393 2196 τῆς
1439 2131 1679 2183 Ἰουδαίων

19 2240 68 2280 25
88 2221 357 2285 ἀσυνεσίας,
385 2220 466 2272 ἅτε
501 2219 558 2283 δὴ
599 2221 674 2270 καὶ
714 2216 854 2269 αὐτὸν
880 2216 963 2268 τὸν
989 2219 1095 2282 περὶ
1130 2218 1213 2280 τῆς
1248 2212 1560 2266 ἀναστάσεως
1594 2217 1717 2264 τοῦθ

89 2307 311 2371 Σωτῆρος
337 2304 469 2368 ἡμῶν
495 2306 712 2368 Χριστοῦ
738 2298 1067 2365 διαγελώντων
1095 2296 1260 2363 λόγον.

165 2391 224 2438 Εἰ
259 2385 308 2437 δὲ
345 2387 419 2436 καὶ
453 2384 620 2451 ἑτέρων
647 2384 804 2434 οὐσῶν
829 2385 1078 2448 γυναικῶν*
1130 2383 1258 2430 δοκεῖ
1290 2377 1384 2445 γὰρ
1426 2379 1501 2428 καὶ
1540 2382 1678 2428 τοῦτο

89 2474 185 2523 τοῖς
221 2468 390 2535 ἑτέροις
427 2468 803 2533 εῦαγγελισταῖς·
845 2465 870 2515 ὁ
895 2462 1051 2532 σοφὸς
1077 2460 1299 2525 Ἰωάννης
1335 2458 1480 2525 μόνης
1515 2457 1676 2522 ἐποιή-

89 2575 213 2603 σατο
254 2552 441 2615 μνήμην
482 2551 564 2613 τῆς
607 2546 824 2614 Μαριὰμ,
865 2546 947 2596 οὐκ
993 2543 1228 2609 ἀλλήλοις
1272 2541 1506 2595 ἐναντίους
1547 2540 1681 2608 εὑρή-

20 2658 70 2694 3ο
90 2657 240 2699 σομεν
266 2637 360 2684 τῶν
391 2631 539 2697 ἁγίων
569 2629 676 2683 τοὺς
712 2628 899 2694 λόγους.
957 2625 1075 2680 εἰκὸς
1114 2625 1208 2692 γὰρ
1247 2624 1318 2676 ὅτι
1356 2623 1502 2688 μόνης
1540 2624 1677 2686 ἐπεμ-

92 2715 246 2780 νήσθη
277 2717 360 2778 τῆς
401 2711 604 2779 Μαριὰμ
641 2714 724 2775 τῆς
763 2711 1095 2774 Μαγδαληνῆς
1122 2705 1359 2771 Ἰωάννης,
1385 2703 1467 2755 ἅτε
1507 2703 1564 2768 δὴ
1603 2704 1680 2753 καὶ

92 2795 371 2864 θερμότερον
405 2794 606 2862 ἐχούσης
643 2792 698 2845 τὸ
737 2792 908 2856 κίνημα
945 2789 1064 2857 πρὸς
1104 2788 1296 2855 ἀγάπην
1332 2785 1419 2851 τὴν
1454 2789 1531 2839 εἷς
1555 2788 1676 2850 Χρι-

185 2958 219 2992 3.
244 2949 292 2994 τῷ
308 2946 438 2991 μαθητῇ
458 2947 499 2980 Ε.
738 2957 771 2990 9.
797 2942 854 2989 τὸ]
873 2945 920 2990 τῷ
939 2943 980 2977 E.
1231 2950 1289 2985 31.
1314 2935 1524 2982 μαγδαλινῆς
1542 2933 1584 2968 Ε.

148 3015 240 3044 VOL.
263 3017 331 3044 ῙῙῙ·.
890 3013 917 3039 R.
