1981 3267
265 121 321 164 86
640 124 691 165 B.
726 125 1002 166 CYRILLI
1042 126 1428 169 ALEXANDR.
1591 130 1848 181 xix.21-24.

265 229 413 298 ῥήδην
436 232 764 299 ἀνακεκραγὼς
791 237 886 288 τοῖς
912 234 1168 285 συνθέουσι
1202 235 1320 302 πρὸς
1355 235 1640 301 ἀνάγνωσιν,
1669 236 1739 288 ὅτι
1768 236 1851 288 τὸν

266 317 430 364 οἰκεῖον
456 314 770 381 ἐσταύρωσαν
794 315 1004 376 βασιλέα
1030 317 1106 367 καὶ
1136 317 1328 384 Κύριον,
1354 321 1437 381 τῆς
1463 322 1525 372 εἱς
1557 316 1699 370 αὐτὸν
1725 319 1845 384 ἀγά-

219 402 247 444 d
266 418 356 460 πης
390 396 718 461 ἀλογήσαντες
751 401 1011 460 παντελῶς,
1038 399 1115 448 καὶ
1148 398 1267 465 πρὸς
1302 398 1387 463 τὴν
1412 400 1616 451 ἀπασῶν
1641 400 1850 469 ἐσχάτην

265 477 584 542 ἀναισθησίαν
609 476 834 531 πεσόντες
861 480 903 528 οἱ
930 479 1138 530 δείλαιοι.

199 661 438 709 2ΙἚλεΓον
477 659 548 702 οὖν
587 663 648 716 τῷ
684 662 858 717 Πιλὰτῳ
895 660 934 704 οἱ
971 661 1183 721 ἀρχιερεῖς
1222 664 1308 706 τῶν
1338 663 1563 705 Ἰουδαίων
1599 664 1672 705 ΛΛέι
1713 666 1892 722 Γράφε5

326 744 379 786 ‘O
425 745 622 795 βασιλεὺς
664 744 751 786 τῶν
784 744 1024 796 Ἰουδαίων,
1064 746 1155 787 ἀλλ’
1204 748 1269 788 ὅτι
1310 744 1473 788 ἐκεῖνος
1512 743 1605 788 εἶπε
1647 746 1850 789 Βασιλεύς

198 840 243 864 22
334 826 413 877 εἰμι
463 828 550 870 τῶν
593 827 833 870 Ἰουδαίων.
903 828 1115 886 ἀπεκρίθΗ
1165 830 1187 872 ὃ
1227 830 1415 872 Πιλάτος
1447 830 1503 871 “O
1544 830 1736 887 Γετραφα
1786 831 1851 877 Γέ-

330 926 487 968 Γραφα.

333 1017 617 1088 Ἀφορήτως
642 1019 806 1087 ε”χουσι
831 1019 951 1087 πρὸς
977 1019 1062 1085 τὴν
1088 1022 1162 1072 ἐπὶ
1188 1024 1255 1090 τῷ
1289 1021 1436 1091 τίτλῳ
1469 1021 1663 1090 γραφὴν
1688 1025 1729 1073 οἱ
1755 1026 1850 1073 τῶν

261 1101 500 1152 Ἰουδαίων
538 1102 816 1167 καθηγηταὶ,
850 1105 926 1153 καὶ
965 1102 1127 1169 δριμὺς
1167 1102 1333 1157 αὐτοὺς
1371 1103 1615 1170 εἷο-ἔδραμε
1655 1103 1845 1172 φθόνος.
1872 1125 1919 1150 10

225 1203 246 1229 e
264 1184 510 1248 ἀρνοῦνται
538 1182 586 1234 δὲ
612 1182 760 1234 πάλιν
785 1183 872 1248 τὴν
896 1188 1114 1251 Χριστοῦ
1140 1186 1409 1248 βασιλείαν,
1436 1187 1510 1236 καὶ
1544 1186 1734 1249 ἀληθῶς
1763 1185 1848 1250 μὲν

262 1264 405 1315 αὐτὸν
442 1265 496 1315 οὐ
536 1263 768 1334 κατάρξαι
807 1266 978 1333 φασὶν,
1020 1267 1124 1317 οὕτε
1161 1265 1255 1330 μὴν
1293 1271 1355 1320 εἷς
1397 1267 1606 1329 βασιλέα
1644 1269 1849 1333 παραδε-

259 1346 422 1414 δέχθαι
460 1346 668 1409 πώποτε,
707 1345 840 1416 λόγῳ
878 1347 1028 1413 γεμὴν
1067 1350 1327 1416 κεχρῆσθαι
1365 1348 1559 1418 τοιούτῳ
1599 1351 1764 1416 φασὶν,
1798 1351 1848 1400 ἐκ

259 1431 448 1492 πολλῆς
486 1428 610 1494 ἄγαν
647 1431 729 1492 τῆς
772 1428 969 1494 ἐνούσης
1009 1430 1165 1484 αὐτοῖς
1210 1431 1414 1495 εὐηθείας
1454 1429 1731 1497 ἠγνοηκότες
1771 1432 1848 1482 καὶ

258 1515 412 1573 τοῦτο,
440 1512 502 1564 ὡς
528 1511 611 1562 οὐκ
637 1509 695 1561 ἂν
720 1510 1086 1580 ψευδομυθήσαι
1110 1510 1226 1564 ποτὲ
1250 1515 1333 1577 τῆς
1360 1513 1581 1576 ἀληθείας
1615 1513 1644 1576 ἡ
1679 1512 1842 1581 φύσις·
1871 1531 1884 1556 ¹
1894 1528 1917 1566 5

260 1591 458 1656 ἀλήθεια
483 1590 531 1643 δὲ
557 1594 582 1643 ὁ
606 1592 833 1659 Χριστός·
886 1594 1109 1654 βασιλευς
1137 1595 1218 1645 οῦν
1244 1594 1335 1660 ἄρα
1361 1593 1439 1646 τῶν
1464 1591 1693 1657 Ἰουδαίων,
1720 1595 1847 1661 ε’ίπερ

260 1675 406 1728 οὕτως
432 1673 597 1726 ἑαυτὸν
622 1673 864 1744 ἐλέγχεται
890 1675 1144 1740 κεκληκὼς,
1171 1677 1295 1728 καθὰ
1323 1679 1399 1727 καὶ
1433 1677 1564 1727 αὐτοὶ
1598 1677 1652 1727 δι’
1679 1677 1848 1731 οἰκείας

258 1761 398 1808 τοῦτο
423 1757 707 1823 κρατύνουσι
733 1759 908 1826 φωνῆς.
967 1758 1238 1809 ἀποσείεται
1264 1758 1312 1809 δὲ
1339 1757 1552 1812 Πιλάτος
1577 1763 1844 1823 μεταποιεῖ-

260 1842 376 1889 σθαι
409 1837 495 1902 τὴν
527 1837 720 1908 γραφὴν
751 1839 949 1908 ἐξαιτεῖν
979 1838 1245 1903 ἐθέλοντας,
1281 1841 1334 1891 οὐ
1372 1839 1508 1907 με’χρι
1546 1839 1723 1894 παντὸς
1760 1839 1847 1904 τὴν

35 1926 345 1973 1062Α.ειτοῦ
388 1923 611 1988 Σωτῆρος
653 1921 786 1985 ἡμῶν
826 1922 1048 1985 ἀδικῆσαι
1096 1920 1242 1990 δόξαν
1287 1921 1696 1989 συγχωρούμενος,
1741 1922 1846 1992 θείῳ
1867 1947 1917 1974 20

261 2002 482 2068 δηλονότι
519 2004 596 2053 καὶ
634 2001 822 2072 ἀρῥήτῳ
857 2001 1062 2066 νεύματι.
1116 2003 1391 2069 πεπηγμένη
1427 2002 1519 2070 γὰρ
1553 2007 1630 2054 καὶ
1664 2005 1841 2055 ἀσυκο-

259 2085 497 2155 φάντητος
523 2085 550 2149 ἡ
577 2089 794 2150 Χριστοῦ
820 2084 1059 2148 βασιλεία,
1087 2082 1174 2136 κᾶν
1199 2086 1414 2136 Ἰουδαῖοι
1449 2085 1514 2149 μὴ
1549 2084 1842 2149 βούλωνται,

259 2166 636 2236 παραχαράττειν
667 2168 1005 2235 ἐπιχειροῦντες
1040 2169 1123 2231 τῆς
1157 2171 1220 2221 εἷς
1254 2165 1395 2219 αὐτὸν
1427 2166 1570 2236 δόξης
1608 2165 1693 2232 τὴν
1725 2168 1840 2232 ὁμο-

259 2251 442 2317 λογίαν.

192 2407 239 2444 23
261 2403 309 2446 Oi
359 2403 432 2447 οὖν
483 2405 756 2463 στρατιῶται,
803 2406 877 2448 ὅτε
924 2405 1204 2462 ἐσταύρωσαν
1253 2405 1326 2447 τὸν
1368 2406 1544 2457 ἸΗσοῦν,
1585 2406 1742 2456 ἔλαβον
1790 2403 1842 2447 τὰ
1867 2420 1914 2458 25

327 2486 470 2536 ἱμάτια
509 2488 653 2539 αὐτοῦ,
681 2487 749 2528 καὶ
783 2486 989 2530 ἑποίΗσαν
1022 2489 1209 2545 τέσσαρα
1246 2490 1369 2545 μὲρΗ,
1395 2490 1563 2542 ἑκάστῳ
1601 2488 1843 2548 στρατιώτῌ

326 2571 468 2627 μέρος,
518 2571 587 2612 καὶ
634 2571 707 2613 τὸν
756 2571 928 2626 χιτῶνα.
995 2568 1044 2612 ἦν
1094 2570 1139 2612 δὲ
1182 2571 1205 2613 ὁ
1254 2571 1380 2626 χιτὼν
1430 2571 1614 2628 ἄραφος,
1660 2572 1707 2612 ἐκ
1755 2572 1842 2614 τῶν

193 2673 240 2706 24
328 2654 495 2695 ἄνωθεν
544 2652 732 2710 ὑφαντὸς
783 2654 827 2694 δι’
876 2655 994 2696 ὅλου.
1066 2649 1185 2694 εἶπον
1233 2651 1306 2694 οὖν
1349 2652 1455 2710 Πρὸς
1503 2654 1720 2695 ἀλλήλους
1766 2654 1840 2695 M&

215 2741 241 2781 b
328 2736 537 2793 σχίσωμεν
576 2737 718 2788 αὐτὸν,
755 2736 867 2778 ἀλλὰ
906 2737 1105 2793 λάχωμεν
1144 2736 1241 2794 Περὶ
1279 2737 1424 2789 αὐτοῦ,
1450 2736 1563 2779 τίνος
1599 2737 1729 2779 ἔσται·
1772 2737 1840 2779 ἵνα

305 2895 337 2918 2.
362 2883 529 2929 Βασιλέα]
552 2884 669 2919 Verba
686 2883 1066 2928 κηρύσσων-βασιλέα
1085 2885 1210 2920 iterum
1228 2884 1351 2929 repetit
1369 2884 1464 2919 Aub.
1594 2896 1646 2919 11.
1672 2883 1780 2928 ἀληθῆ
1799 2883 1841 2919 Ε,

258 2940 312 2975 27.
340 2931 473 2977 ἄραφος
494 2932 534 2967 Ε.
554 2932 708 2977 ι’ίρραφος
729 2931 794 2965 Ed.
