2001 3257
79 199 245 241 [18M.]

130 839 198 860 ver.
213 837 225 859 Ι
235 838 247 859 1
256 853 261 859 .

60 1079 110 1113 19
133 1076 194 1113 Μ.

219 1151 262 1175 12

62 1671 118 1701 Ps.
134 1669 223 1700 xviii.

66 1723 114 1753 13.

224 1898 267 1933 13

65 2082 171 2122 Supra
186 2093 252 2113 ver.

68 2135 80 2155 1
87 2135 116 2157 0.

277 135 361 173 ΞΝ)
424 134 755 174 Β.ΟΥΒΠᾸᾸ
793 133 1554 174 ALEXANDR.FRAGMENTA
1616 133 1855 185 Vst¹Q13

277 264 346 295 τις
382 244 456 292 καὶ
482 242 645 308 ἑτέρως
669 241 739 292 ὅτι
766 239 822 305 δὴ
849 241 1042 309 σφόδρα
1069 244 1203 305 φιλεῖ
1231 246 1330 294 ταῖς
1365 247 1446 291 τοῦ
1487 241 1629 303 νόμου
1660 244 1857 299 βουλαῖς

278 324 351 373 ἀεί
385 347 484 376 πως
528 322 768 391 μάχεσθαι
811 323 864 373 τὸ
904 321 1175 391 φιλήδονον·
1229 323 1304 372 καὶ
1344 326 1386 372 οἱ
1430 325 1513 385 τῆς
1557 320 1857 390 φαυλότητος

277 403 442 470 τρόποι
479 409 578 458 ταῖς
616 406 873 458 ἐπιεικειάις
910 403 1291 467 ἀνακοπτόμενοι,
1324 403 1625 469 γενικώτερον
1661 401 1856 471 ἀντεξά-

280 510 434 552 γουσι,
462 489 536 537 καὶ
571 486 653 537 τὸν
689 492 795 537 νοῦν
822 486 930 536 ἐσθ’
960 485 1036 536 ὅτε
1067 485 1424 551 καταληίζονται
1451 483 1857 551 καταστρέφοντες

280 572 342 622 εἰς
369 567 660 634 παράβασιν,
687 570 761 617 καὶ
792 573 891 620 ταῖς
922 568 971 618 ἐκ
1010 565 1154 628 νόμου
1191 571 1371 620 ποιναῖς
1405 565 1731 634 ὑποφέροντες,
1759 565 1858 615 καί·
1877 590 1899 628 5

283 673 351 700 τοι
390 649 532 713 νόμον
567 648 819 717 ἐσχηκότες
859 654 941 699 τοῦ
979 647 1190 712 πολέμου
1228 647 1313 711 τὴν
1348 646 1584 716 ἀφορμήν.
1641 645 1864 714 ταύτῃτοί

282 740 404 799 φησι
443 729 598 800 σοφὸς
629 730 692 781 ὧν
727 732 751 781 ὁ
785 734 979 784 Παῦλος
1019 731 1297 794 ἠπατῆσθαί
1330 752 1380 780 τε
1411 728 1486 780 διὰ
1524 731 1605 792 τῆς
1644 730 1856 792 ἐντολῆς,

281 815 355 863 καὶ
394 814 448 863 δι’
483 813 624 876 αὐτῆς
654 814 921 863 ἀποθανεῖν·
977 813 1207 864 ἀπέκτεινε
1241 811 1334 877 γὰρ
1370 812 1618 878 μονονουχὶ
1657 810 1860 874 καταθή-

280 917 437 961 γουσα
470 892 588 961 πρὸς
624 895 906 944 ἀντίστασιν
944 893 1028 948 τὰς
1066 895 1112 944 ἐν
1151 894 1260 958 ἡμῖν
1294 891 1474 957 ἡδονὰς,
1508 889 1626 943 κατά
1664 914 1718 957 γε
1754 890 1861 944 τοὺς

281 976 638 1042 προειρημένους
667 974 884 1041 τρόπους.
1886 997 1932 1022 10

301 1135 437 1178 ‘'Qffle
475 1135 497 1177 ὁ
534 1136 610 1184 μὲν
649 1136 776 1184 νόμος
814 1137 945 1187 (istoc,
984 1135 1051 1176 καί
1090 1136 1112 1175 ἡ
1152 1134 1304 1176 ἐντολή
1345 1133 1440 1181 <isia
1481 1134 1549 1174 καὶ
1586 1133 1727 1175 δικαία
1767 1133 1835 1174 καὶ

995 1218 1149 1265 ἀΓαθύ.

346 1333 507 1399 (Ἀγιος
541 1340 558 1385 o‘
596 1335 718 1400 νόμος
760 1338 837 1384 καὶ
877 1336 899 1393 ἦ
937 1330 1079 1392 ἐντολὴ
1118 1334 1237 1397 οὶγία,
1280 1334 1354 1383 καὶ
1392 1328 1553 1382 δικαία
1593 1337 1670 1382 καὶ
1703 1329 1863 1396 ἀγαθή”

282 1416 532 1483 ἀποφαίνει
569 1413 662 1480 γὰρ
695 1415 855 1480 ἁγίους
888 1437 938 1465 τε
977 1417 1053 1465 καὶ
1088 1414 1290 1467 δικαίους
1324 1415 1398 1463 καὶ
1438 1411 1641 1478 ἀγαθοὺς
1679 1411 1785 1465 τοὺς
1824 1411 1871 1462 οἵ

282 1520 371 1564 περ
410 1496 468 1548 ἂν
503 1497 684 1547 ἕλοιντο
721 1496 977 1564 φυλάττειν
1019 1495 1174 1557 αὑτὸν,
1214 1496 1290 1546 ἵνα
1331 1493 1387 1558 δὴ
1430 1494 1637 1559 γένοιντο
1675 1498 1776 1548 ταῖς
1816 1496 1866 1544 ἐκ
1887 1518 1935 1557 15

283 1580 606 1645 παραβάσεων
649 1578 812 1631 αἰτίαις
857 1576 1114 1640 οὐδαμόθεν
1159 1577 1411 1640 ἁλώσιμοι.
1473 1577 1583 1626 ἀλλ’
1628 1575 1684 1639 ἧν
1729 1575 1866 1626 τοῦτό

284 1684 385 1714 πως
418 1662 682 1727 ἀνέφικτον·
726 1668 752 1690 “
771 1658 1145 1725 Παραπτώματα
1170 1658 1264 1725 γὰρ
1290 1660 1358 1713 τίς
1389 1657 1627 1722 συνήσει,”
1661 1656 1780 1708 κατὰ
1812 1655 1866 1708 τὸ

285 1741 607 1809 γεγραμμένον
624 1764 636 1804 ;

611 1879 671 1921 Τὸ
709 1878 781 1921 οὖν
819 1878 979 1927 ἀΓαΘὸν
1017 1879 1111 1927 ἐμοὶ
1150 1879 1293 1926 ses-ove
1331 1879 1540 1929 θάνατοε;

352 1981 522 2048 οἈγιος
545 1982 629 2046 μὲν
655 1983 679 2032 ὁ
707 1982 859 2045 νόμος,
888 1983 999 2047 ἁγία
1027 1981 1074 2032 δὲ
1102 1984 1176 2032 καὶ
1203 1982 1230 2046 ἡ
1256 1980 1423 2044 ἐντολὴ
1450 1982 1524 2031 καὶ
1552 1979 1721 2045 ἀγαθή.
1771 1978 1869 2031 εἶτα
1891 2005 1941 2029 20

286 2069 386 2118 πῶς
413 2065 591 2132 ε”φασκε
631 2071 656 2092 “
680 2066 773 2114 Καὶ
809 2064 969 2129 εὑρέθη
997 2087 1075 2127 μοι
1112 2064 1139 2127 ἡ
1167 2062 1335 2127 ἐντολὴ
1362 2063 1389 2127 ἡ
1417 2067 1479 2116 εἷς
1505 2061 1638 2129 ζωὴν,
1666 2063 1783 2125 αὕτη
1808 2065 1870 2116 εἷς

288 2155 315 2177 “
341 2146 543 2197 θάνατον
563 2147 601 2207 ;”
661 2143 752 2212 ἆρα
797 2146 878 2196 οὖν
922 2146 1024 2197 εἰπέ
1061 2169 1140 2208 μοι
1183 2145 1336 2211 γέγονε
1376 2143 1422 2196 τὶ
1465 2142 1634 2210 σιγαθὲν
1675 2143 1870 2209 ὀλέθρου

286 2228 548 2297 πρόξενον;
603 2226 663 2296 μὴ
708 2228 884 2293 γένοιτο,
926 2228 1094 2296 φησίν·
1149 2229 1424 2290 ἐπαιτιῶμαι
1468 2225 1563 2292 γὰρ
1603 2227 1651 2276 ἐν
1689 2226 1869 2278 τούτοις

287 2312 459 2375 ἥκιστα
485 2310 568 2373 μὲν
593 2308 675 2360 τὸν
702 2308 860 2372 νόμον,
890 2310 1067 2372 ἕστηκα
1094 2308 1143 2359 δὲ
1167 2308 1330 2374 ὥσπερ
1357 2311 1439 2371 τῆς
1465 2308 1693 2373 ἁμαρτίας
1720 2305 1862 2371 κατή-

288 2410 440 2457 γορος·
482 2389 807 2457 καταβιάζεται
834 2390 925 2457 γὰρ
963 2392 1083 2441 οὕτω
1110 2389 1195 2453 τὴν
1223 2390 1472 2456 ἀνθρώπου
1498 2389 1659 2459 φύσιν,
1687 2389 1761 2439 καὶ
1788 2391 1870 2451 τῆς
1893 2407 1940 2445 25

290 2476 337 2523 ἐν
375 2474 484 2537 ἡμῖν
520 2473 721 2525 διανοίας
755 2471 1045 2537 κεκράτηκεν·
1087 2472 1209 2522 ὥστε
1244 2469 1385 2522 αὐτὸν
1423 2470 1505 2522 τὸν
1532 2474 1593 2523 εἷς
1631 2471 1871 2535 σωτηρίαν

340 2617 372 2640 2.
399 2605 603 2651 φιλήδονον]
623 2607 814 2650 φιλόπονον
833 2606 913 2650 (sic)
934 2606 976 2639 B.
1285 2616 1338 2649 13.
1360 2604 1479 2650 ’Ἀγιος
1499 2603 1672 2649 ὁ-ἀγαθὴ
1691 2609 1873 2648 assumpta

292 2665 333 2686 ex
353 2652 394 2686 B.
440 2651 558 2696 ’Ἄγιος
583 2654 600 2684 ὁ
622 2654 721 2695 νόμος
745 2652 934 2696 praemittit
960 2652 1063 2695 (Maii
1081 2651 1358 2685 emendationem
1378 2651 1542 2696 sequens)
1563 2650 1696 2693 Migne.
1716 2649 1821 2685 εἴποις
1842 2649 1871 2684 δ’

293 2699 332 2733 ἂν
357 2700 415 2733 τὸν
440 2700 540 2741 νόμον
557 2699 652 2742 ἅγιον
670 2699 722 2731 καὶ
748 2698 806 2741 τὴν
827 2698 967 2741 ἐντολὴν
985 2698 1083 2742 ἁγίαν
1100 2698 1153 2731 καὶ
1178 2698 1307 2732 δικαίαν
1323 2698 1376 2731 καὶ
1394 2697 1533 2742 ἀγαθὴν,
1551 2697 1605 2730 καὶ
1621 2695 1672 2729 ὅτι
1689 2696 1872 2740 ἀποφαίνει

292 2745 407 2791 ἁγίους
432 2745 485 2778 καὶ
510 2745 656 2779 δικαίους
681 2744 758 2779 τοὺς
782 2744 879 2789 οἵπερ
897 2744 937 2777 ἂν
959 2742 1091 2778 ἕλοιντο
1112 2745 1299 2788 φυλάττειν
1315 2744 1426 2785 αὐτὸν,
1445 2743 1498 2776 καὶ
1515 2742 1736 2777 ἀπαλλάσσει
1753 2746 1819 2776 τῶν
1836 2743 1872 2776 ἐκ

292 2792 520 2836 παραβάσεως
538 2791 754 2836 ἐγκλημάτων
771 2790 814 2823 Α.
955 2799 1006 2833 15.
1024 2789 1157 2824 ἕλοιντο
1175 2789 1356 2823 emendavi
1375 2789 1467 2832 (vide
1485 2794 1557 2822 not.
1576 2788 1748 2832 praeced.)
1767 2800 1807 2822 ex
1825 2790 1870 2824 A.

293 2837 446 2872 δύναιντο
466 2838 531 2871 Ed.
638 2848 692 2870 20.
712 2835 986 2881 ’Ἄγιος-ἀγαθή
1005 2842 1225 2870 accesserunt
1245 2847 1286 2869 ex
1304 2835 1394 2868 A.B.
1413 2834 1491 2879 ἁγία
1510 2834 1527 2877 ἡ
1547 2834 1665 2878 ἐντολή
1684 2835 1871 2878 praemittit

298 2886 332 2929 (e
350 2885 436 2918 Maii
454 2883 642 2927 emendat.)
664 2883 797 2927 Migne.
1014 2893 1069 2916 21.
1096 2881 1113 2925 ἡ
1133 2883 1190 2916 alt.
1209 2882 1305 2927 prius
1323 2882 1491 2915 omissum
1510 2881 1598 2914 inter
1614 2881 1873 2915 emendationes

294 2931 467 2976 supplevit
486 2930 569 2964 Mai.
693 2941 746 2963 22.
772 2927 927 2974 γέγονεν]
951 2932 987 2969 -Ι-
1010 2928 1087 2971 ἡμῖν
1104 2929 1145 2962 Α.
1268 2927 1322 2962 26.
1349 2928 1387 2961 τὸ
1406 2927 1510 2972 (preli
1529 2926 1740 2971 sphalmate)
1760 2927 1846 2962 Mai.
