1981 3267
250 126 305 164 (50
652 123 704 164 Β.
737 123 1006 164 CYRILLI
1048 123 1426 164 ALEXANDR.
1635 124 1835 179 xix.1—3.

251 231 404 295 μάσαι
450 231 598 299 γεμὴν
642 234 897 298 ἀναγκαῖον
946 230 1032 296 τὴν
1076 231 1390 283 θεόπνευστον
1441 231 1633 300 γραφὴν
1681 233 1742 286 ὡς
1787 232 1837 282 ἐκ

252 314 516 382 προσώπου
555 318 773 380 Χριστοῦ
807 315 883 364 καὶ
918 315 1001 377 τῆς
1043 314 1188 367 οὕτως
1227 313 1592 380 ἀπεγνωσμένης
1637 315 1835 380 ἐπιγνω-

209 401 458 455 (Ῑσθεῖσαν
496 398 745 459 καταβοῆς·
797 394 923 459 λέγει
962 392 1055 461 γὰρ
1095 396 1242 449 οὕτως
1281 396 1305 445 ὁ
1337 394 1586 464 προφήτης
1616 395 1839 461 Ἱερεμίας

30 484 192 557 {fig-xii·
254 486 281 508 “
307 476 730 544 Ἐγκαταλὲλοιπα
768 476 851 527 τὸν
891 473 1018 526 οἶκόν
1056 499 1161 539 μου,
1200 478 1362 545 ἀφῆκα
1399 476 1484 541 τὴν
1522 477 1840 543 κληρονομίαν

36 550 60 567 Η
101 552 107 558 '
253 568 280 590 ‘⁶
306 584 414 624 μου,
444 560 594 610 ἔδωκα
618 557 704 622 τὴν
738 558 1043 624 ἠγαπημένην
1068 581 1159 621 μου
1186 557 1350 627 ψυχὴν
1382 562 1443 611 εἰς
1469 563 1626 626 χεῖρας
1660 560 1840 626 ἐχθρῶν
1861 579 1883 618 5

253 651 279 673 “
306 643 462 706 αὐτῆς·
518 639 713 707 ἐγενήθη
739 641 766 704 ἡ
799 641 1089 706 κληρονομία
1120 662 1210 703 μου
1237 642 1335 704 ἐμοὶ
1362 641 1423 694 ὡς
1447 638 1566 690 λέων
1592 642 1639 691 ἐν
1666 642 1840 709 δρυμῷ,

253 732 280 754 “
306 724 473 775 ἔδωκεν
503 724 571 774 ἐπ’
602 721 679 786 ἐμὲ
710 721 796 785 τὴν
823 721 988 791 φωνὴν
1013 722 1195 786 αὐτῆς.”
1248 723 1297 773 τί
1327 721 1420 788 γὰρ
1447 722 1472 772 ὁ
1503 722 1624 773 λέων
1650 723 1698 773 ἐν
1724 724 1838 788 δρυ-

252 811 355 870 μοῖς
395 805 646 873 ἐργάζεται,
679 802 830 855 καλὸν
859 806 920 858 ὡς
953 804 1097 855 ε”οικεν
1124 807 1280 856 εἰπεῖν.
1338 806 1461 872 φασὶ
1487 809 1752 871 τοιγαροῦν,
1779 805 1841 857 ὡς

252 889 367 940 ὅταν
407 911 451 939 τι
489 892 584 939 τῶν
622 888 670 938 ἓν
709 891 807 940 ταῖς
848 887 983 940 ὕλαις
1022 891 1204 950 κτηνῶν
1243 888 1474 952 ἀγρεῦσαι
1514 885 1746 950 βούληται
1786 885 1840 937 τὸ

252 971 375 1037 μέγα
406 971 535 1021 τουτὶ
567 970 642 1020 καὶ
678 969 1064 1038 φρικωδέστατον
1091 969 1266 1035 θηρίον,
1291 968 1370 1019 ε’πί
1403 991 1507 1019 τινα
1545 973 1710 1035 πρῶνα
1748 973 1841 1019 τῶν
1865 993 1912 1018 10

213 1055 301 1104 οέν
335 1058 430 1106 τοῖς
469 1051 630 1118 ὄρεσιν
668 1053 837 1117 ἀρθεὶς,
878 1051 1118 1118 βρυχᾶταί
1154 1073 1198 1101 τι
1233 1051 1356 1117 μέγα
1390 1053 1464 1101 καὶ
1500 1051 1723 1119 ἐξαίσιον,
1767 1052 1843 1101 καὶ

253 1135 493 1199 τοσαύτην
518 1132 807 1200 ἐνεργάζεται
845 1137 942 1186 τοῖς
980 1133 1292 1198 ἀκροωμένοις
1329 1131 1415 1197 τὴν
1447 1133 1630 1194 πτοίαν,
1658 1135 1720 1186 ὡς
1759 1133 1842 1183 οὐκ

254 1217 528 1283 ἐνεγκόντας
570 1219 652 1280 τῆς
698 1217 896 1279 ἀπειλῆς
938 1215 992 1266 τὸ
1039 1215 1272 1282 δυσαχθές
1315 1214 1645 1279 ἀποκτύπημα,
1690 1238 1843 1281 παρα-

253 1302 414 1366 χρῆμα
445 1302 623 1361 πεσεῖν,
651 1296 737 1348 κᾶν
764 1297 1012 1363 ἄνθρωπος
1035 1296 1103 1361 ε’ίη
1131 1295 1217 1347 κᾶν
1243 1297 1361 1366 ζῴον
1387 1297 1555 1363 ἕτερον,
1583 1299 1656 1347 καὶ
1682 1300 1843 1366 φωνῆς

254 1382 393 1448 ἔργον
430 1386 496 1450 τῷ
534 1382 640 1447 θηρὶ
684 1380 894 1446 γίγνεται
935 1379 988 1430 τὸ
1026 1378 1194 1430 πεσόν.
1251 1385 1503 1430 πιστοῦται
1538 1378 1593 1429 δέ
1621 1402 1721 1433 πως
1760 1378 1843 1430 τὸν
1867 1403 1912 1441 15

253 1465 328 1515 ἐπὶ
366 1463 517 1533 τούτῳ
546 1462 694 1528 λόγον
725 1463 800 1513 καὶ
835 1460 910 1512 διὰ
949 1467 1033 1512 τοῦ
1072 1460 1323 1529 προφήτου
1354 1459 1476 1516 Θεὸς
1516 1462 1662 1514 οὕτως
1701 1461 1843 1513 εἰπών

30 1554 135 1628 {2¹11}ss
252 1552 279 1574 “
309 1544 440 1596 Λέων
465 1544 710 1614 ἐρεύξεται,
739 1545 813 1595 καὶ
850 1544 919 1597 τίς
957 1544 1010 1594 οὐ
1046 1542 1375 1612 φοβηθήσεται
1397 1542 1438 1605 ;”
1476 1544 1643 1609 γέγονε
1681 1544 1840 1595 τοίνυν

69 1619 76 1627 ’
117 1620 125 1627 ’
252 1627 401 1691 ἡτῶν
445 1627 684 1678 Ἰουδαίων
730 1625 1009 1692 Συναγωγὴ,
1056 1623 1271 1692 καθάπερ
1316 1624 1437 1675 λέων
1481 1626 1530 1676 ἐν
1577 1629 1737 1695 δρυμῷ
1777 1629 1844 1694 τῷ

31 1719 238 1755 1043Α-9ι
255 1713 440 1776 Σωτῆρι
464 1712 679 1778 Χριστῷ,
706 1708 824 1759 κατά
849 1731 904 1774 γε
935 1707 988 1759 τὸ
1019 1708 1274 1775 ἐγχείρημα
1306 1710 1389 1772 τῆς
1417 1709 1488 1759 ἐπ’
1516 1709 1641 1777 αὐτῷ
1666 1715 1840 1774 γλωσ-

254 1792 478 1857 σαλγίας·
533 1791 698 1844 πτοίας
742 1789 835 1856 γὰρ
876 1789 1000 1844 ὅλως
1045 1788 1073 1854 ἢ
1116 1789 1328 1853 δείματος
1370 1790 1398 1854 ἡ
1438 1790 1538 1840 θεία
1576 1789 1723 1858 φύσις
1762 1791 1845 1842 οὐκ
1865 1815 1914 1840 20

254 1874 480 1942 ἀνέχεται.
531 1872 884 1937 καταβοήσασα
909 1871 1002 1938 γὰρ
1029 1871 1294 1923 ἀπέκτεινεν
1319 1870 1476 1930 αὑτὸν,
1505 1872 1654 1923 καίτοι
1686 1870 1844 1923 Πιλά-

254 1979 337 2008 του
363 1956 686 2022 προτείνοντος
716 1955 912 2005 ἑλέσθαι
945 1953 1030 2018 τὴν
1056 1954 1246 2022 ἄφεσιν,
1273 1954 1349 2004 ἵνα
1374 1955 1448 2004 καὶ
1474 1958 1569 2005 τῶν
1595 1953 1671 2005 διὰ
1701 1954 1846 2019 νόμου

255 2037 635 2102 πεπαιδευμένων
674 2037 888 2101 ἀμείνους
924 2037 1231 2103 εὑρίσκωνται
1265 2034 1340 2087 διὰ
1373 2035 1668 2103 πραγμάτων
1694 2037 1847 2087 αὐτῶν

257 2121 333 2171 καὶ
358 2123 399 2171 οἱ
425 2119 508 2171 τὸν
535 2123 658 2171 θεῖον
684 2119 814 2170 οὔπω
840 2117 1068 2180 μαθόντες
1097 2116 1253 2182 νόμον.

39 2243 139 2292 Κεφ·
164 2236 239 2334 ff}
258 2259 369 2302 Τότε
413 2257 486 2301 οὖν
525 2259 677 2310 ἔλαβεν
720 2260 743 2302 ὁ
787 2259 975 2301 Πιλάτοο
1018 2259 1091 2301 τὸν
1128 2259 1296 2301 ἸΗσοῡν
1341 2259 1409 2300 καὶ
1451 2258 1730 2311 ἐμαστίῙ-ωσε,
1777 2258 1916 2309 καὶ25

327 2341 364 2384 οἷ
414 2341 675 2399 στρατιῶται
729 2343 965 2387 Πλὲἓαντεε
1026 2343 1241 2398 στέφανον
1292 2343 1337 2386 ἐξ
1387 2342 1587 2383 ἀκανθῶν
1630 2342 1844 2384 ὲπὲθΗκαν

214 2423 242 2463 b
329 2426 457 2467 αὐτοῦ
496 2430 546 2483 τῇ
588 2429 771 2484 κεφαλᾷ,
808 2426 877 2466 καὶ
916 2425 1082 2474 ἱμάτιον
1121 2429 1372 2483 Πορφυροῡν
1410 2426 1665 2482 Περιὲβαλον
1703 2425 1845 2477 αὐτὸν,

225 2529 246 2563 3
331 2509 399 2549 καὶ
442 2509 624 2564 ἰέρχοντο
668 2509 776 2565 Πρὸς
820 2509 950 2552 αὐτὸν
996 2510 1064 2550 Καὶ
1110 2509 1258 2556 ἕλεΓον
1296 2506 1424 2565 Χαῖρε
1462 2510 1484 2551 ὁ
1523 2509 1717 2559 βασιλεὺς
1759 2509 1846 2550 τῶν

322 2590 560 2632 Ἰουδαίων·
613 2592 681 2632 καὶ
718 2591 917 2633 ἐδίδοσαν
956 2592 1074 2646 αὐτῷ
1113 2591 1371 2648 ῥαπίσματα.

339 2698 591 2759 Μαστιγοῖ
625 2692 710 2757 μὲν
748 2693 930 2757 ἀδίκως,
957 2696 1032 2744 καὶ
1071 2693 1154 2745 τὸν
1187 2698 1281 2744 τῶν
1311 2699 1617 2759 στρατιωτῶν
1657 2695 1848 2763 ἐφίησιν
1868 2720 1917 2756 30

310 2812 341 2837 2,
368 2798 655 2846 ε’πιγνωσθεῖσαν]
683 2797 774 2843 οἶμαι
800 2799 1067 2843 ἐπιμνησθεῖσαν
1090 2799 1116 2833 F
1136 2811 1205 2844 mg.
1256 2803 1279 2817 “
1290 2799 1436 2844 TrapeZ.
1462 2800 1587 2844 legisse
1611 2799 1750 2834 videtur
1775 2801 1846 2835 ἐπι-

260 2848 502 2892 μνησθεῖσαν”
529 2846 672 2881 adnotat
698 2846 791 2880 Aub.
812 2848 833 2865 “
848 2847 1006 2880 meminit
1019 2846 1041 2861 ’'
1061 2846 1188 2890 Georg.
1207 2845 1313 2890 Trap.
1332 2861 1428 2890 γνωσ
1447 2846 1502 2890 (ut
1519 2847 1658 2891 opinor)
1681 2859 1722 2881 ex
1741 2847 1846 2881 verbo

261 2895 480 2939 praecedenti
498 2894 624 2928 iterum
643 2893 766 2937 repetit
781 2892 921 2926 Codicis
939 2893 1031 2926 illius
1050 2904 1067 2926 e
1085 2905 1155 2938 quo
1174 2893 1216 2926 E.
1237 2893 1342 2926 simul
1360 2898 1392 2926 et
1412 2893 1448 2927 F.
1465 2893 1590 2927 scriba.
1702 2894 1735 2928 6.
1754 2894 1845 2937 ἐγεν-

263 2941 343 2985 νήθη
364 2942 404 2976 E.
504 2951 535 2986 7.
562 2941 622 2984 τὴν
639 2946 861 2984 assumptum
879 2951 919 2973 ex
940 2939 980 2974 E.
1079 2950 1132 2984 27.
1159 2939 1389 2983 περιέβαλλον
1410 2939 1449 2974 Ε.
1548 2951 1603 2985 29.
1631 2939 1762 2974 ἐδίδουν
1780 2940 1821 2974 Ε.
