2017 3252
113 394 144 425 S.
163 393 263 432 Greg.

114 437 196 468 NaZ.
214 437 275 476 Ep.

112 480 153 510 ad
171 480 263 510 Cled.

115 526 231 553 contra

115 566 288 606 Apollina-

113 610 196 638 rium
207 609 318 648 prima,

114 652 177 692 Ep.
200 660 270 682 101.

114 695 150 724 T.
168 695 200 724 ii.
220 695 259 732 85
278 704 298 724 a

115 737 165 769 ed.
182 737 264 768 Ben.

119 1742 188 1774 Col.
201 1741 224 1774 i.
243 1743 290 1773 18.

336 121 418 161 512
646 120 696 159 Β.
729 118 973 159 CYRILLI
1005 117 1349 158 ALEXANDR.
1384 117 1608 156 FRAGM.

1097 283 1144 346 β]

412 392 499 458 Μὴ
540 391 863 444 ἀπατάτωσαν
897 394 939 441 οἱ
981 390 1234 456 ἄνθρωποι,
1274 389 1390 454 μηδὲ
1431 389 1793 441 ἀπατάσθωσαν
1829 390 1910 440 ἇν-

336 479 527 542 θρωπον
566 474 706 524 ἄνουν
748 472 987 539 δεχόμενοι
1026 471 1109 522 τὸν
1146 470 1378 538 κυριακὸν,
1415 473 1476 524 ὡς
1521 472 1650 522 αὐτοὶ
1695 472 1913 536 λέγουσι,

336 561 526 620 μᾶλλον
577 555 625 605 δὲ
672 554 755 606 τὸν
807 553 983 620 Κύριον
1033 554 1166 617 ἡμῶν
1216 554 1292 603 καὶ
1345 551 1482 603 Θεὸν·
1540 551 1643 602 οὐδὲ
1692 551 1785 617 γὰρ
1835 551 1918 602 τὸν

337 638 587 703 ἄνθρωπον
623 635 879 704 χωρίζομεν
912 637 996 698 τῆς
1033 633 1265 699 θεότητος,
1291 634 1401 684 ἀλλ’
1429 633 1509 684 ἕνα
1548 634 1622 683 καὶ
1660 632 1743 683 τὸν
1777 631 1918 684 αὐτὸν
1938 655 1960 693 5

337 719 689 785 δογματίζομεν,
715 716 943 784 πρότερον
981 715 1065 780 μὲν
1102 716 1184 766 οὐκ
1223 716 1487 782 ἄνθρωπον,
1514 713 1645 764 ἀλλὰ
1680 712 1804 764 Θεὸν
1844 717 1920 765 καὶ

336 801 482 866 μόνον
519 799 636 851 Υὶὸν
680 800 755 850 καὶ
799 798 1079 864 προαιώνιον
1121 799 1266 862 ἀμιγῆ
1309 796 1532 860 σώματος
1576 799 1651 846 καὶ
1689 800 1784 846 τῶν
1827 794 1922 846 ὅσα

337 882 573 946 σώματος·
609 882 682 932 ἐπὶ
726 879 852 932 τέλει
890 878 939 930 δὲ
981 880 1057 929 καὶ
1102 878 1351 944 ἄνθρωπον
1391 875 1769 944 προσληφθέντα
1806 876 1922 942 ὑπὲρ

338 967 421 1028 τῆς
449 963 668 1030 ἡμετέρας
695 962 948 1028 σωτηρίας,
976 959 1190 1024 παθητὸν
1216 961 1374 1026 σαρκὶ,
1394 960 1552 1022 ἀπαθῆ
1581 957 1777 1021 θεότητι,
1793 980 1922 1024 περι-

338 1043 552 1112 γραπτὸν
587 1045 789 1107 σώματι,
820 1044 1170 1109 ἀπερίγραπτον
1201 1040 1398 1105 θεότητι,
1427 1040 1509 1091 τὸν
1544 1039 1684 1091 αὐτὸν
1721 1040 1922 1105 ἐπίγειον
1944 1065 1992 1091 10

339 1130 415 1178 καὶ
454 1127 680 1193 οὐράνιον,
708 1126 943 1192 ὁρώμενον
977 1127 1050 1176 καὶ
1088 1123 1350 1186 νοούμενον,
1377 1121 1591 1189 χωρητὸν
1622 1123 1697 1172 καὶ
1736 1120 1922 1188 ἀχώρη-

339 1231 437 1266 τον,
464 1208 519 1259 ἵν’
561 1207 660 1277 ὅλῳ
699 1206 932 1276 ἀνθρώπῳ
976 1208 1042 1276 τῷ
1087 1207 1212 1274 αὐτῷ
1254 1206 1330 1255 καὶ
1369 1207 1478 1273 Θεῷ
1519 1202 1629 1257 ὅλος
1676 1203 1922 1269 ἄνθρωπος

340 1290 631 1357 ἀναπλασθῇ
670 1289 694 1339 ὁ
732 1287 895 1340 πεσὼν
934 1286 1024 1340 ὑπὸ
1061 1285 1148 1351 τὴν
1186 1286 1434 1353 ἁμαρτίαν.

1103 1442 1147 1510 y!

414 1561 606 1627 Ἐπειδὴ
633 1561 727 1628 γὰρ
752 1561 1000 1628 ἐσαρκώθη
1027 1559 1118 1627 ζωὴ
1146 1557 1265 1610 κατὰ
1291 1558 1439 1627 φύσιν
1458 1556 1682 1625 ὑπάρχων
1707 1557 1732 1607 ὁ
1761 1559 1923 1607 Μονο-
1946 1573 1992 1611 15

341 1643 477 1711 γενὴς
519 1650 602 1695 τοῦ
647 1648 771 1695 Θεοῦ
815 1642 987 1709 Λόγος,
1030 1642 1291 1693 ἀνέθαλλεν
1336 1644 1398 1694 εἰς
1437 1639 1556 1706 ζωὴν
1599 1640 1627 1703 ἡ
1673 1638 1923 1704 ἀνθρώπου

342 1726 506 1795 φύσις·
547 1725 711 1792 γέγονε
737 1724 831 1792 γὰρ
854 1732 880 1755 “
900 1722 1152 1791 πρωτεύων
1175 1724 1223 1774 ἐν
1249 1726 1399 1774 πᾶσιν
1425 1721 1609 1775 αὑτός.”
1653 1721 1728 1771 καὶ
1752 1718 1924 1783 ταύτης

342 1808 474 1859 ἕνεκα
498 1811 582 1871 τῆς
607 1808 756 1860 αἰτίας
782 1808 806 1857 ὁ
833 1806 1053 1873 ζωοποιὸς
1079 1811 1161 1856 τοῦ
1189 1808 1313 1856 Θεοῦ
1340 1802 1497 1868 Λόγος
1524 1803 1643 1854 ἰδίαν
1667 1801 1924 1865 ἐποιήσατο

342 1889 503 1956 σοῖρκα
533 1887 618 1953 τὴν
645 1887 831 1958 θανάτῳ
864 1887 1079 1955 κάτοχον,
1105 1886 1181 1937 ἵνα
1214 1886 1454 1952 κρείττονα
1492 1885 1567 1934 καὶ
1605 1881 1808 1934 θανάτου
1847 1885 1924 1933 καὶ

343 1974 527 2040 φθορᾶς
553 1969 699 2035 αὐτὴν
719 1969 980 2038 ἀποφήνας,
1000 1966 1298 2035 παραπέμψῃ
1325 1968 1400 2017 καὶ
1425 1969 1488 2019 εἷς
1511 1965 1630 2028 ἡμᾶς
1655 1964 1741 2028 τὴν
1767 1962 1919 2031 χάριν.
1945 1985 1994 2011 20

342 2051 507 2119 ὥσπερ
539 2051 633 2118 γὰρ
668 2049 1083 2114 κατεβιβάσθημεν
1114 2053 1175 2103 εἰς
1208 2048 1411 2099 θάνατον
1437 2049 1484 2098 ἐν
1509 2045 1680 2110 Ἀδὰμ,
1706 2046 1851 2099 οὕτως
1876 2046 1925 2096 ἐν

343 2137 544 2202 Χριστῷ
578 2133 663 2198 τὴν
687 2133 891 2184 θανάτου
924 2130 1255 2199 παρωσάμενοι
1289 2129 1552 2196 τυραννίδα,
1577 2126 1696 2195 πρὸς
1731 2129 1919 2196 ἀφθαρ-

342 2215 455 2268 σῖαν
480 2215 893 2284 ἀναμορφούμεθα.

393 2371 425 2396 2.
447 2360 543 2395 Haec
561 2366 594 2395 et
613 2359 649 2395 S.
669 2360 829 2405 Gregorii
846 2359 1059 2394 Nazianzeni
1077 2359 1242 2404 Episcopi
1260 2361 1318 2393 τοῦ
1336 2357 1438 2392 αὐτοῦ
1456 2357 1629 2400 Κυρίλλου
1646 2356 1742 2402 ἑτέρα
1758 2356 1924 2401 μαρτυρία

346 2407 381 2442 ἐν
397 2409 444 2452 τῷ
463 2408 551 2452 αὐτῷ
565 2409 659 2452 λόγῳ
674 2407 725 2452 [ἐν
738 2409 784 2452 τῷ
798 2407 886 2453 αὐτῷ
901 2408 994 2451 λόγῳ
1008 2406 1104 2450 ἑτέρα
1119 2406 1285 2450 μαρτυρία
1298 2403 1338 2449 b]
1353 2402 1432 2448 παρ’
1446 2404 1548 2437 αὐτοῦ
1564 2402 1670 2448 [αὐτῷ
1683 2403 1730 2448 0.]
1748 2403 1925 2447 ἐνεχθεῖσα

345 2455 431 2497 πρὸς
447 2454 489 2487 τὰ
503 2454 666 2499 Θεοδώρῳ
684 2453 849 2497 εἰρημένα.
883 2455 986 2487 κεῖται
1004 2453 1039 2486 δὲ
1054 2453 1089 2485 ἐν
1102 2455 1141 2496 τῇ
1156 2453 1245 2495 παρὰ
1261 2452 1435 2495 κληδόνιον
1451 2451 1625 2495 γραφείσῃ
1641 2450 1794 2492 ἐπστόλῃ
1808 2451 1924 2494 πρώτῃ

346 2500 437 2544 παρὰ
450 2502 509 2533 τοῦ
522 2499 708 2544 ἁγιωτάτου
722 2500 774 2533 καὶ
787 2500 950 2543 μακαρίου
964 2498 1147 2544 γρηγορίου
1161 2499 1348 2532 ἐπισκόπου
1361 2497 1532 2538 ναζιανζοῦ
1546 2494 1745 2540 [κλὴδοννον
1759 2495 1924 2538 ἐπιστολῇ

346 2547 437 2589 παρὰ
453 2546 637 2590 γρηγορίου
655 2547 826 2587 ναζιαζοῦν
839 2545 873 2590 c]
889 2546 924 2578 in
943 2557 1014 2589 mg.
1033 2550 1215 2588 apponunt
1228 2544 1294 2577 b.c.
1367 2541 1448 2587 μηδ’
1463 2554 1492 2576 c.
1636 2553 1669 2586 3.
1695 2543 1753 2576 τὸν
1770 2542 1926 2586 κυριακὸν

346 2592 381 2626 b.
399 2593 456 2626 τὸν
476 2591 589 2636 κύριον
606 2604 635 2625 c.
791 2604 824 2633 4.
849 2593 1117 2635 μᾶλλον-Θεὸν
1134 2602 1202 2624 om.
1221 2602 1250 2624 c.
1406 2598 1437 2634 7.
1463 2590 1565 2632 μόνον
1581 2589 1652 2623 υἱὸν
1669 2589 1734 2622 hoc
1752 2588 1873 2622 ordine
1890 2587 1925 2622 b.

348 2639 401 2672 καὶ
418 2641 484 2672 τῶν
501 2638 567 2672 ὅσα
585 2639 741 2681 σώματος
758 2649 827 2671 om.
847 2650 875 2672 c.
1042 2638 1075 2670 8.
1100 2636 1198 2671 τέλος
1215 2648 1244 2670 c.
1316 2635 1546 2681 προσ-μιγέντα
1564 2646 1593 2668 c.
1764 2646 1815 2679 13.
1840 2633 1923 2679 ὑπὸ]

346 2685 431 2728 ὑπὲρ
451 2683 534 2729 (Sic)
554 2684 587 2718 b.
659 2683 838 2729 ἁμαρτίαν]
864 2683 1046 2728 subjungit
1070 2683 1274 2727 compilator
1293 2682 1365 2715 ἰδοὺ
1389 2683 1543 2726 φανερῶς
1568 2682 1789 2726 ὡμολόγησεν
1813 2683 1831 2713 ὁ
1858 2680 1925 2714 Κύ-

347 2733 467 2776 ριλλος
483 2732 541 2764 τὸν
557 2730 826 2774 προσ-ληφθέντα
843 2729 971 2764 τέλειον
987 2729 1174 2773 ἄνθρωπον.
1407 2738 1460 2771 15.
1484 2729 1520 2762 ἐκ
1537 2730 1597 2762 τοῦ
1614 2728 1715 2762 αὐτοῦ
1732 2728 1838 2773 λόγου
1855 2727 1924 2761 b.c.

349 2789 404 2812 20.
429 2777 651 2822 παραπέμψει
669 2777 748 2820 (sic)
767 2788 796 2811 c.
986 2787 1039 2810 21.
1064 2775 1358 2819 μετεβιβίὶσθημεν
1375 2786 1403 2810 c.
