2027 3257
108 225 278 267 [ww]

91 514 141 545 Cf.
155 525 184 554 p.
201 520 272 554 257,

92 568 121 598 9.

101 2385 300 2426 E1⁷›l1.iv.13.

309 153 394 192 258
540 151 588 190 Β.
620 146 865 190 CYRILLI
903 141 1247 185 ALEXANDR.
1284 137 1656 180 FRAGMENTA
1716 135 1772 175 iii.
1796 134 1886 184 1‚6.

310 258 608 328 συμβιβάσαι
637 258 787 325 φησὶν
813 256 916 306 ἀντὶ
944 257 1026 304 τοῦ
1059 253 1226 314 νοῆσαι
1256 244 1626 314 παρασκευάσει·
1668 244 1744 295 καὶ
1769 242 1888 294 τίνες

311 340 370 392 ἂν
390 339 478 391 εἶεν
504 344 546 391 οἱ
572 345 681 390 νοῦν
706 338 885 404 ἔχοντες
908 334 1097 400 Κυρίου,
1117 331 1264 382 πάλιν
1290 327 1427 381 αὐτὸς
1452 325 1723 394 παρέδειξεν
1748 322 1889 375 εἰπών

310 423 469 490 ιΗμεῖς
497 420 542 473 δὲ
571 422 652 472 νοῦν
681 418 864 488 Χριστοῦ
892 416 1061 483 ἔχομεν,
1088 410 1301 463 τουτέστι
1328 408 1383 460 τὸ
1405 412 1600 471 Πνεῦμα
1625 406 1679 457 τὸ
1706 409 1890 456 λαλοῦν

312 507 360 555 ἐν
389 504 550 569 ἁγίοις,
590 503 664 552 καὶ
703 497 997 550 ἐκκαλύπτον
1035 495 1190 545 αὐτοῖς
1227 489 1479 556 μυστήρια,
1510 491 1585 539 καὶ
1625 487 1748 539 θεῖόν
1785 508 1889 536 τινα

313 591 422 637 νοῦν
460 586 724 651 ἀποφαῖνον
765 579 846 630 τὸν
891 579 939 628 ἐν
984 576 1150 627 αὐτοῖς.
1201 573 1367 622 οὐκοῦν
1406 569 1470 620 ὧν
1509 567 1786 636 γεγράφασι
1832 565 1933 619 τά5

313 667 484 730 ἀμείνω
529 687 576 714 τε
620 664 694 713 καὶ
737 659 1026 728 ὑψηλότερα,
1067 659 1186 707 νοεῖν
1227 676 1276 704 τε
1313 653 1388 702 καὶ
1430 650 1585 716 λέγειν
1624 647 1893 711 δυναμένοις

312 746 760 811 συμμεμετρήκασιν
801 741 1099 803 οἰκονομικῶς
1140 740 1240 788 ταῖς
1284 738 1379 785 τῶν
1421 729 1894 797 μυσταγωγουμένων

313 829 443 897 ἕξεσι
469 826 554 891 τὴν
582 824 842 894 ὑφήγησιν.

240 1005 264 1045 ’.
319 1004 392 1046 Καὶ
423 1004 520 1055 ὲΓὼ,
554 1002 750 1057 ἀδελφοὶ,
782 999 857 1041 οὐκ
896 997 1111 1038 &bomem
1143 998 1326 1034 λαλῆσαι
1361 988 1454 1040 ὑμῖν
1488 990 1548 1030 ὡς
1579 983 1894 1038 Πνευμοιτικοῖε,

582 1084 671 1126 ἀλλ’
710 1084 770 1125 ὡς
805 1076 1032 1137 σαρκικοῖς,
1067 1078 1126 1118 ὡς
1167 1075 1333 1117 νΗΠίοιε
1365 1075 1411 1116 ἐν
1446 1075 1627 1130 Χριστῷ.

389 1200 497 1266 Οὐχ
536 1201 598 1251 ὡς
636 1199 827 1262 ἀπορῶν
854 1198 936 1244 τοῦ
971 1189 1120 1255 λόγου
1152 1187 1270 1255 πρὸς
1308 1188 1490 1239 τελείαν
1517 1189 1696 1252 γνῶσιν
1723 1184 1894 1233 ἀνακο-

313 1280 456 1347 μίζειν
482 1279 733 1347 ἰσχύοντος
758 1275 999 1338 ἐκωλύθην
1027 1273 1133 1335 ὑμῖν
1159 1272 1376 1333 λαλῆσαι
1402 1267 1461 1319 τὰ
1488 1265 1765 1331 τελειότερα,
1786 1263 1895 1313 ἀλλ’

313 1360 469 1425 ἐπειδὴ
509 1360 669 1425 νήπιοί
702 1361 809 1409 ἐστε
848 1356 934 1420 τὴν
965 1355 1062 1423 ἕξιν
1097 1355 1172 1404 καὶ
1205 1353 1467 1419 ἀνασφαλῆ
1506 1347 1588 1400 τὸν
1619 1352 1727 1398 νοῦν
1758 1346 1898 1412 ἔχετε,

313 1443 379 1508 μὴ
404 1441 739 1510 προβεβηκότα
763 1438 882 1506 πρὸς
906 1438 1086 1501 ε’ίδησιν
1109 1438 1203 1486 τῶν
1231 1430 1554 1498 τελειωτέρων,
1581 1431 1655 1480 καὶ
1683 1429 1735 1479 οὐ
1762 1425 1899 1478 δυνά-

314 1549 454 1589 μενον
480 1529 646 1593 χωρεῖν
673 1522 783 1575 τε’ως
809 1518 1061 1585 μυστήρια.

916 1679 1032 1727 ’HJ-d>
1071 1678 1297 1734 ἐφύτευσα.

393 1799 658 1867 Ἐφύτευσε
697 1796 782 1859 μὲν
820 1799 1027 1855 Παῦλος,
1068 1793 1092 1842 ὁ
1132 1790 1180 1842 δὲ
1217 1788 1462 1841 Ἀπολλὼς
1499 1786 1707 1846 ἐπότισεν,
1746 1781 1901 1834 ἐκάλει

321 1880 439 1948 πρὸς
476 1880 680 1948 αὔξησιν
707 1879 830 1932 Θεᾶς.
883 1876 950 1929 τίς
990 1875 1071 1925 οῦν
1097 1874 1125 1937 ἡ
1154 1872 1378 1941 φύτευσις
1409 1868 1438 1933 ἢ
1477 1867 1531 1918 τὸ
1569 1868 1617 1916 ἐν
1657 1867 1779 1932 ἀρχῇ
1819 1866 1902 1926 τῆς

319 1962 538 2022 πίστεως,
566 1962 640 2011 καὶ
668 1960 738 2010 ὅτι
769 1963 863 2009 τῶν
889 1958 1015 2008 ὅλων
1043 1955 1214 2021 Κύριος
1242 1955 1267 2004 ὁ
1295 1951 1416 2004 Θεὸς
1453 1948 1709 2013 ἐπιγνῶναί
1739 1969 1789 1996 τε
1825 1945 1900 1995 καὶ

320 2047 491 2104 εἶπεΐν;
548 2043 617 2094 τίς
661 2040 710 2091 δὲ
752 2042 777 2091 ὁ
818 2036 1053 2100 ποτισμὸς
1096 2035 1124 2100 ἢ
1165 2040 1259 2086 τῶν
1301 2036 1350 2084 ἐκ
1392 2028 1700 2083 διδασκαλίας
1741 2026 1900 2093 λόγων

320 2126 456 2176 οἱονεὶ
491 2121 736 2186 καταβολὴ
763 2123 837 2173 καὶ
868 2119 1095 2186 ἐπίχυσις,
1122 2116 1366 2185 τρέφουσα
1391 2112 1508 2179 πρὸς
1535 2108 1794 2177 εὐρωστίαν
1819 2107 1902 2159 τὸν

320 2212 403 2257 τοῦ
440 2205 785 2257 πιστεύσαντος
825 2208 933 2253 νοῦν
973 2201 1047 2251 ἵνα
1088 2200 1301 2269 φαίνοιτο
1341 2197 1415 2247 καὶ
1456 2190 1756 2259 καρποφόρος
1775 2212 1787 2252 ;
1832 2190 1902 2243 τίς

323 2287 370 2339 δὲ
409 2287 436 2350 ἡ
475 2287 674 2355 αὔξησις
700 2285 728 2348 ἡ
754 2283 883 2350 παρὰ
909 2287 1125 2348 Χριστοῦ
1160 2279 1188 2345 ἢ
1228 2278 1303 2330 διὰ
1333 2276 1608 2339 Πνεύματος
1645 2272 1902 2337 στερέωσις

324 2371 399 2419 καὶ
434 2371 539 2421 “eis
572 2367 720 2432 ἄνδρα
751 2364 962 2417 τὲλειον”
1004 2360 1244 2428 ἀναδρομὴ
1284 2357 1531 2423 ἀναλόγως
1569 2359 1667 2407 ταῖς
1699 2351 1902 2403 ἑκάστου

323 2451 553 2502 σπουδαῖς
578 2471 628 2498 τε
656 2449 730 2498 καὶ
755 2445 1033 2512 προθυμίαις
1059 2441 1382 2511 χορηγουμένη
1403 2461 1414 2499 ;

373 2611 401 2634 1.
427 2598 638 2643 συμβιβάσει
666 2597 798 2641 Migne.
874 2594 1140 2638 παρασκευάσει·
1176 2592 1207 2625 οἱ
1233 2592 1269 2626 δέ
1295 2591 1353 2624 τὸν
1377 2590 1455 2623 νοῦν
1479 2588 1614 2632 ἔχοντες
1638 2587 1784 2630 χριστοῦ
1810 2584 1904 2619 οὗτοί

323 2647 410 2682 εἶσιν
427 2647 458 2679 οἱ
475 2647 513 2679 τὸ
530 2647 659 2686 πνεῦμα
677 2644 812 2688 ἔχοντες
830 2643 868 2676 τὸ
884 2643 1015 2675 λαλοῦν
1034 2640 1090 2684 (3)
1111 2639 1158 2673 Η.
1361 2649 1392 2678 4.
1419 2633 1629 2678 ε’γκαλύπτον
1649 2632 1697 2666 Η.
1715 2630 1903 2666 ἐκαλύπτον

325 2693 404 2737 (sic)
424 2692 467 2726 A.
540 2689 668 2735 αὐτοῖς]
693 2694 729 2730 -ὶ-
750 2689 790 2722 τὰ
811 2688 858 2721 Η.
928 2686 1107 2731 μυστήρια·
1134 2685 1214 2719 αὐτὸ
1232 2683 1294 2728 γάρ
1314 2682 1388 2716 ἐστι
1406 2682 1444 2715 τὸ
1461 2682 1590 2722 πνεῦμα
1608 2680 1645 2713 τὸ
1664 2679 1805 2722 ἐρευνῶν
1822 2677 1901 2721 (sic)

325 2741 378 2774 καὶ
403 2740 444 2773 τὰ
468 2737 556 2780 βάθη
582 2739 642 2770 τοῦ
668 2737 767 2769 Θεοῦ.
807 2734 896 2777 βάθη
923 2733 958 2766 δέ
985 2735 1073 2766 Θεοῦ
1099 2734 1153 2774 (ut
1177 2741 1283 2774 supra
1308 2741 1342 2773 p.
1363 2736 1440 2772 257,
1462 2738 1526 2771 7—9
1552 2726 1678 2759 iterum
1703 2723 1901 2767 exhibens).

326 2784 463 2821 Deinde
480 2785 600 2818 οὐκοῦν
616 2782 660 2816 ad
678 2782 737 2816 fin.
757 2780 877 2815 scholii
895 2784 1115 2813 accesserunt
1132 2789 1174 2811 ex
1194 2777 1242 2810 H.
1435 2785 1467 2818 9.
1495 2772 1661 2806 Scholion
1678 2771 1744 2805 hoc
1762 2769 1901 2815 duoque

325 2844 413 2877 quae
430 2836 626 2876 sequuntur
643 2832 862 2863 accesserunt
880 2838 920 2860 ex
942 2825 989 2860 H.
1168 2834 1222 2857 20.
1250 2822 1266 2865 ἢ
1286 2819 1479 2855 emendavi.
1497 2818 1515 2861 ἡ
1536 2817 1624 2852 Cod.
1802 2826 1857 2860 23.
1881 2814 1900 2858 ἢ

326 2877 516 2913 emendam.
535 2876 552 2919 ἡ
573 2875 660 2909 Cod.

1918 1084 1966 1109 10

1923 1530 1969 1566 Ι5

1922 2052 1972 2077 20
