2012 3257
81 208 247 250 [77M.]

216 746 265 779 40

120 2017 167 2052 42
185 2017 267 2054 sqq·

280 151 364 190 310
539 151 590 190 B.
624 147 870 191 CYRILLI
906 146 1254 188 ALEXANDR.
1291 146 1462 187 FRAG.
1524 161 1591 186 xv.
1609 158 1677 197 40,
1700 157 1753 195 42
1772 159 1857 197 sqq.

280 263 374 310 τῶν
399 258 599 327 φαύλων
625 257 839 324 ἐργάταις
872 256 926 307 τὸ
961 257 1008 306 ἐν
1033 254 1216 323 εὐκλείᾳ
1254 258 1312 321 τῇ
1350 252 1479 319 παρὰ
1506 257 1630 303 Θεοῦ
1668 256 1855 320 στεφα-

282 345 481 392 νοῦσθαι
529 340 711 406 πρέπει·
782 338 1001 406 ταύτῃτοι
1050 336 1296 404 χρησίμως
1346 334 1585 403 διαφόρων
1635 334 1861 397 μέμνηται

280 421 583 488 σπερμάτων,
615 420 682 474 οἷς
722 422 798 471 καὶ
837 419 1033 483 διανέμει
1061 418 1195 479 Θεὸς,
1224 417 1330 468 καθ’
1359 415 1412 467 ὃν
1451 415 1507 466 ἂν
1546 414 1646 466 ἕλοι
1685 415 1862 481 τρόπον

280 502 431 566 αὐτὸς,
458 502 512 554 τὸ
548 504 595 553 ἐν
621 505 783 571 τοιῷδε
821 500 966 568 τυχὸν
1000 499 1028 565 ὴ
1064 499 1248 568 ἑτεροίῳ
1283 497 1496 565 σχήματι
1536 497 1858 565 διαφερεσθαι·

282 587 404 654 φησὶ
430 584 523 651 γάρ
552 586 645 634 Καὶ
672 586 690 635 ’ὂ
718 585 907 653 σπείρεις
936 586 978 633 οὐ
1003 586 1048 634 τὸ
1077 581 1215 650 σῶμα
1242 580 1285 631 τὸ
1312 581 1585 648 γενησόμενον
1613 580 1815 649 σπείρεις.
1884 598 1906 636 5

521 737 596 778 Καὶ
633 737 812 785 σώματα
851 736 1087 792 ἐπουράνια
1127 736 1195 776 καὶ
1233 734 1413 783 σώματα
1450 733 1627 779 ἐπίτεια.

359 845 441 899 Εἷς
468 844 552 909 μὲν
581 847 605 896 ὁ
633 845 777 909 λόγος
804 842 921 895 καθὸ
948 848 1091 907 σῶμα
1114 843 1316 893 ἑκάστου
1340 844 1414 892 καὶ
1441 841 1543 892 ε”στι
1564 843 1639 892 καὶ
1663 842 1863 907 λέγεται,

282 927 507 994 μερίζεται
534 927 582 977 δὲ
618 930 681 980 εἷς
709 926 912 993 διάφορα
946 924 1055 976 καθ’
1096 924 1252 990 ἕτερόν
1277 947 1381 975 τινα
1419 923 1584 989 λόγον·
1637 924 1713 973 καὶ
1752 925 1864 973 ἀνα-

281 1009 508 1070 βιώσεται
546 1008 631 1071 μὲν
660 1009 707 1058 ἐν
732 1007 981 1076 ἀφθαρσίᾳ
1016 1005 1076 1057 τὰ
1111 1006 1302 1058 πάντων
1327 1005 1548 1069 σώματα,
1576 1004 1705 1068 πλὴν
1732 1004 1865 1055 ἔσται

282 1113 351 1144 τις
373 1088 579 1159 διαφορὰ
598 1089 707 1155 περί
730 1112 783 1154 γε
803 1087 889 1152 τὴν
912 1087 1057 1156 δόξαν
1078 1090 1153 1138 καὶ
1173 1087 1259 1151 τὴν
1284 1084 1576 1154 περιστολὴν
1602 1085 1659 1149 ἢν
1685 1090 1864 1137 ποιοῖτο
1888 1116 1935 1141 10

284 1170 421 1233 Θεὸς,
449 1170 507 1221 τὰ
531 1169 649 1236 πρὸς
676 1170 813 1238 ἀξίαν
838 1168 1025 1238 ἑκάστῳ
1051 1168 1294 1232 διανέμων.

331 1324 447 1364 Ἀλλ’
486 1324 614 1379 ἑτέρα
651 1323 727 1372 μὲν
766 1323 788 1364 ἡ
829 1322 916 1363 τῶν
954 1321 1224 1377 ἐπουρανίων
1263 1320 1379 1371 δόξα,
1417 1322 1542 1377 ἑτέρα
1581 1321 1627 1363 δὲ
1665 1322 1688 1363 ιῗι
1728 1322 1814 1363 τῶν

967 1403 1181 1451 ὲΠιΓείων.

355 1515 538 1566 Ἰστέον
569 1514 639 1565 ὅτι
679 1516 816 1565 δυσὶν
851 1515 1017 1581 ἀρτίως
1054 1513 1454 1580 παραδειγμάτων
1484 1518 1546 1567 εἷς
1583 1515 1733 1576 μέσον
1759 1516 1867 1579 ἡμῖν

282 1596 701 1664 παρενηνεγμένοιν
749 1602 830 1647 τοῦ
881 1619 929 1647 τε
981 1594 1100 1646 κατὰ
1142 1594 1223 1646 τὸν
1265 1595 1433 1646 κόκκον
1474 1598 1610 1664 φημὶ,
1662 1599 1738 1647 καὶ
1783 1603 1865 1648 τοῦ
1889 1624 1936 1661 15

284 1679 631 1745 διεκφαίνοντος
669 1677 755 1742 τὴν
785 1682 880 1728 τῶν
915 1677 1140 1742 οὐρανίων
1166 1677 1405 1739 σωμάτων
1442 1677 1528 1741 τὴν
1562 1680 1624 1732 ὡς
1663 1679 1711 1729 ἐν
1749 1677 1866 1748 δόξῃ

285 1760 531 1827 διαφορὰν,
560 1760 786 1827 ἀποφέρει
821 1759 935 1812 τέως
969 1759 1085 1825 πρὸς
1122 1757 1207 1823 τὴν
1234 1764 1315 1809 τοῦ
1348 1759 1537 1824 πρώτου
1565 1759 1759 1822 δύναμιν
1786 1763 1867 1824 τῆς

285 1847 379 1894 τῶν
406 1846 580 1908 νεκρῶν
605 1840 915 1895 ἀναστάσεως
940 1840 1202 1909 ἐμφέρειαν,
1233 1840 1313 1891 καί
1335 1845 1457 1909 φησι
1485 1839 1538 1891 τὸ
1564 1841 1688 1910 ἑξῆς·

528 1996 758 2053 Σπείρεται
790 1997 834 2037 ἐν
874 1999 1030 2054 φθορᾷ,
1067 1995 1275 2053 ἐτείρεται
1313 1996 1357 2037 ἐν
1396 1994 1629 2054 ἀφθαρσίᾳ.

351 2103 539 2170 ”Ονπερ
578 2102 671 2170 γὰρ
709 2101 885 2170 τρόπον
924 2104 948 2153 ὁ
987 2108 1070 2154 τοῦ
1108 2104 1246 2153 σίτου
1292 2103 1457 2157 κόκκος
1497 2105 1868 2169 ἐγκαταβληθεὶς
1890 2135 1939 2159 20

285 2191 353 2256 τῷ
388 2185 535 2255 βώλῳ
561 2184 737 2251 γυμνὸς
775 2186 850 2234 καὶ
888 2184 1060 2251 νεκρὸς,
1088 2187 1135 2235 ἐν
1165 2190 1430 2253 περιστολῇ
1461 2185 1683 2248 σώματος
1719 2188 1794 2237 καὶ
1820 2187 1869 2237 ἐν

286 2266 539 2334 προσθήκῃ
575 2265 781 2319 κάλλους
815 2266 998 2334 ἀναφὺς
1029 2265 1323 2331 θαυμάζεται,
1350 2266 1470 2317 κατὰ
1493 2266 1575 2317 τὸν
1600 2266 1741 2318 αὐτὸν
1765 2290 1870 2318 του-

288 2351 388 2399 τονὶ
420 2347 595 2414 τρόπον
621 2350 696 2398 καὶ
731 2347 784 2398 τὸ
819 2347 1112 2411 ἀνθρώπινον
1139 2352 1281 2410 σῶμα
1308 2350 1533 2417 σπείρεται
1560 2348 1644 2410 μὲν
1671 2349 1707 2400 ἐν
1733 2347 1871 2420 φθορᾷ

289 2432 364 2480 καὶ
401 2431 438 2481 ἐν
470 2428 667 2499 ἀσθενείᾳ
702 2452 750 2479 τε
789 2431 863 2479 καὶ
901 2430 938 2480 ἐν
970 2430 1146 2499 ἀτιμία,
1173 2429 1303 2492 πλὴν
1328 2428 1645 2490 ἀναβιώσεται
1678 2433 1788 2497 τιμῇ
1819 2453 1869 2480 τε

290 2512 366 2562 καὶ
400 2509 634 2580 ἀφθαρσίᾳ
661 2512 736 2560 καὶ
762 2509 855 2573 μὴν
880 2512 954 2560 καὶ
982 2506 1160 2577 δυνάμει
1189 2511 1623 2577 κατημφιασμένον.
1663 2510 1796 2579 ἄξιον
1822 2510 1870 2562 δὲ
1890 2532 1937 2570 25

291 2590 532 2654 θαυμάσαι
567 2596 649 2641 τοῦ
685 2589 913 2656 θεηγόρου
949 2589 1034 2654 τὴν
1061 2593 1220 2657 νῆψιν’
1273 2591 1603 2656 ἐρηρεισμένην
1634 2591 1724 2657 γὰρ
1751 2592 1870 2660 ἔχων

289 2672 375 2736 τὴν
398 2672 574 2732 πίστιν,
602 2674 677 2722 καὶ
704 2671 774 2721 ὅτι
799 2669 953 2734 πάντη
979 2694 1028 2721 τε
1055 2674 1127 2721 καὶ
1154 2671 1342 2725 πάντως
1367 2671 1682 2733 ἀναβιώσεται
1708 2696 1871 2725 πεποι-

290 2753 401 2816 θὼς,
431 2756 594 2821 σπορᾷ
630 2751 891 2818 παρεικάζει
929 2751 1016 2816 τὴν
1042 2758 1123 2803 τοῦ
1161 2753 1383 2817 σώματος
1422 2753 1620 2822 φθορὰν,
1647 2755 1871 2822 εὐτέχνως

336 2890 369 2926 5.
395 2881 685 2926 φησὶ-σπείρεις
703 2886 882 2926 assumpta
901 2893 940 2915 ex
959 2881 1001 2915 A.
1182 2881 1213 2916 6.
1244 2881 1323 2916 Hoc
1342 2881 1498 2917 scholion
1517 2887 1739 2927 assumptum
1759 2894 1799 2917 ex
1822 2882 1869 2917 H.

293 2940 347 2970 24.
374 2929 409 2962 ἐν
427 2929 484 2962 alt.
504 2939 573 2962 om.
596 2927 729 2972 Migne.
