2012 3272
83 143 138 184 iii.
158 147 252 198 5-8.
416 144 483 184 IN
520 143 862 184 EPISTOLAM
898 143 980 183 AD
1019 141 1326 182 ROMANOS.
1583 137 1662 178 177

80 249 300 317 ψεύστης·
351 256 579 302 καταθλεῖ
605 251 698 318 γὰρ
726 252 831 302 ἔσθ’
859 252 935 302 ὅτε
961 255 1043 314 τῆς
1076 250 1327 315 ἀνθρώπου
1363 249 1564 300 διανοίας
1599 249 1662 299 ὡς

80 334 284 399 ἁμαρτία
309 333 363 384 τὸ
389 338 577 402 ψεῦδος,
604 336 678 384 καὶ
710 334 895 400 δέχεταί
923 356 1022 386 πως
1049 333 1076 396 ἡ
1103 333 1249 399 φύσις
1275 333 1350 382 καὶ
1376 336 1459 382 τοῦ
1485 332 1662 381 τοιοῦδε

80 413 166 478 τὴν
191 415 350 465 νόσον·
397 418 470 467 ἐπὶ
498 416 553 466 δέ
575 439 628 481 γε
655 421 738 466 τοῦ
764 413 955 466 πάντων
980 420 1262 481 κρατοῦντος
1288 417 1427 476 Θεοῦ,
1453 410 1664 463 τοιοῦτόν

80 519 124 547 τι
164 501 282 547 νοεῖν
313 496 341 562 ἢ
375 497 528 563 λέγειν
554 498 608 547 οὐ
643 498 783 560 θεμις.
837 497 1005 547 οὐκοῦν
1043 496 1097 547 τό
1137 518 1191 561 γε
1231 496 1461 546 δύνασθαι
1499 497 1665 545 παθεῖν

38 599 60 636 5
81 578 135 629 τὸ
161 581 336 647 ψεῦδος
369 578 456 642 τὴν
487 579 736 645 ἀνθρώπου
772 579 936 646 φύσιν,
963 577 1109 643 ἤγουν
1134 577 1220 641 τὴν
1247 575 1465 639 διάνοιαν,
1491 574 1664 640 ἀληθὲς

80 660 214 710 ε”σται
239 660 293 711 τὸ
319 659 640 727 κατηγόρημα·
680 662 801 711 οὕτω
825 683 918 711 που
944 661 1067 730 φησὶ
1095 662 1169 710 καὶ
1193 661 1218 710 ὁ
1245 659 1468 725 μακάριος
1490 656 1665 708 Δαυείδ

1709 206 1856 250 [²M·]

81 748 107 770 ‘⁶
133 741 264 807 Ἐγὼ
297 740 404 793 εἶπα
434 744 481 793 ἐν
506 746 564 810 τῇ
598 741 822 793 ἐκστάσει
859 764 949 804 μου
977 745 1082 795 Πᾶς
1118 742 1365 807 ἅνθρωπος
1401 737 1662 807 ψεύστης·”
1681 749 1821 781 Pacxv.
1840 758 1868 781 ²·

81 823 106 873 ὁ
132 823 270 877 αὐτὸς
301 824 338 874 δ’
369 824 425 874 ἂν
450 824 632 891 γένοιτο
665 822 809 889 λόγος
847 823 957 889 περί
988 846 1036 874 τε
1066 827 1191 874 Θεοῦ
1226 824 1301 873 καὶ
1327 822 1459 886 ἡμῶν
1485 822 1561 871 καὶ
1589 821 1664 871 ἐπὶ

80 909 174 955 τῶν
213 905 379 956 ἄλλων
415 905 651 957 ἁπάντων·
706 904 803 956 οἷον
842 906 916 956 ἐπὶ
956 908 1038 969 τῆς
1069 904 1382 968 δικαιοσύνης,
1414 903 1532 972 φαίη
1571 900 1664 968 γὰρ

13 1010 61 1035 10
80 986 138 1036 ἄν
175 1009 244 1040 τις
282 989 357 1038 καὶ
396 988 479 1039 οὐκ
517 988 608 1056 ἔξω
647 988 796 1053 λόγου
836 985 1017 1038 Γινέσθω
1056 986 1228 1039 δίκαιος
1263 992 1280 1037 ὁ
1316 987 1440 1048 &aba
1481 985 1579 1039 πᾶς
1619 980 1664 1034 δὲ

79 1067 293 1138 ἄνθρωπος
325 1070 493 1123 ἄδικος.

245 1228 289 1270 Εἰ
329 1229 375 1271 δὲ
413 1231 436 1271 ἡ
476 1230 617 1271 ἀδικία
656 1232 778 1279 ἡμῶν
817 1231 926 1272 Θεοῦ
966 1230 1237 1272 ὃικαιοσύνΗν
1276 1228 1503 1271 novimum.

153 1344 218 1393 ‘H
246 1346 328 1407 τῆς
363 1344 578 1409 τοιαύτης
617 1348 844 1408 διαβολῆς
882 1343 1128 1413 πρόφασις
1166 1344 1375 1393 ἐντεῦθεν
1401 1358 1661 1407 γεγενηται’

80 1424 198 1488 μετὰ
233 1425 318 1489 τὴν
348 1424 442 1476 ἀπὸ
475 1430 764 1487 Βαβυλῶνος
802 1426 1030 1477 ἐπάνοδον
1070 1428 1112 1475 οἱ
1153 1426 1238 1475 υἱοὶ
1264 1422 1467 1489 Ἰσραὴλ
1506 1429 1666 1472 κελευ-

14 1523 60 1561 15
80 1506 272 1560 σθέντες
313 1508 402 1559 ὑπὸ
450 1508 609 1573 Κύρου
653 1509 995 1571 ἀναδείμασθαι
1040 1506 1122 1557 τὸν
1169 1504 1283 1556 νεὼν
1330 1506 1406 1556 καὶ
1451 1509 1667 1570 πληροῦν

80 1588 217 1656 εὐχὰς
251 1591 327 1640 καὶ
361 1589 624 1656 προσάγειν
649 1590 832 1652 θυσίας,
862 1589 1090 1655 γεγόνασι
1124 1587 1337 1656 ῥᾴθυμοι,
1365 1585 1662 1655 προφασιζό-

79 1692 208 1732 μενοι
248 1672 483 1738 πτωχείαν
525 1674 600 1722 καῖ
648 1671 733 1735 τὴν
775 1671 869 1722 ἀπὸ
907 1673 989 1734 τῆς
1037 1669 1368 1737 αἰχμαλωσίας
1416 1674 1661 1718 ταλαιπω-

79 1751 199 1817 ρίαν·
254 1752 400 1820 ταύτῃ
439 1753 725 1820 συμμέτροις
763 1751 1135 1821 ἐσωφρονίζοντο
1171 1751 1410 1813 παιδείαις,
1450 1751 1667 1819 ἀφορίαις

80 1838 273 1899 καρπῶν
299 1836 374 1884 καὶ
402 1836 545 1886 ὑετῶν
570 1836 774 1888 ἐνδείαις·
829 1832 1160 1901 ἀσχάλλοντες
1186 1832 1233 1883 δὲ
1259 1831 1377 1898 πρὸς
1403 1831 1486 1885 τὰς
1511 1831 1668 1882 τοιαύ-

13 1941 62 1965 20
80 1937 163 1968 τας
201 1914 411 1980 πληγὰς,
451 1915 725 1983 ἐμακάριζον
763 1914 848 1979 μὲν
887 1914 993 1969 τοὺς
1032 1916 1305 1981 ἀλλογενεῖς
1343 1915 1419 1964 καὶ
1457 1912 1564 1966 τοὺς
1601 1910 1667 1977 μὴ

81 1997 390 2051 δουλεύοντας
420 2002 486 2067 τῷ
513 2002 622 2067 Θεῷ
661 2000 722 2051 ὡς
757 1999 805 2048 ἐν
831 1998 1024 2065 εὐθυμία
1060 1996 1319 2062 διάγοντας,
1348 1997 1423 2046 καὶ
1453 1995 1669 2063 ἔφασκον

80 2080 294 2142 ἀμείνους
331 2080 506 2131 ἑαυτῶν
538 2079 762 2148 ὑπάρχειν
795 2079 1006 2132 ἐκείνους·
1061 2080 1137 2130 καὶ
1177 2083 1292 2144 γοῦν
1331 2077 1512 2145 ἔφασκε
1550 2076 1668 2144 πρὸς

1683 1226 1788 1274 5-8

81 2160 247 2214 αὐτοὺς
289 2163 551 2229 Μαλαχίας
590 2163 614 2212 ὁ
652 2161 902 2229 προφήτης
945 2168 971 2190 “
995 2160 1289 2226 Ἐβαρύνατε
1334 2161 1402 2210 ἐπ’
1443 2158 1522 2222 ἐμὲ
1559 2157 1668 2213 τοὺς
1684 2176 1890 2223 Ma1.iii.213-

83 2249 110 2272 “
133 2242 305 2308 λόγους
341 2245 482 2306 ὑμῶν,
519 2244 646 2309 λέγει
688 2243 873 2309 Κύριος,
910 2244 985 2292 καὶ
1024 2240 1181 2292 εἴπατε
1216 2242 1303 2291 Ἐν
1336 2240 1424 2291 τίνι
1459 2247 1662 2290 κατελα-

15 2331 109 2381 25“
137 2323 356 2388 λήσαμεν
394 2324 514 2376 κατὰ
551 2330 674 2387 σοῦ,
734 2324 905 2386 ε’ίπατε,
945 2322 1074 2391 φησί
1110 2321 1326 2376 Μάταιος
1367 2323 1392 2371 ὁ
1432 2321 1668 2372 δουλεύων

85 2412 111 2435 “
141 2409 263 2476 Θεῷ,
295 2409 370 2457 καὶ
401 2407 449 2458 τί
483 2407 632 2458 πλέον
667 2406 737 2456 ὅτι
769 2404 1074 2474 ἐφυλάξαμεν
1106 2404 1164 2454 τὰ
1191 2403 1486 2473 φυλάγματα
1512 2405 1667 2465 αὐτοῦ,

83 2494 110 2517 “
138 2490 214 2538 καὶ
244 2488 360 2539 διότι
395 2487 710 2554 ἐπορεύθημεν
746 2488 888 2538 ἱκέται
921 2487 1015 2553 πρὸ
1050 2486 1313 2551 προσώπου
1342 2486 1519 2551 Κυρίου
1548 2508 1668 2536 παν-

84 2575 111 2598 “
137 2567 448 2635 τοκράτορος;
503 2572 578 2620 καὶ
619 2575 700 2620 νῦν
740 2569 866 2633 ἡμεῖς
907 2567 1219 2634 μακαρίζομεν
1258 2569 1553 2633 ἀλλοτρίους,
1592 2568 1668 2617 καὶ

84 2657 111 2678 “
139 2652 545 2713 (ἐνοικοδομοῦνται
589 2656 830 2704 ποιοῦντες
871 2649 1036 2714 ἄνομα·
1094 2649 1394 2712 ἀντέστησαν
1441 2651 1549 2717 Θεῷ
1592 2649 1668 2698 καὶ

17 2749 67 2786 30
85 2737 112 2760 “
138 2733 404 2795 ἐσώθησαν.
445 2737 593 2783 ταῦτα
620 2731 958 2796 κατελάλησαν
985 2734 1025 2782 οἱ
1053 2729 1341 2799 φοβούμενοι
1366 2728 1450 2780 τὸν
1472 2730 1665 2796 Κύριον,

132 2891 166 2925 8.
192 2891 264 2937 ἐπὶ]
282 2893 360 2937 περὶ
378 2892 420 2927 Β.
590 2905 644 2928 11.
670 2891 800 2938 ἄδικος]
820 2892 978 2938 ψευστὴς
997 2892 1037 2927 Β.
1231 2903 1286 2936 29.
1310 2890 1498 2934 ἀντέθησαν
1515 2888 1604 2933 (Sic)
1624 2888 1667 2923 B.

88 2947 143 2980 30.
168 2938 226 2972 τὸν
243 2946 465 2984 assumptum
483 2951 524 2974 ex
544 2939 587 2973 B.

143 3003 235 3031 VOL.
260 3006 327 3032 ΙΙΙ.
846 3006 872 3032 Α
894 3008 917 3032 a

1687 2221 1736 2254 16.
