2012 3272
63 596 85 633 5

39 1015 87 1040 10

39 1421 84 1459 15

36 1837 85 1862 20

500 153 657 194 RlssSP.
692 155 772 194 Al)
804 154 915 196 '1¹1ss.
950 156 1298 199 SOCIOSQUE.
1610 165 1688 202 (301

106 258 437 323 ἀγαθουργίας,
466 261 621 312 ἔθεσιν
647 263 862 325 ἑπόμενοι
889 269 985 317 τοῖς
1012 271 1094 315 τοῦ
1120 265 1311 332 πατρός·
1359 270 1400 318 οἱ
1427 267 1574 333 γεμὴν
1603 270 1691 321 ὑπὸ

105 345 188 389 τοῦ
227 339 348 390 Καῒν
384 345 574 407 θρασεῖς
614 346 688 394 καὶ
728 345 951 410 ε’πάρατοι
991 349 1064 396 καὶ
1101 353 1197 398 πᾶν
1235 346 1353 402 εἶδος
1393 352 1692 418 φαυλότητος

104 421 298 483 ἑτοίμως
329 424 686 487 ἐπιτηδεύοντες,
721 425 777 490 ἧν
810 426 903 493 γὰρ
936 429 1089 482 αὐτοῖς
1124 436 1330 483 τοιοῦτος
1358 433 1433 481 καὶ
1461 433 1485 481 ὁ
1512 433 1683 499 πατήρ.

106 503 190 555 ἕως
216 501 301 565 μὲν
328 505 409 555 οὖν
436 505 561 569 ἦσαν
584 508 816 572 ἀλλήλοις
851 510 1023 573 ἄμικτα
1047 510 1106 561 τὰ
1137 513 1263 577 γε’νη,
1291 514 1536 580 διεσώζετο
1562 515 1692 582 παρὰ

107 589 200 637 τοῖς
221 585 313 636 ἀπὸ
333 586 482 641 ‘Evam
503 589 727 653 γεγονόσι
747 590 801 642 τὸ
828 593 876 642 ἐν
896 593 1069 660 ἀρίστῃ
1090 594 1360 659 διαπρέπειν
1381 595 1486 663 ζωῇ.
1535 597 1691 661 ἐπειδὴ

106 665 154 715 δὲ
181 669 221 716 οἱ
250 670 347 730 υἱοὶ,
370 672 533 737 φησὶν,
561 677 643 722 τοῦ
670 673 999 737 ἐπικληθέντος
1026 679 1148 737 θεοῦ,
1171 677 1400 740 τουτέστι,
1421 684 1503 729 τοῦ
1527 678 1691 742 Ἑνὼς,

105 746 189 800 τὰς
215 749 263 798 ἐκ
297 755 381 800 τοῦ
411 751 533 802 Καίν
560 754 818 820 θυγατερας
843 755 1097 820 τεθέανται,
1123 755 1179 811 ἃς
1207 760 1280 809 καὶ
1308 763 1401 809 τῶν
1429 761 1691 827 ἀνθρώπων

105 830 364 897 θυγατέρας
401 831 526 884 εἶπεν
551 835 578 898 ἡ
604 835 784 903 γραφή’
835 835 933 888 εἶτα
970 839 1387 907 προσεφθάρησαν
1414 843 1586 904 αὑταῖς,
1617 845 1691 893 καὶ

104 911 272 975 ἥττους
311 915 568 980 γεγόνασιν
610 921 824 985 αἰσχρῶν
863 922 1132 983 ἐπιθυμιῶν,
1174 926 1234 976 εἰς
1276 921 1334 973 τὰ
1374 924 1557 974 ἐκείνων
1600 925 1692 989 ἤθη

104 994 483 1061 μετετράπησαν.
524 998 632 1050 ὅθεν
666 1001 1004 1066 ἀγανακτήσας
1031 1003 1055 1052 ὁ
1083 1003 1221 1066 Θεὸς,
1250 1005 1581 1070 παρεσκεύασε
1606 1006 1691 1060 τὰς

103 1078 367 1141 αἱρεθείσας
401 1079 510 1146 παρ’
539 1082 693 1131 αὐτῶν
718 1087 939 1147 γυναῖκας
976 1086 1166 1148 δυσειδῆ
1202 1087 1372 1136 τίκτειν
1405 1089 1587 1153 τέρατα,
1614 1088 1691 1142 οὓς

105 1159 180 1207 καὶ
205 1158 404 1210 ἐκάλουν
428 1162 666 1227 γίγαντας,
689 1163 764 1214 διὰ
784 1164 837 1215 τὸ
859 1165 1057 1232 εἰδεχθὲς
1084 1169 1158 1217 καὶ
1184 1167 1355 1231 ἀπηνὲς
1383 1173 1477 1219 τῶν
1504 1169 1693 1236 τρόπων

104 1241 178 1289 καὶ
220 1239 273 1291 τὸ
309 1242 540 1308 ἀνήμερον
573 1246 768 1310 θράσος.
824 1249 898 1297 καὶ
937 1253 1052 1312 γοῦν
1091 1253 1132 1299 οὶ
1177 1249 1294 1312 μετὰ
1337 1249 1445 1304 τοὺς
1489 1251 1692 1317 ἑβδομή-

105 1343 247 1373 κοντα
291 1324 536 1389 γεγονότες
582 1327 854 1392 ἑρμηνευταῖ
905 1330 1137 1396 τέσσαρες
1182 1331 1435 1386 ἐκδιδόντες
1482 1333 1540 1383 τὰ
1585 1335 1691 1401 περὶ

104 1403 186 1454 τὸν
213 1405 376 1469 τόπον,
409 1407 462 1457 οὐ
501 1408 806 1475 γεγράφασιν
834 1409 904 1461 ὅτι
936 1415 978 1461 οἱ
1016 1415 1101 1462 υἱοὶ
1141 1418 1222 1464 τοῦ
1249 1417 1374 1464 Θεοῦ
1403 1414 1574 1468 ἰδόντες
1608 1415 1692 1469 τὰς

104 1487 364 1552 θυγατέρας
401 1493 495 1538 τῶν
535 1491 812 1557 ἀνθρώπων·
866 1494 976 1543 ἀλλ’
1007 1495 1030 1543 ὁ
1057 1493 1141 1556 μέν
1181 1498 1244 1545 Οἱ
1285 1499 1370 1546 υἱοὶ
1411 1501 1505 1547 τῶν
1544 1500 1687 1548 δυνα-

104 1567 384 1632 στευόντων,
412 1572 437 1621 ὁ
465 1570 527 1634 δὲ,
557 1575 642 1622 υἱοὶ
667 1577 761 1623 τῶν
784 1577 1045 1627 δυναστῶν.
1099 1576 1328 1627 ἀσύνετον
1355 1577 1402 1628 δὲ
1430 1578 1483 1628 τὸ
1511 1579 1692 1630 οἴεσθαι

102 1648 209 1704 τοὺς
243 1651 526 1714 ἀσωμάτους
565 1655 787 1718 δαίμονας
825 1658 1025 1722 ἐνεργεῖν
1063 1657 1294 1709 δύνασθαι
1335 1659 1392 1709 τὰ
1431 1660 1687 1723 σωμάτων,

103 1732 178 1781 καὶ
214 1731 268 1782 τὸ
306 1733 436 1798 παρὰ
475 1734 624 1802 φύσιν
663 1738 782 1787 ἰδίαν
819 1739 1064 1790 ἐπιτελεῖν.
1117 1739 1248 1790 οὐδὲν
1284 1740 1375 1807 γὰρ
1413 1746 1508 1792 τῶν
1543 1741 1692 1793 ὄντων

103 1811 295 1864 δύναται
321 1814 380 1865 τὰ
413 1815 543 1881 παρὰ
569 1818 719 1886 φύσιν
743 1822 873 1885 δρᾶν,
900 1821 1010 1870 ἀλλ’
1039 1821 1242 1872 ἕκαστον
1269 1824 1328 1875 ὡς
1352 1823 1544 1889 γε’γονεν
1570 1826 1691 1875 οὕτω

102 1893 242 1957 με’νει,
283 1895 418 1965 τάξιν
462 1899 714 1964 ὁρίσαντος
758 1902 946 1972 ἑκάστῳ
986 1906 1124 1954 Θεοῦ.
1172 1903 1310 1958 αὐτὸς
1355 1904 1449 1972 γάρ
1489 1907 1621 1957 ἐστιν
1665 1908 1690 1957 ὁ

101 1976 293 2028 πάντων
323 1979 653 2046 γενεσιουργὸς
690 1985 765 2033 καὶ
796 1988 893 2037 τοῖς
925 1985 1067 2035 αὑτοῦ
1103 1984 1332 2049 νεύμασιν
1364 1987 1566 2038 ἕκαστον
1595 1993 1690 2039 τῶν

102 2056 251 2109 ὄντων
281 2060 412 2110 ἐστὶν
448 2060 473 2111 ὅ
508 2063 656 2113 ἐστιν.
707 2063 865 2115 ἱστεόν
904 2064 952 2116 δὲ
990 2065 1110 2131 πρὸς
1150 2067 1300 2137 τούτῳ
1343 2070 1540 2120 κάκεῖνο.
1597 2069 1690 2137 ἔχει

154 2216 182 2238 1.
207 2204 434 2250 ἀγαθουργίας
452 2205 540 2240 A.C.
558 2206 783 2254 ἅγαθοεργίας
802 2209 869 2244 Ed.
941 2211 1006 2245 ὑπὸ
1025 2210 1114 2246 A.C.
1132 2211 1198 2245 ἀπὸ
1218 2211 1284 2246 Ed.
1427 2224 1461 2258 3.
1487 2214 1541 2247 καὶ
1558 2225 1628 2249 om.
1648 2214 1688 2249 C.

101 2262 134 2292 4.
160 2251 221 2293 μὲν
238 2250 313 2296 οὖν]
331 2252 437 2296 γεμὴν
453 2251 512 2286 οὖν
531 2252 573 2288 C.
646 2255 686 2289 τὰ
704 2267 773 2289 om.
795 2255 837 2289 C.
1058 2267 1091 2299 5.
1118 2257 1153 2291 ἐν
1169 2258 1293 2302 ἀρίστῃ
1311 2258 1506 2303 διαπρέπειν
1523 2263 1558 2294 et
1575 2261 1606 2294 οἱ
1624 2261 1690 2294 υἱοὶ

101 2297 212 2340 φησὶν
228 2297 295 2330 hoc
312 2297 434 2331 ordine
451 2298 540 2333 A.C.
831 2303 864 2337 8.
890 2303 1077 2348 θυγατέρας
1093 2301 1186 2338 εἶπεν
1203 2304 1220 2347 ἡ
1239 2305 1356 2350 γραφὴ
1374 2305 1441 2339 hoc
1460 2305 1582 2340 ordine
1599 2307 1690 2342 A.C.

102 2343 288 2388 θυγατέρας
304 2350 383 2388 post
399 2345 517 2389 γραφὴ
535 2347 732 2390 transponit
752 2347 818 2382 Ed.
998 2361 1031 2393 9.
1057 2350 1176 2394 ἥττους
1192 2353 1356 2395 γεγόνασι
1374 2351 1440 2385 hoc
1458 2352 1580 2387 ordine
1597 2353 1688 2387 A.C.

102 2389 301 2435 ἐπιθυμιῶν]
325 2394 363 2431 -1-
385 2391 437 2424 καὶ
465 2391 511 2425 D.
532 2392 598 2426 Ed.
617 2394 898 2438 repugnantibus
916 2395 1007 2430 A.C.
1130 2408 1183 2431 10.
1208 2396 1286 2431 ὅθεν
1302 2397 1538 2442 ἀγανακτήσας
1556 2400 1688 2434 A.C.F.

101 2435 336 2480 ἀγανακτήσας
353 2437 400 2471 D.
418 2437 654 2482 ἀγανακτήσας
671 2440 707 2473 δέ
728 2440 794 2474 Ed.
1025 2453 1039 2476 Ι
1051 2454 1078 2477 ῐ.
1104 2442 1313 2489 αἱρεθείσας]
1333 2444 1528 2489 ληφθείσας
1545 2446 1599 2479 καὶ
1615 2447 1689 2481 ε’πι-

101 2481 309 2526 θυμηθείσας
327 2482 368 2518 C.
439 2483 518 2528 παρ’
535 2485 645 2519 αὐτῶν
660 2488 820 2531 γυναῖκας
838 2487 904 2522 hoc
922 2488 1043 2522 ordine
1061 2488 1151 2524 A.C.
1437 2502 1491 2525 12.
1517 2492 1685 2537 εἰδεχθὲς]

105 2532 142 2567 -f-
164 2529 218 2562 καὶ
243 2530 281 2563 τὸ
307 2529 343 2563 ἐν
364 2531 410 2575 τῷ
437 2531 584 2575 ὁρᾶσθαι
609 2533 838 2576 μεμισημένον
862 2534 960 2579 γένος
983 2536 1160 2580 γηγάντων
1184 2537 1237 2570 καὶ
1263 2537 1416 2572 δυσειδὲς
1441 2540 1544 2583 ἤγουν
1569 2539 1623 2572 διὰ
1648 2540 1686 2572 τὸ

100 2574 250 2619 εἰδεχθὲς
268 2575 347 2619 (Sic)
366 2576 407 2611 C.
509 2588 562 2620 14.
579 2580 760 2623 γεγονότας
779 2580 859 2625 (Sic)
881 2580 921 2614 C.
987 2582 1172 2617 ἐκδιδόντες
1188 2584 1229 2616 τὰ
1246 2584 1324 2627 περὶ
1341 2585 1399 2617 τὸν
1416 2586 1521 2617 τόπον
1537 2585 1580 2618 Α.
1600 2585 1688 2619 ἐκδι·

100 2620 237 2656 δοῦντες
261 2622 320 2657 τὰς
343 2623 421 2666 περὶ
441 2622 569 2658 τούτων
589 2626 647 2658 τὸν
664 2627 790 2669 τρόπον
809 2626 892 2670 (Sic)
913 2626 954 2662 C.
972 2629 1012 2661 τὰ
1029 2628 1107 2671 περὶ
1123 2630 1181 2663 τὸν
1198 2631 1302 2663 τόπον
1319 2630 1505 2666 ἐκδιδόντες
1524 2631 1570 2665 D.
1584 2631 1687 2666 Vulc.

100 2667 141 2699 τὰ
157 2668 236 2711 περὶ
252 2670 371 2702 τοῦτον
387 2670 446 2703 τὸν
462 2671 566 2704 τόπον
584 2671 651 2704 ἐκδ.
672 2671 738 2706 Ed.
758 2685 799 2706 ex
817 2673 980 2707 Vulcanii
997 2675 1086 2708 inter
1104 2682 1215 2709 errata
1232 2675 1482 2710 emendatione.
1588 2677 1640 2711 16.
1668 2680 1686 2711 ὁ

99 2713 160 2756 μὲν
177 2714 208 2746 οἱ
226 2714 361 2748 Α.]).Γ.
379 2716 410 2748 οἶ
430 2715 470 2749 C.
489 2717 596 2760 οἱμὲν
613 2717 681 2752 Ed.
847 2728 900 2764 17.
927 2722 945 2753 ὁ
963 2721 999 2754 δὲ
1019 2720 1099 2764 (sic)
1119 2723 1203 2756 A.P.
1223 2723 1254 2755 οἱ
1272 2722 1308 2756 δέ
1321 2722 1374 2756 .D.
1395 2722 1461 2756 Ed.
1512 2722 1637 2760 Statim
1655 2724 1687 2757 οἱ

100 2758 198 2792 addit
213 2759 259 2793 D.
278 2762 296 2793 ὁ
309 2760 346 2794 δέ
360 2761 425 2794 υἱοὶ
438 2764 504 2796 τῶν
518 2762 693 2797 δυναστῶν
709 2776 779 2798 om.
797 2764 838 2799 C.
911 2767 949 2800 τὸ
967 2773 1188 2811 assumptum
1207 2780 1248 2801 ex
1267 2768 1405 2802 A.C.D.
1515 2769 1567 2802 18.
1593 2769 1685 2813 ἐνερ-

99 2807 172 2848 γεῖν
188 2804 353 2840 δύνασθαι
375 2807 416 2840 τὰ
436 2809 602 2851 σωμάτων
618 2809 684 2844 hoc
705 2810 827 2845 ordine
844 2811 934 2846 A.C.
957 2813 1104 2858 ἐνεργεῖν
1120 2820 1200 2858 post
1218 2816 1384 2857 σωμάτων
1400 2815 1598 2858 transponit
1616 2815 1685 2849 Ed.

104 2861 158 2895 19.
183 2853 222 2885 τὸ
240 2863 309 2886 om.
330 2851 370 2886 C.
516 2865 569 2888 20.
598 2856 636 2889 τὰ
655 2856 789 2892 Α.Ι).Γ.
807 2859 845 2892 τὸ
865 2858 933 2892 Ed.
952 2863 1117 2893 neutrum
1137 2860 1242 2894 habet
1261 2861 1302 2894 C.
1374 2859 1482 2904 παρὰ]
1506 2864 1543 2900 -4-
1564 2861 1624 2904 τὴν
1643 2860 1683 2895 C.

102 2908 157 2931 21.
183 2897 332 2943 ἑκάστῳ]
357 2903 393 2938 -ξ-
415 2902 473 2933 τοῦ
492 2900 533 2934 C.
840 2915 895 2938 22.
921 2907 992 2940 τοῖς
1009 2906 1111 2939 αὐτοῦ
1129 2907 1256 2941 Α.Ο.Γ.
1277 2906 1388 2950 κύριος
1406 2906 1444 2940 οὗ
1462 2908 1531 2941 τοῖς
1550 2907 1595 2941 D.
1616 2907 1683 2943 Ed.

102 2954 157 2987 23.
183 2943 290 2989 τούτῳ
308 2945 402 2979 A.D.
422 2948 520 2980 τοῦτο
540 2946 580 2980 C.
600 2947 666 2981 Ed.

158 3012 249 3041 τοι.
275 3014 342 3042 111.
879 3022 905 3057 4
928 3019 955 3046 H

1755 770 1837 800 Gen.
1856 769 1897 799 vi.

1711 1117 1732 1140 a
1752 1108 1838 1143 385
1862 1108 1913 1142 A.

1708 1677 1735 1718 b
