2017 3252
327 116 412 156 478
638 118 687 158 B.
721 115 967 156 CYRILLI
1008 115 1354 156 ALEXANDR.
1389 118 1612 159 FRAGM.

329 223 584 286 ἀσώματον
611 224 694 273 οὐκ
732 224 811 285 ἔτι,
841 222 1096 284 δυνάμενον
1133 221 1180 273 δὲ
1218 223 1306 286 ἤδη
1345 225 1420 274 καὶ
1460 225 1508 274 ἐν
1542 223 1673 294 τόπῳ
1712 230 1915 277 νοεῖσθαι

330 309 510 367 λαβεῖν,
556 305 663 354 ’lo-ov
706 327 754 355 τε
800 305 1022 369 γενέσθαι
1066 307 1378 372 περιγραφῆς·
1451 303 1548 355 εἶτα
1598 305 1717 371 πρὸς
1766 307 1916 376 τούτῳ

330 388 513 436 κάκεῖνο
550 389 777 450 περινοεῖν
803 390 903 438 πῶς
934 386 1017 436 οὐκ
1050 385 1139 435 ε”δει
1173 384 1279 438 τοὺς
1315 384 1370 436 δι’
1398 386 1604 439 ἐναντίας
1643 388 1704 439 ὡς
1737 389 1917 438 ὑποκει-

329 467 469 529 μένου
499 470 565 535 τῷ
593 467 735 535 Λόγῳ
766 467 988 529 σώματος
1021 465 1120 519 ἑνὸς
1152 468 1346 516 ὁτουοῦν
1372 465 1487 532 ὅπερ
1514 465 1573 517 ἂν
1598 467 1740 517 πάθοι
1763 469 1916 534 μέρος,

330 553 469 598 τοῦτο
495 545 551 610 δὴ
577 547 765 600 πάντως
792 549 1005 598 πείσεται
1036 549 1112 598 καὶ
1143 546 1196 598 τὸ
1226 551 1322 598 πᾶν
1349 547 1468 598 κατὰ
1492 547 1546 598 τὸ
1572 549 1823 615 ἐγχωροῦν·
1864 550 1917 599 οὐ
1937 569 1959 607 5

331 628 424 695 γὰρ
450 627 508 679 ἂν
533 629 598 679 ἑνὶ
629 633 722 679 τῶν
748 630 923 695 μορίων
949 628 1128 692 συνέβη
1161 627 1215 679 τὸ
1247 632 1427 691 παθεῖν,
1454 632 1492 678 εἰ
1526 627 1590 692 μὴ
1626 635 1709 679 τοῦ
1742 629 1918 683 παντὸς

331 709 556 773 σώματος
591 708 774 774 δεκτικὴ
801 715 884 760 τοῦ
917 714 1084 761 παθεῖν
1110 711 1138 773 ἡ
1167 708 1312 777 φύσις
1346 708 1417 773 ἧν·
1470 711 1552 760 οὐκ
1587 711 1773 775 ἐπείπερ
1799 711 1919 775 ἡμᾶς

332 792 408 841 καὶ
445 791 533 858 οὐχ
575 790 764 844 ἑκόντας
802 790 1128 857 καταβιάζεται
1171 795 1265 841 τῶν
1304 793 1490 842 ἐννοιῶν
1529 792 1557 855 ἡ
1600 790 1815 851 βάσανος
1856 795 1919 845 εἷς

333 871 640 936 ἀνεθελήτους
679 872 832 922 ἵεσθαι
869 870 1056 937 λόγους,
1082 873 1424 937 συγγνώμονας
1460 873 1675 936 γίνεσθαι
1707 895 1920 939 παρακα-

334 958 527 1006 λοῦντες
564 952 647 1004 τὸν
680 959 762 1004 τοῦ
791 957 916 1003 Θεοῦ
943 951 1116 1018 Λόγον,
1148 953 1290 1003 ἐκεῖνό
1329 957 1499 1021 φαμεν,
1530 956 1592 1007 ὡς
1630 954 1756 1020 εἴπερ
1791 957 1920 1006 ἐστὶν
1942 980 1989 1004 10

334 1033 521 1098 ἀληθὲς,
549 1033 618 1084 ὅτι
649 1033 703 1084 τὸ
736 1032 855 1084 εἷναί
884 1057 928 1084 τι
963 1037 1270 1100 παρατροπῆς
1309 1036 1390 1085 οὐκ
1426 1035 1532 1101 ἔχει,
1560 1036 1662 1086 οὔτε
1688 1026 1781 1100 μὴν
1811 1035 1917 1086 ἀνέ-

336 1125 506 1184 φικτον
544 1116 668 1184 αὐτῷ
706 1114 760 1165 τὸ
798 1119 965 1166 παθεῖν
993 1115 1151 1178 αὐτὴν,
1178 1115 1460 1178 διαβήσεταί
1491 1138 1583 1167 που
1620 1115 1807 1177 πάντως
1846 1119 1921 1167 καὶ

335 1201 397 1249 εἷς
435 1194 576 1247 αὐτὸν
614 1194 696 1247 τὸν
733 1195 925 1262 Πατέρα
969 1197 1044 1246 καὶ
1091 1199 1153 1248 εἰς
1196 1195 1250 1246 τὸ
1292 1199 1486 1258 Πνεῦμα
1531 1196 1585 1247 τὸ
1621 1195 1796 1262 ’Ἀγιον
1839 1200 1923 1261 τῆς

336 1278 610 1346 δυσφημίας
659 1277 687 1340 ἡ
740 1277 951 1340 δύναμις·
1022 1277 1250 1340 ὁμοουσία
1303 1276 1395 1342 γάρ
1439 1279 1571 1328 ἐστιν
1614 1278 1642 1341 ἡ
1686 1279 1796 1344 ἁγία
1847 1280 1923 1329 καὶ

337 1357 570 1425 ἄχραντος
603 1357 763 1424 Τριάς.
816 1356 915 1408 εἶτα
957 1358 1097 1409 ποίαν
1135 1358 1200 1408 ε”τι
1245 1357 1330 1421 τὴν
1369 1357 1500 1424 παρὰ
1539 1362 1662 1409 Θεοῦ
1706 1362 1917 1425 προσδο-
1946 1384 1992 1423 15

337 1442 490 1503 κῶμεν
515 1439 789 1508 ἀσφάλειαν
816 1439 864 1490 ε”ν
890 1462 945 1505 γε
970 1444 1065 1492 τοῖς
1092 1440 1199 1489 καθ’
1229 1438 1430 1502 ἑαυτοὺς,
1458 1443 1496 1489 εἰ
1532 1441 1606 1490 καὶ
1644 1439 1781 1493 αὐτὸς
1812 1440 1921 1505 μεθ’

339 1521 470 1584 ἡμῶν
496 1521 690 1571 ἀσθενεῖ
708 1523 784 1571 καὶ
809 1519 891 1571 τὸν
915 1520 988 1589 ἐφ’
1018 1517 1048 1570 ἃ
1081 1519 1145 1584 μὴ
1182 1520 1310 1583 θέμις
1346 1524 1486 1571 εἰπεῖν
1513 1521 1771 1588 ὑφίσταται
1803 1520 1920 1572 κλό-

119 1624 202 1655 Mal.
218 1622 264 1654 iii.
282 1621 312 1654 6.
341 1623 446 1664 νον;
490 1602 636 1652 καίτοι
679 1601 904 1666 λε’γοντος
942 1603 1147 1667 ἐναργῶς
1185 1601 1455 1665 ἠκούσαμεν
1492 1609 1520 1631 ‘⁶
1538 1599 1686 1653 Ἴδετε
1725 1602 1795 1653 ὅτι
1831 1603 1924 1668 ἐγώ

341 1691 368 1713 “
395 1687 486 1747 εἶμι
516 1685 592 1734 καὶ
624 1684 707 1734 οὐκ
737 1684 1044 1747 ἠλλοίωμαι,”
1079 1682 1266 1751 ψάλλει
1297 1684 1353 1733 δέ
1378 1706 1471 1734 που
1512 1706 1588 1734 και
1623 1685 1647 1734 ὁ
1671 1684 1925 1737 θεσπέσιος

122 1781 231 1813 Psoi.
252 1781 314 1813 26-
342 1764 554 1834 μελῳδὸς
587 1764 657 1815 ὅτι
684 1771 710 1793 “
732 1765 846 1830 ἔργα
872 1768 966 1815 τῶν
998 1769 1165 1831 χειρῶν
1196 1787 1289 1815 σου
1317 1767 1434 1815 εἰσιν
1467 1787 1508 1814 οι
1541 1766 1740 1830 οὐρανοί.
1796 1766 1923 1816 αὐτοὶ
1946 1795 1995 1819 20

123 1825 173 1856 ²8'
345 1853 371 1876 ‘⁶
396 1847 697 1907 ἀπολοῦνται,
737 1868 801 1896 συ
839 1845 888 1896 δὲ
926 1845 1161 1909 διαμενεις·
1202 1867 1277 1895 και
1307 1844 1475 1899 πάντες
1515 1847 1577 1899 ὡς
1616 1846 1797 1909 ἱμάτιον
1834 1869 1926 1897 πα-

344 1934 371 1956 “
395 1927 759 1991 λαιωθήσονται,
803 1929 878 1977 καὶ
925 1928 1039 1977 ὡσεὶ
1081 1924 1387 1992 περιβόλαιον
1429 1925 1597 1995 ἑλίξεις
1641 1927 1806 1980 αὐτοὺς
1851 1930 1926 1978 καὶ

343 2014 370 2037 “
396 2007 775 2072 ἀλλαγήσονται·
818 2007 883 2058 σὺ
926 2006 974 2058 δὲ
1020 2009 1044 2057 ὁ
1090 2006 1227 2061 αὐτὸς
1273 2005 1324 2070 εἶ,
1366 2008 1442 2058 καὶ
1484 2008 1544 2058 τὰ
1586 2008 1664 2071 ἐτη
1708 2030 1800 2059 σου
1844 2010 1925 2060 οὐκ

125 2111 138 2133 ι
158 2103 230 2134 Cor.
247 2103 313 2135 xiv.
343 2095 371 2118 ‘⁶
398 2089 763 2156 ἐκλείψουσιν;”
816 2089 946 2152 ἄθρει
972 2088 1028 2152 δὴ
1056 2089 1137 2139 οὖν
1163 2087 1232 2138 ὅτι
1261 2088 1499 2154 μυστήρια
1525 2093 1692 2139 λαλῶν
1717 2090 1766 2140 ἐν
1789 2089 1926 2141 πνεύ-

122 2155 151 2176 2'
342 2192 455 2234 ματι
492 2172 568 2220 καὶ
607 2170 900 2223 θεοδίδακτος
932 2169 1009 2232 ὢν,
1036 2170 1093 2236 τῇ
1129 2168 1213 2232 μὲν
1239 2169 1382 2238 φύσει
1416 2173 1510 2220 τῶν
1536 2174 1745 2235 γενητῶν
1768 2193 1923 2236 προσ·
1947 2191 1994 2228 25

343 2251 507 2319 ε’ῤῥιψε
532 2250 618 2314 τὴν
644 2249 838 2316 τροπὴν,
863 2252 924 2304 ὡς
960 2252 1008 2301 ἐν
1041 2249 1172 2319 τάξει
1208 2251 1587 2317 παραδείγματος
1624 2250 1769 2316 ἤγουν
1801 2253 1921 2303 ἀπο-

343 2331 543 2399 δείξεων,
568 2331 996 2395 παλαιωθήσεσθαι
1034 2332 1189 2397 λέγων
1220 2331 1327 2385 τοὺς
1367 2330 1601 2397 οὐρανοὺς,
1627 2330 1846 2397 τετήρηκε
1878 2332 1927 2383 δὲ

343 2411 397 2462 τὸ
428 2412 659 2478 ἄτρεπτον
693 2416 759 2481 τῷ
797 2414 871 2463 ἐπὶ
908 2411 1088 2466 πάντας
1117 2416 1240 2481 Θεῷ·
1284 2411 1338 2463 τὸ
1376 2411 1470 2478 γὰρ
1508 2410 1625 2462 εἶναι’
1657 2435 1707 2463 τε
1744 2414 1812 2462 ἀεὶ
1850 2415 1926 2464 καὶ

344 2492 676 2546 ἀναλλοιώτως
704 2493 825 2560 ἔχειν
850 2493 1333 2559 προσμεμαρτύρηκεν
1359 2494 1498 2561 αὐτῷ.
1551 2491 1715 2559 ὥσπερ
1749 2492 1797 2543 δὲ
1831 2498 1926 2544 τῶν

344 2572 599 2641 ἀμηχάνων
642 2571 755 2624 εἶναι
798 2575 1105 2625 πεπίστευται
1149 2572 1203 2624 τὸ
1243 2573 1473 2624 δύνασθαι
1516 2578 1801 2637 μεταβαλεῖν
1840 2574 1926 2639 τὴν
1946 2600 1995 2636 30

393 2719 425 2743 2.
450 2706 544 2753 ἰ’σον]
567 2707 771 2754 Legendum
790 2714 829 2742 ut
846 2708 1337 2767 videt11r'elffoe.ros1r9
1356 2721 1384 2743 c.
1589 2721 1622 2751 4.
1648 2707 1737 2753 ἑνὸς]
1757 2710 1876 2743 ἑνωσει
1894 2720 1924 2743 c.

344 2769 466 2798 μετρος
483 2766 513 2788 c.
709 2763 741 2800 7.
759 2754 836 2800 οὐκ]
858 2754 1063 2800 Legendum
1082 2759 1121 2788 ut
1139 2754 1275 2789 videtur
1293 2756 1424 2789 οὐκοῦν.
1588 2767 1621 2800 9.
1648 2754 1874 2798 ἀναθελήτους
1889 2754 1924 2788 b.

344 2799 474 2846 ἵεσθαι]
495 2800 634 2835 ἑλέσθαι
653 2812 682 2834 c.
855 2813 867 2834 1
879 2812 907 2834 Ι.
934 2815 965 2834 τι
983 2812 1052 2834 om.
1072 2813 1102 2835 c.
1174 2802 1406 2847 παρατροπῆς]
1425 2800 1657 2846 legendumne
1673 2816 1758 2846 περα
1775 2802 1920 2845 τροπῆς
1912 2802 1924 2832 ?

350 2856 401 2890 15.
428 2847 687 2899 προσδοκοῦμεν
705 2859 733 2881 c.
959 2847 1011 2880 18.
1037 2845 1142 2891 ίδετε]
1167 2852 1202 2888 -1-
1223 2862 1263 2891 με
1281 2860 1310 2882 c.
1528 2858 1580 2891 19.
1607 2847 1790 2883 θεσπεσιος
1807 2858 1876 2881 om.
1896 2858 1926 2881 C.

347 2904 401 2935 24.
428 2898 485 2928 οὐν
502 2905 571 2928 om.
591 2905 620 2927 c.
766 2901 820 2935 25.
848 2892 1081 2927 θεουδιδακτος
1101 2906 1129 2928 C
1274 2904 1331 2935 20.
1355 2893 1583 2928 ἀναλλοίωτον
1600 2904 1630 2928 c
