1981 3267
55 1744 150 1776 Hier.
169 1755 200 1776 x.

56 1797 108 1819 ¹21.

279 147 335 187 64
682 146 732 186 B.
765 145 1044 187 CYRILLI
1086 147 1467 188 ALEXANDR.
1660 147 1745 188 xix.
1763 157 1803 202 5,
1821 147 1861 186 6.

278 256 425 308 οὕτως
459 254 761 321 οἶκτροτάτης
795 278 845 306 τε
877 259 950 306 καὶ
979 255 1260 320 ἀτιμοτάτης
1287 258 1410 311 θεάς.
1466 260 1508 307 οἱ
1544 256 1591 308 δὲ
1618 258 1864 325 ἀφεστᾶσι

278 342 483 387 τοσοῦτο
515 342 598 388 τοῦ
631 339 707 388 καὶ
737 340 879 388 εἰπεῖν
904 360 948 387 τι
975 339 1050 388 καὶ
1077 341 1249 403 δρᾶσαι
1277 337 1618 406 φιλάνθρωπον
1642 340 1710 389 ἐπ’
1738 339 1865 407 αὐτῷ

278 420 354 469 καὶ
390 422 485 469 τῶν
511 423 574 472 εἷς
605 418 910 486 χρηστότητα
945 419 1208 470 τελούντων
1239 418 1463 486 ἅψασθαι
1503 424 1767 486 λογισμῶν,
1803 422 1866 473 ὡς

278 502 355 551 καὶ
404 499 644 565 ὠμότητος
697 504 1041 567 θηριοπρεποῦς
1096 500 1334 555 πεσόντας
1385 502 1592 552 ἐπέκεινα
1641 501 1760 568 πρὸς
1810 500 1864 552 τὸ

278 582 433 648 μεῖζον
474 582 690 648 α’ίρεσθαι
734 588 818 632 τοῦ
864 587 1008 633 κακοῦ
1055 585 1129 633 καὶ
1176 582 1461 649 θερμοτέραν
1498 587 1736 634 ποιεῖσθαι
1779 581 1907 647 τὴν5

278 663 519 727 καταβοὴν
546 664 858 734 ἀπηνεστάτιρ
884 663 1073 733 θανάτῳ
1108 664 1510 731 καταδικάζοντας,
1538 667 1613 716 καὶ
1644 664 1704 716 τὰ
1739 665 1860 717 πάν-

278 769 374 797 των
400 746 631 814 αἴσχιστα
661 750 828 798 παθεῖν
853 745 1214 813 ἀναγκάζοντας.
1263 752 1398 799 ποῖον
1424 746 1516 814 γὰρ
1543 749 1664 799 οὕτω
1698 748 1867 815 πικρὸν

233 838 260 879 (1
280 827 337 878 ἂν
374 828 556 893 γε’νοιτο
596 828 931 895 κολαστήριον,
968 831 1030 883 ὡς
1065 830 1090 880 ὁ
1129 831 1202 881 ἐπὶ
1244 828 1394 898 ξύλου
1424 829 1663 896 σταυρός;
1707 830 1866 894 μόνοις

279 908 341 973 δὲ,
369 911 431 964 ὡς
457 910 591 969 εἰκὸς,
620 909 706 975 τὴν
732 914 815 975 τῆς
841 910 1079 976 τοσαύτης
1113 912 1396 973 δυσσεβείας
1432 912 1584 980 ἀρχὴν
1607 915 1867 981 προσῆψεν

279 993 304 1042 ὁ
330 992 614 1062 σοφώτατος
635 992 999 1060 Εὐαγγελιστὴς
1024 998 1119 1047 τοῖς
1139 994 1377 1045 Ἰουδαίων
1397 998 1697 1059 καθηγηταῖς.
1737 995 1864 1061 ἄθρει

277 1073 372 1141 γὰρ
404 1074 530 1129 ὅπως
564 1074 682 1138 μετὰ
717 1076 921 1142 δριμείας
959 1073 1121 1142 ὥσπερ
1152 1078 1234 1140 τῆς
1266 1076 1582 1142 ἐπιτηρήσεως
1608 1077 1735 1143 λέγει
1759 1074 1867 1128 “Ore

280 1155 342 1208 οὖν
369 1154 473 1208 εἶδον
501 1156 626 1209 αὐτὶν
647 1163 680 1208 οἱ
700 1161 911 1228 ἀρχιερεῖς
940 1162 1017 1209 καὶ
1048 1164 1080 1209 οἱ
1109 1159 1331 1226 ὁπήρεται,
1352 1157 1639 1226 ἐκραύγασαν
1664 1159 1867 1225 λέγοντες

279 1238 533 1309 Σταύρωσον
565 1238 826 1309 σταύρωσον.
880 1244 963 1290 τοῦ
996 1238 1090 1305 γὰρ
1125 1240 1349 1305 ἀγελαίου
1386 1239 1600 1304 πλήθους
1638 1240 1725 1292 κᾶν
1750 1247 1867 1308 γοῦν

278 1323 476 1388 μετρίως
506 1327 602 1375 τοῖς
633 1321 752 1372 κατὰ
779 1325 996 1388 Χριστοῦ
1022 1320 1274 1388 γεγονόσιν
1300 1323 1663 1389 ἐπερυθριῶντος
1689 1328 1864 1377 κακοῖς·

279 1403 583 1468 διεμέμνηντο
621 1402 714 1470 γὰρ
754 1403 871 1457 ’ίσως
905 1408 999 1455 τῶν
1037 1404 1146 1471 παρ’
1175 1404 1317 1454 αὐτοῦ
1355 1403 1637 1473 παραδόξως
1676 1413 1859 1458 τετελε-

278 1485 483 1549 σμένων·
532 1487 663 1538 αὐτοὶ
697 1488 772 1537 καὶ
807 1490 987 1553 πρῶτοι
1021 1489 1104 1550 τῆς
1142 1485 1475 1554 καταῤῥήσεως
1513 1486 1749 1555 ἄρχονται,
1791 1490 1866 1538 καὶ

279 1570 341 1621 εἱς
368 1566 594 1622 ἐκτόπους
621 1566 904 1634 ἀγριότητας
931 1567 1014 1619 τὸν
1039 1572 1134 1619 τῶν
1157 1567 1245 1619 ὑπὸ
1273 1573 1406 1636 χεῖρα
1433 1573 1563 1619 λαῶν
1589 1570 1867 1621 ἀνακαίουσι

279 1647 442 1713 θυμόν.
511 1649 686 1716 ἀληθὲς
738 1651 819 1701 οὖν
870 1651 962 1716 ἄρα
1011 1649 1065 1701 τὸ
1116 1650 1356 1716 εἰρημένον
1405 1649 1536 1715 παρὰ
1588 1654 1714 1702 Θεοῦ
1761 1654 1867 1718 περὶ

280 1732 434 1783 αὐτῶν
469 1733 517 1783 ἐν
551 1733 818 1801 προφήταις
858 1732 1014 1783 “”Οτι
1054 1735 1095 1783 οἱ
1135 1732 1347 1795 ποιμένες
1386 1732 1758 1801 ἠφρονεύσαντο,
1792 1735 1868 1784 καὶ

281 1820 309 1842 “
335 1812 418 1865 τὸν
447 1813 624 1881 Κύριον
651 1815 734 1865 οὐκ
772 1814 1074 1884 ἐξεζήτησαν·
1125 1813 1200 1865 διὰ
1237 1819 1376 1865 τοῦτο
1415 1815 1497 1865 οὐκ
1528 1813 1694 1880 ἐνόησε
1731 1820 1867 1866 πᾶσα

56 1897 362 1960 1046Α.ε,“ἡ
411 1896 544 1960 νομὴ,
592 1898 667 1947 καὶ
718 1897 1200 1963 διεσκορπίσθησαν.”
1269 1898 1344 1947 καὶ
1391 1895 1573 1961 ἀληθὴς
1624 1897 1649 1947 ὃ
1700 1896 1862 1962 λόγος.

280 1978 436 2043 ἐπειδὴ
471 1978 565 2045 γὰρ
599 1982 683 2043 τῆς
718 1983 813 2030 τῶν
842 1979 1114 2045 ἡγουμένων
1140 1978 1369 2044 ποδηγίας
1404 1979 1487 2030 οὐκ
1518 1979 1684 2046 ε”τυχον
1716 1983 1778 2033 εἰς
1812 1979 1866 2031 τὸ

279 2061 532 2125 ἐπιγνῶναι
561 2060 779 2128 Χριστὸν
812 2064 853 2112 οἱ
893 2063 1037 2125 νομῆς
1076 2062 1124 2111 ἐν
1154 2059 1285 2129 τάξει
1324 2060 1533 2124 κείμενοι,
1561 2060 1816 2123 τουτέστιν,
1842 2062 1867 2112 ὃ

279 2143 501 2207 ἀγελαῖος
546 2142 705 2210 ὄχλος,
746 2142 955 2194 διόλωλέ
991 2166 1040 2194 τε
1083 2145 1159 2193 καὶ
1205 2142 1505 2193 κατώλισθον
1549 2146 1612 2197 εἷς
1656 2143 1867 2208 ὀλεθριον

280 2225 513 2285 ἀβουλίαν
539 2224 625 2290 τὴν
651 2227 726 2277 ἐπὶ
752 2229 970 2295 Χριστῷ.
1026 2225 1339 2291 ἀναμετρείτω
1367 2224 1460 2290 γάρ
1486 2248 1555 2279 τις
1580 2228 1617 2276 εἰ
1643 2224 1866 2287 βούλεται

280 2305 366 2370 τὴν
409 2310 492 2371 τῆς
531 2307 813 2368 δυσσεβείας
847 2306 1016 2374 ἀρχὴν,
1046 2309 1122 2358 καὶ
1153 2312 1254 2360 ταῖς
1293 2311 1386 2358 τῶν
1418 2305 1687 2372 ἡγουμένων
1725 2306 1869 2371 αὐτὴν

281 2388 509 2452 ἀναθήσει
550 2394 794 2456 κεφαλαῖς.
864 2391 1017 2440 αὐτῶν
1057 2388 1151 2455 γὰρ
1196 2389 1224 2453 ἡ
1273 2390 1321 2440 ἐν
1362 2390 1527 2456 ἀρχαῖς
1570 2389 1867 2453 ἀνοσιωτάτη

282 2468 445 2535 γε’γονε
484 2471 673 2539 σκέψις,
706 2472 836 2522 αὐτοὶ
875 2470 957 2522 τὸν
995 2470 1231 2537 προδότην
1269 2476 1365 2524 τοῖς
1404 2474 1537 2536 ἱεροῖς
1573 2469 1866 2538 ἐκπριάμενοι

285 2550 497 2618 χρήμασι
528 2556 874 2616 καταπωλῆσαι
899 2554 1074 2621 σφίσιν
1101 2553 1371 2615 ἀνέπεισαν,
1401 2554 1531 2603 αὐτοὶ
1557 2551 1642 2618 τὴν
1668 2558 1868 2620 σπεῖραν

284 2721 482 2785 λῃστῶν
521 2719 831 2780 καταδεσμεῖν
875 2715 1087 2767 ἐκέλευον
1129 2717 1259 2767 αὐτοὶ
1298 2714 1500 2785 Πιλάτῳ
1537 2715 1865 2783 προσήγαγον,

333 2906 362 2930 1.
390 2895 605 2941 οἷκτροτάτης
623 2895 665 2930 Ε.
683 2894 868 2940 ἀκροτάτης
886 2894 954 2930 Ed.
1206 2904 1237 2928 2.
1263 2896 1411 2929 τοσοῦτο
1429 2893 1471 2928 Ε.
1489 2895 1657 2929 τοσοῦτον
1674 2893 1741 2929 Ed.
1815 2894 1868 2928 καὶ

282 2959 387 2994 εἶπεῖν
403 2973 435 2993 τι
453 2958 495 2994 Ε.
513 2958 618 2993 εἶπεῖν
633 2972 670 2993 τε
691 2957 756 2992 Ed.
937 2969 988 3003 19.
1018 2948 1248 3003 οἶφρονεύσαῖ
1266 2957 1307 2992 Ε.
1475 2968 1530 3002 23.
1557 2959 1667 3001 νομεῖς
1685 2957 1726 2993 Ε.

1889 1019 1938 1045 10

1888 1840 1937 1864 20

241 2638 380 2688 ὀτοῖς
419 2634 664 2700 ὑπηρέταις
702 2633 1021 2703 συζεύξαντες,
1055 2634 1265 2701 καθάπερ
1303 2633 1407 2685 τινὰ
1443 2639 1538 2685 τῶν
1575 2635 1867 2698 ἀτιμοτάτων
1887 2662 1937 2698 30
