1981 3282
80 260 194 296 Filius
215 260 348 295 Filium
371 259 421 296 Sc
445 259 642 308 probatum
667 258 710 294 iri
738 257 840 298 dicit,

133 325 290 372 Angelis
329 324 618 361 ascendentibus
662 322 841 359 descend-

134 390 356 437 entibusque
413 402 524 437 supra
573 388 622 425 Se
673 390 747 424 134
780 400 799 422 c
820 387 843 422 d

134 454 258 490 Deum
290 454 338 490 Se
371 455 505 502 probat
539 454 669 490 eadem
702 466 744 489 ac
774 452 842 487 Pa-

133 525 191 555 ter
223 519 363 555 faciens
389 522 465 555 412
484 519 507 554 (l
551 531 616 566 pcr
651 517 843 554 doctrinae

134 584 368 620 identitatem
389 587 465 621 412
481 597 500 620 e
535 597 601 631 per
617 583 762 633 signum
778 583 844 619 Jo-

134 662 203 684 nae
221 649 432 697 Prophetae
455 651 532 685 519
547 649 569 684 d
587 661 618 691 e,
644 650 720 685 520
735 662 755 684 a
768 648 803 684 b.

81 778 218 814 F1L1Us
233 779 356 820 Dans,
374 778 491 827 Cujus
513 792 648 827 corpus
665 779 844 826 templum

136 844 271 880 dicitur
309 848 381 881 142
403 857 436 884 e,
472 847 544 881 143
604 844 689 892 quia
720 844 845 879 omnia

135 922 228 956 quae
248 909 285 944 in
306 909 414 945 nobis
436 910 510 946 sint
530 910 708 957 intelligit
732 912 805 945 144
825 922 844 945 e

135 974 222 1021 quia
253 974 385 1010 Filium
426 974 545 1010 Suum
582 975 842 1023 Unigenitum,

135 1052 211 1074 non
243 1046 453 1075 creaturam
488 1052 556 1087 pro
595 1040 704 1075 nobis
742 1040 844 1075 dedit

136 1104 247 1140 Pater
271 1107 344 1141 152
359 1117 391 1145 e,
413 1105 459 1140 cf.
476 1105 520 1140 M
544 1108 565 1141 5
606 1105 690 1152 quia
710 1105 843 1140 Filium

136 1181 221 1204 cum
241 1168 349 1205 Mose
369 1170 527 1205 contulit
548 1169 590 1205 B.
608 1170 745 1205 Paulus
770 1172 843 1206 153

136 1247 156 1269 a
169 1235 192 1270 b
225 1235 311 1282 quia
332 1234 494 1282 Spiritus
512 1235 630 1270 Dator
650 1237 722 1271 169
745 1247 764 1270 c
779 1235 800 1270 d
814 1247 845 1277 e,

137 1302 214 1336 810
235 1300 258 1335 b
275 1313 295 1336 c
332 1313 407 1336 non
429 1300 466 1335 in
488 1300 757 1348 prophetarum
778 1313 845 1335 nu-

137 1377 240 1401 mero
271 1367 344 1401 167
366 1365 403 1406 b,
436 1368 512 1402 253
537 1378 557 1401 c
604 1372 646 1401 ut
675 1365 754 1401 vult
783 1365 847 1400 dat

142 1432 215 1466 177
246 1430 305 1466 ab
343 1443 409 1478 per
447 1443 560 1478 opera
599 1433 675 1467 253
708 1431 779 1471 ab,
801 1430 846 1465 cf.

139 1497 216 1531 510
238 1507 270 1536 e,
302 1497 378 1532 673
400 1495 424 1531 b
441 1508 473 1536 e,
507 1497 582 1532 799
605 1507 624 1530 c
641 1495 665 1530 d
703 1494 845 1543 cogita-

137 1560 301 1596 tionibus
340 1560 497 1596 aliorum
544 1573 654 1608 saepe
692 1572 845 1607 respon-

137 1625 229 1661 dens
251 1628 326 1662 254
344 1639 375 1667 e,
398 1629 474 1663 345
491 1639 524 1667 a,
553 1625 598 1661 cf.
617 1628 693 1662 448
716 1638 748 1667 a,
772 1627 848 1662 546

136 1690 174 1732 b,
198 1693 274 1728 637
296 1691 364 1732 bc,
388 1694 464 1728 657
488 1704 519 1732 c,
542 1694 618 1728 933
636 1704 666 1727 e.

84 1755 202 1791 Filius
217 1756 340 1792 Deum
358 1756 406 1792 Se
427 1769 508 1792 esse
527 1756 660 1804 probat
677 1756 713 1792 in
729 1755 850 1792 forma

137 1820 303 1856 humana
314 1834 381 1868 per
400 1821 655 1869 cognitionem
672 1820 847 1857 Divinam

144 1888 217 1922 133
239 1886 274 1928 1),
298 1888 374 1923 380
395 1887 431 1927 1),
456 1889 531 1923 394
553 1899 585 1928 e,
609 1888 685 1922 412
707 1886 730 1922 b
748 1899 767 1922 c
812 1892 849 1922 et

139 1950 191 1986 ita
219 1951 337 1987 credit
371 1951 587 1987 Nathanael
624 1953 696 1987 134
721 1964 742 1987 a
784 1963 850 1999 per

141 2016 179 2052 id
236 2017 337 2064 quod
394 2016 494 2058 dicit,
550 2016 680 2052 Nolite
727 2016 849 2052 facere

140 2084 305 2119 Domum
352 2081 477 2117 Patris
521 2080 598 2117 Mei
640 2083 713 2118 139
743 2081 766 2117 b
781 2093 800 2117 c
814 2081 848 2127 (1,

142 2150 216 2184 142
239 2160 261 2182 a
302 2151 340 2182 et
359 2146 595 2182 Resuscitem
614 2146 706 2181 illud
726 2145 763 2181 in
784 2158 850 2181 no-

139 2212 292 2248 vissimo
309 2211 368 2247 die
391 2213 466 2247 339
483 2211 506 2246 b
552 2215 589 2246 et
605 2210 743 2253 Nemo,
763 2211 849 2257 Ipso

139 2290 216 2313 non
236 2277 333 2312 inter
352 2275 555 2311 Neminem
573 2277 648 2311 348
666 2287 698 2318 e,
722 2277 796 2311 349
814 2275 848 2317 b,

142 2344 219 2378 450
241 2354 272 2377 c.

88 2406 201 2443 Filius
234 2406 337 2442 Deus
369 2406 488 2454 Cujus
526 2405 784 2441 testimonium
817 2405 849 2442 is

141 2471 203 2520 qui
240 2471 374 2519 accipit
420 2470 582 2518 signavit
621 2470 707 2518 quia
745 2470 848 2507 Deus

141 2549 253 2573 verax
285 2541 343 2572 est
377 2537 452 2572 166
473 2536 508 2577 b,
534 2537 607 2572 167
661 2535 746 2583 quia
776 2535 847 2572 Dei

141 2602 279 2638 donum
300 2601 458 2649 largitur
482 2603 556 2637 180
574 2613 593 2636 c
607 2600 630 2636 d
668 2613 716 2636 ne
737 2601 848 2637 Pater

141 2666 293 2702 inferior
337 2665 446 2701 nobis
490 2665 675 2714 gigneret,
713 2665 847 2701 Filium

141 2731 347 2766 non-deum
374 2730 535 2779 gignens
568 2731 641 2766 188
664 2730 698 2775 d,
727 2732 802 2767 865
824 2730 847 2766 1)

141 2808 188 2831 ne
210 2796 321 2831 Pater
340 2800 542 2842 non-pater
561 2795 625 2830 fiat
647 2797 722 2832 797
744 2808 763 2831 c
776 2795 799 2831 d
813 2808 845 2837 e,

144 2862 220 2897 864
238 2872 268 2902 e,
286 2859 334 2896 iii.
353 2862 442 2900 375,
464 2859 509 2895 cf.
525 2861 601 2895 238
616 2859 640 2895 d
677 2872 722 2896 ne
738 2860 848 2896 Pater

142 2924 366 2961 irrationalis
394 2924 458 2960 fiat
478 2924 529 2959 iii.
555 2926 630 2960 375
678 2937 725 2960 ne
746 2924 847 2960 Deus

83 154 213 176 rimus
238 154 334 176 nnus
360 152 558 176 PROBATUS
629 137 838 174 INDEX
900 137 1071 173 RERU
1089 137 1142 173 M.
1602 139 1674 172 0531

968 257 1173 293 non-deum
1190 256 1364 305 gigneret
1380 260 1453 293 804
1470 257 1504 299 d,
1521 260 1611 298 805,
1628 257 1678 294 iii.

969 325 1058 368 461,
1082 324 1160 359 462
1199 336 1245 358 ne
1275 322 1464 357 nonmlcus
1486 323 1588 358 Deus
1614 322 1679 358 fiat

969 390 1061 429 305,
1096 390 1184 429 306,
1217 390 1293 424 504
1316 400 1347 434 c,
1379 389 1470 428 505,
1504 390 1580 423 570
1605 387 1679 428 bc,

968 453 1010 490 M
1032 456 1081 490 62
1104 454 1179 499 fin„
1209 455 1258 489 63
1281 453 1361 488 init.
1410 465 1456 488 ne
1486 452 1679 487 non-filius

969 521 1045 555 864
1064 519 1086 554 d
1107 531 1127 555 e
1172 531 1218 554 ne
1248 518 1296 553 dii
1328 518 1402 553 duo
1431 518 1523 553 fiant
1545 519 1621 553 850
1643 529 1678 558 e,

969 587 1042 621 851
1067 597 1088 620 a
1134 597 1181 620 ne
1211 589 1381 620 creatura
1411 585 1487 620 504
1509 583 1678 623 c—508‚

971 652 1046 686 779
1069 663 1090 685 a
1127 649 1211 698 quia
1240 648 1365 685 Judex
1388 651 1463 685 224
1486 661 1518 690 c,
1546 650 1622 684 237
1644 660 1677 689 c,

971 717 1045 752 238
1069 728 1089 750 a
1132 715 1217 762 quia
1237 714 1373 750 colitur
1395 717 1471 750 304
1493 727 1523 755 c,
1557 715 1633 750 850
1655 713 1677 748 d

969 781 1054 828 quia
1073 780 1234 816 vivificat
1256 782 1328 816 341
1349 779 1417 820 ab,
1441 782 1516 816 345
1539 778 1576 818 d,
1601 780 1680 814 666

969 859 990 881 a
1028 858 1095 893 per
1114 845 1382 893 Apostolorum
1403 843 1678 880 confessionem

970 913 1047 948 393
1069 910 1091 946 d
1106 923 1136 946 e.

916 976 1031 1013 Filius
1070 975 1174 1011 Deus
1221 974 1401 1022 probatus
1442 986 1509 1023 per
1547 986 1678 1010 vocem

967 1040 1101 1077 Esaiae
1120 1040 1182 1087 (vi.
1203 1042 1235 1082 1,
1252 1042 1291 1085 2)
1310 1043 1386 1076 505
1405 1053 1425 1075 a
1454 1052 1520 1087 per
1538 1039 1679 1075 Vocem

968 1106 1038 1142 Dei
1073 1106 1192 1142 Patris
1232 1104 1398 1141 “Genui
1431 1105 1484 1141 Te
1499 1104 1520 1117 '’
1558 1107 1634 1141 505
1656 1105 1680 1140 b

969 1184 1036 1219 per
1054 1183 1184 1207 vocem
1216 1170 1320 1206 Pauli
1341 1170 1407 1217 (ad
1429 1169 1545 1206 Hebr.
1567 1169 1590 1205 i.
1613 1170 1681 1216 13)

971 1239 1046 1273 505
1077 1236 1137 1272 bc
1185 1235 1356 1271 Gloriam
1389 1235 1531 1270 habens
1570 1246 1682 1282 super

970 1307 1179 1337 creatorum
1227 1300 1385 1349 gloriam
1427 1303 1503 1337 506
1526 1300 1561 1341 d,
1603 1302 1679 1336 507

969 1379 1036 1414 per
1065 1372 1088 1385 “
1106 1366 1212 1410 Quae
1242 1365 1377 1413 placita
1399 1370 1484 1400 sunt
1509 1365 1564 1410 Ei,
1586 1364 1682 1400 facio

971 1430 1153 1479 semper”
1185 1434 1258 1467 531
1309 1435 1351 1466 ut
1379 1429 1562 1465 libertatis
1592 1429 1683 1465 Lar-

971 1497 1072 1545 gitor
1093 1499 1165 1533 541
1186 1495 1221 1538 b,
1246 1498 1321 1532 542
1340 1508 1359 1531 e
1407 1494 1492 1543 quia
1520 1497 1684 1530 “manet

971 1562 1009 1598 in
1038 1560 1267 1598 aeternum''
1299 1563 1372 1597 541
1398 1572 1431 1601 e,
1463 1562 1538 1596 542
1599 1558 1685 1607 quia

971 1627 1085 1663 verba
1105 1639 1172 1662 sua
1191 1626 1264 1662 Dei
1286 1626 1399 1661 verba
1417 1627 1493 1661 567
1509 1637 1529 1660 e
1570 1636 1685 1672 opera

972 1705 1086 1740 opera
1115 1691 1186 1727 Dei
1216 1693 1292 1728 510
1310 1703 1342 1732 e,
1375 1693 1451 1727 784
1474 1690 1532 1725 de
1599 1689 1685 1737 quia

972 1757 1054 1805 quis
1084 1769 1295 1792 sermonem
1328 1755 1446 1791 Suum
1486 1760 1622 1797 servet,
1652 1755 1684 1790 is

972 1828 1132 1858 mortem
1171 1834 1247 1857 non
1281 1820 1383 1856 videt
1416 1819 1453 1855 in
1489 1825 1684 1856 aeternum

974 1890 1049 1924 572
1065 1887 1088 1922 d
1119 1886 1205 1934 quia
1221 1885 1270 1922 Se
1285 1885 1473 1921 Abraham
1495 1885 1586 1920 vidit
1604 1887 1681 1922 584

973 1965 992 1988 c
1005 1952 1030 1988 d
1062 1952 1148 2000 quia
1164 1956 1250 1987 ante
1270 1950 1462 1987 Abraham
1483 1955 1540 1986 est
1561 1952 1638 1986 586
1659 1949 1683 1984 b

972 2017 1058 2065 quia
1077 2017 1208 2053 mortis
1229 2016 1412 2052 Dominus
1435 2017 1512 2052 660
1534 2028 1553 2051 c
1595 2015 1686 2062 quia

972 2082 996 2118 ii
1025 2082 1062 2117 in
1092 2081 1225 2129 quibus
1254 2081 1395 2117 inesset
1424 2081 1474 2116 dii
1493 2080 1582 2116 facti
1604 2083 1682 2117 669

971 2147 995 2182 b
1005 2147 1054 2182 cd
1078 2147 1201 2191 Quem
1215 2159 1298 2182 cum
1314 2145 1470 2181 articulo
1484 2146 1685 2181 confitetur

972 2211 1125 2248 Martha
1163 2213 1239 2248 683
1272 2223 1293 2247 a
1349 2211 1436 2258 quia
1473 2210 1510 2245 in
1550 2209 1684 2257 Seipso

974 2277 1121 2312 Patrem
1167 2275 1343 2323 exprimit
1382 2278 1458 2311 777
1490 2287 1509 2310 c
1530 2287 1562 2316 e,
1605 2276 1680 2311 778

973 2341 1058 2388 quia
1091 2340 1250 2377 Deitatis
1288 2352 1402 2388 opera
1432 2339 1521 2375 facit
1552 2343 1628 2376 777
1650 2352 1683 2382 e,

975 2408 1064 2443 778.

917 2471 1032 2507 Filius
1053 2471 1157 2507 Deus
1182 2483 1250 2519 pro
1271 2469 1388 2519 Cujus
1409 2470 1529 2518 gloria
1549 2470 1684 2506 Lazari

970 2549 1071 2572 mors
1088 2538 1165 2573 676
1183 2548 1214 2578 e,
1237 2537 1314 2572 677
1330 2548 1351 2571 a
1388 2548 1435 2571 ne
1466 2535 1685 2583 imperfecta

971 2601 1019 2637 sit
1048 2600 1118 2637 SS.
1136 2601 1302 2636 Trinitas
1332 2602 1407 2637 790
1425 2613 1446 2635 a
1496 2600 1570 2638 Qui
1594 2599 1684 2635 dicit

971 2671 995 2685 ‘¹
1011 2666 1089 2701 Vos
1109 2665 1250 2701 vocatis
1266 2663 1330 2701 Me
1346 2664 1530 2713 Magister
1550 2670 1587 2700 et
1603 2664 1682 2699 Do-

969 2730 1069 2767 mine
1090 2735 1127 2766 et
1146 2731 1242 2766 bene
1259 2730 1392 2772 dicitis,
1410 2728 1683 2765 sumsetenim''

973 2798 1048 2832 790
1070 2795 1094 2831 d
1153 2794 1229 2839 Qui
1268 2794 1356 2830 dicit
1400 2799 1422 2814 “
1436 2794 1538 2841 Ergo
1576 2793 1685 2828 liberi

971 2865 1057 2896 sunt
1076 2859 1170 2895 filii''
1189 2861 1263 2896 791
1281 2872 1301 2895 a
1335 2858 1421 2906 quia
1435 2857 1682 2905 Theophorus

970 2925 1105 2962 Paulus
1133 2924 1170 2960 in
1196 2936 1268 2971 quo
1297 2922 1478 2959 habitavit
1506 2934 1572 2970 per
1596 2921 1680 2969 Spi-
