<?xml version="1.0" encoding="UTF-8"?>
<!DOCTYPE html PUBLIC "-//W3C//DTD XHTML 1.0 Transitional//EN"
    "http://www.w3.org/TR/xhtml1/DTD/xhtml1-transitional.dtd">
<html xmlns="http://www.w3.org/1999/xhtml" xml:lang="en" lang="en">
 <head>
  <title>
</title>
<meta http-equiv="Content-Type" content="text/html;charset=utf-8" />
  <meta name='ocr-system' content='tesseract 3.04.00' />
  <meta name='ocr-capabilities' content='ocr_page ocr_carea ocr_par ocr_line ocrx_word'/>
</head>
<body>
  <div class='ocr_page' id='page_1' title='image "./operacyrilli05cyriuoft/operacyrilli05cyriuoft_0479.png"; bbox 0 0 2012 3272; ppageno 0'>
   <div class='ocr_carea' id='block_1_1' title="bbox 461 156 1881 272">
    <p class='ocr_par' dir='ltr' id='par_1_1' title="bbox 461 156 1881 272">
     <span class='ocr_line' id='line_1_1' title="bbox 461 156 1669 201; baseline -0.004 0"><span class='ocrx_word' id='word_1_1' title='bbox 461 159 835 201; x_wconf 84' lang='lat' dir='ltr'><strong>FRAGMENTA</strong></span> <span class='ocrx_word' id='word_1_2' title='bbox 879 157 1305 199; x_wconf 85' lang='lat' dir='ltr'><strong>IIOMILIARUM.</strong></span> <span class='ocrx_word' id='word_1_3' title='bbox 1587 156 1669 197; x_wconf 73' lang='lat'>465</span> 
     </span>
     <span class='ocr_line' id='line_1_2' title="bbox 1689 230 1881 272; baseline -0.005 -10"><span class='ocrx_word' id='word_1_4' title='bbox 1689 230 1701 272; x_wconf 91' lang='lat'><strong>[</strong></span> <span class='ocrx_word' id='word_1_5' title='bbox 1722 238 1780 262; x_wconf 81' lang='lat'>112</span> <span class='ocrx_word' id='word_1_6' title='bbox 1797 230 1846 262; x_wconf 93' lang='lat' dir='ltr'>M.</span> <span class='ocrx_word' id='word_1_7' title='bbox 1867 230 1881 271; x_wconf 93' lang='lat'>]</span> 
     </span>
    </p>
   </div>
   <div class='ocr_carea' id='block_1_2' title="bbox 1620 269 1640 279">
    <p class='ocr_par' dir='ltr' id='par_1_2' title="bbox 1620 269 1640 279">
     <span class='ocr_line' id='line_1_3' title="bbox 1620 269 1640 279; baseline 0 0"><span class='ocrx_word' id='word_1_8' title='bbox 1620 269 1640 279; x_wconf 68' lang='grc' dir='ltr'>Α</span> 
     </span>
    </p>
   </div>
   <div class='ocr_carea' id='block_1_3' title="bbox 16 266 1892 2897">
    <p class='ocr_par' dir='ltr' id='par_1_3' title="bbox 16 266 1892 2897">
     <span class='ocr_line' id='line_1_4' title="bbox 84 266 1669 335; baseline 0 -16"><span class='ocrx_word' id='word_1_9' title='bbox 84 268 262 319; x_wconf 72' lang='grc' dir='ltr'>οἴονταί</span> <span class='ocrx_word' id='word_1_10' title='bbox 300 291 419 322; x_wconf 92' lang='grc' dir='ltr'>τινες</span> <span class='ocrx_word' id='word_1_11' title='bbox 461 271 567 335; x_wconf 76' lang='grc' dir='ltr'>περὶ</span> <span class='ocrx_word' id='word_1_12' title='bbox 609 267 859 333; x_wconf 84' lang='grc' dir='ltr'>ἀνθρώπου</span> <span class='ocrx_word' id='word_1_13' title='bbox 902 272 1050 317; x_wconf 90' lang='grc' dir='ltr'>ταῦτα</span> <span class='ocrx_word' id='word_1_14' title='bbox 1090 266 1317 331; x_wconf 85' lang='grc' dir='ltr'>λε’γεσθαι</span> <span class='ocrx_word' id='word_1_15' title='bbox 1362 271 1530 327; x_wconf 86' lang='grc' dir='ltr'>κοινοῦ,</span> <span class='ocrx_word' id='word_1_16' title='bbox 1568 288 1669 319; x_wconf 86' lang='grc' dir='ltr'>πως</span> 
     </span>
     <span class='ocr_line' id='line_1_5' title="bbox 83 346 1670 418; baseline -0.001 -17"><span class='ocrx_word' id='word_1_17' title='bbox 83 352 313 418; x_wconf 78' lang='grc' dir='ltr'>ἐνεδέχετο</span> <span class='ocrx_word' id='word_1_18' title='bbox 351 349 433 401; x_wconf 81' lang='grc' dir='ltr'>τὸν</span> <span class='ocrx_word' id='word_1_19' title='bbox 469 351 599 401; x_wconf 77' lang='grc' dir='ltr'>οὔπω</span> <span class='ocrx_word' id='word_1_20' title='bbox 637 348 973 414; x_wconf 64' lang='grc' dir='ltr'>γεγεννημένον</span> <span class='ocrx_word' id='word_1_21' title='bbox 1010 346 1126 412; x_wconf 78' lang='grc' dir='ltr'>μηδὲ</span> <span class='ocrx_word' id='word_1_22' title='bbox 1166 346 1451 415; x_wconf 78' lang='grc' dir='ltr'>ὑπάρχοντα,</span> <span class='ocrx_word' id='word_1_23' title='bbox 1479 347 1670 416; x_wconf 77' lang='grc' dir='ltr'>φύσεως</span> 
     </span>
     <span class='ocr_line' id='line_1_6' title="bbox 81 429 1670 496; baseline -0.002 -14"><span class='ocrx_word' id='word_1_24' title='bbox 81 432 396 492; x_wconf 77' lang='grc' dir='ltr'>ἐπιλαβέσθαι</span> <span class='ocrx_word' id='word_1_25' title='bbox 441 434 524 495; x_wconf 85' lang='grc' dir='ltr'>τῆς</span> <span class='ocrx_word' id='word_1_26' title='bbox 568 435 662 481; x_wconf 82' lang='grc' dir='ltr'>τῶν</span> <span class='ocrx_word' id='word_1_27' title='bbox 707 431 854 495; x_wconf 84' lang='grc' dir='ltr'>ἁγίων</span> <span class='ocrx_word' id='word_1_28' title='bbox 896 429 1130 496; x_wconf 76' lang='grc' dir='ltr'>ἀγγέλων,</span> <span class='ocrx_word' id='word_1_29' title='bbox 1176 429 1303 496; x_wconf 84' lang='grc' dir='ltr'>ε’ίπερ</span> <span class='ocrx_word' id='word_1_30' title='bbox 1346 429 1487 493; x_wconf 73' lang='grc' dir='ltr'>ἤθελε</span> <span class='ocrx_word' id='word_1_31' title='bbox 1531 433 1670 480; x_wconf 91' lang='grc' dir='ltr'>τοῦτο</span> 
     </span>
     <span class='ocr_line' id='line_1_7' title="bbox 82 509 1663 578; baseline -0.001 -15"><span class='ocrx_word' id='word_1_32' title='bbox 82 515 209 578; x_wconf 81' lang='grc' dir='ltr'>δρᾶν,</span> <span class='ocrx_word' id='word_1_33' title='bbox 238 514 347 563; x_wconf 87' lang='grc' dir='ltr'>ἀλλ’</span> <span class='ocrx_word' id='word_1_34' title='bbox 376 514 517 563; x_wconf 85' lang='grc' dir='ltr'>ἐκεῖνο</span> <span class='ocrx_word' id='word_1_35' title='bbox 548 512 631 576; x_wconf 75' lang='grc' dir='ltr'>μὲν</span> <span class='ocrx_word' id='word_1_36' title='bbox 664 513 717 562; x_wconf 82' lang='grc' dir='ltr'>οὐ</span> <span class='ocrx_word' id='word_1_37' title='bbox 750 511 1049 574; x_wconf 83' lang='grc' dir='ltr'>πεποιηκότα,</span> <span class='ocrx_word' id='word_1_38' title='bbox 1074 511 1417 574; x_wconf 80' lang='grc' dir='ltr'>ἐπιλαβόμενον</span> <span class='ocrx_word' id='word_1_39' title='bbox 1453 509 1501 561; x_wconf 79' lang='grc' dir='ltr'>δὲ</span> <span class='ocrx_word' id='word_1_40' title='bbox 1535 515 1663 574; x_wconf 84' lang='grc' dir='ltr'>μᾶλ·</span> 
     </span>
     <span class='ocr_line' id='line_1_8' title="bbox 40 591 1668 659; baseline -0.002 -14"><span class='ocrx_word' id='word_1_41' title='bbox 40 608 61 645; x_wconf 90' lang='grc'>5</span> <span class='ocrx_word' id='word_1_42' title='bbox 82 599 169 644; x_wconf 92' lang='grc' dir='ltr'>λον</span> <span class='ocrx_word' id='word_1_43' title='bbox 195 595 465 659; x_wconf 71' lang='grc' dir='ltr'>σπερματος</span> <span class='ocrx_word' id='word_1_44' title='bbox 490 592 714 659; x_wconf 77' lang='grc' dir='ltr'>Ἀβραάμ</span> <span class='ocrx_word' id='word_1_45' title='bbox 737 615 748 654; x_wconf 88' lang='grc'>;</span> <span class='ocrx_word' id='word_1_46' title='bbox 793 593 958 645; x_wconf 77' lang='grc' dir='ltr'>ἄλλως</span> <span class='ocrx_word' id='word_1_47' title='bbox 983 615 1045 655; x_wconf 87' lang='grc' dir='ltr'>τε,</span> <span class='ocrx_word' id='word_1_48' title='bbox 1074 595 1256 643; x_wconf 80' lang='grc' dir='ltr'>κάκεῖνο</span> <span class='ocrx_word' id='word_1_49' title='bbox 1285 591 1379 658; x_wconf 79' lang='grc' dir='ltr'>γὰρ</span> <span class='ocrx_word' id='word_1_50' title='bbox 1406 591 1532 656; x_wconf 75' lang='grc' dir='ltr'>οἶμαι</span> <span class='ocrx_word' id='word_1_51' title='bbox 1557 615 1668 643; x_wconf 91' lang='grc' dir='ltr'>κατ-</span> 
     </span>
     <span class='ocr_line' id='line_1_9' title="bbox 83 673 1852 740; baseline -0.001 -17"><span class='ocrx_word' id='word_1_52' title='bbox 83 677 192 724; x_wconf 83' lang='grc' dir='ltr'>ιδεῖν</span> <span class='ocrx_word' id='word_1_53' title='bbox 230 677 497 739; x_wconf 78' lang='grc' dir='ltr'>ἀναγκαῖον,</span> <span class='ocrx_word' id='word_1_54' title='bbox 531 674 585 725; x_wconf 81' lang='grc' dir='ltr'>τὸ</span> <span class='ocrx_word' id='word_1_55' title='bbox 625 675 779 740; x_wconf 73' lang='grc' dir='ltr'>λε’γειν</span> <span class='ocrx_word' id='word_1_56' title='bbox 817 673 1065 740; x_wconf 78' lang='grc' dir='ltr'>ἄνθρωπον</span> <span class='ocrx_word' id='word_1_57' title='bbox 1103 674 1465 739; x_wconf 88' lang='grc' dir='ltr'>ἀνθρωπότητος</span> <span class='ocrx_word' id='word_1_58' title='bbox 1504 676 1666 725; x_wconf 87' lang='grc' dir='ltr'>ἐπιλα-</span> <span class='ocrx_word' id='word_1_59' title='bbox 1687 691 1852 732; x_wconf 70' lang='lat' dir='ltr'>Ofisupra</span> 
     </span>
     <span class='ocr_line' id='line_1_10' title="bbox 81 735 1808 823; baseline 0.001 -18"><span class='ocrx_word' id='word_1_60' title='bbox 81 755 269 815; x_wconf 82' lang='grc' dir='ltr'>βέσθαι,</span> <span class='ocrx_word' id='word_1_61' title='bbox 307 757 534 807; x_wconf 81' lang='grc' dir='ltr'>ἀσύνετον</span> <span class='ocrx_word' id='word_1_62' title='bbox 577 760 836 808; x_wconf 83' lang='grc' dir='ltr'>παντελῶς.</span> <span class='ocrx_word' id='word_1_63' title='bbox 894 756 1061 806; x_wconf 83' lang='grc' dir='ltr'>οὐκοῦν</span> <span class='ocrx_word' id='word_1_64' title='bbox 1096 757 1120 805; x_wconf 87' lang='grc' dir='ltr'>ὁ</span> <span class='ocrx_word' id='word_1_65' title='bbox 1158 756 1249 823; x_wconf 79' lang='grc' dir='ltr'>ἔξω</span> <span class='ocrx_word' id='word_1_66' title='bbox 1292 758 1375 818; x_wconf 82' lang='grc' dir='ltr'>τῆς</span> <span class='ocrx_word' id='word_1_67' title='bbox 1418 755 1668 821; x_wconf 83' lang='grc' dir='ltr'>ἀνθρώπου</span> <span class='ocrx_word' id='word_1_68' title='bbox 1685 746 1717 776; x_wconf 71' lang='lat' dir='ltr'>p&#39;</span> <span class='ocrx_word' id='word_1_69' title='bbox 1734 735 1808 775; x_wconf 66' lang='lat'><strong>463‘</strong></span> 
     </span>
     <span class='ocr_line' id='line_1_11' title="bbox 83 835 1668 904; baseline 0 -18"><span class='ocrx_word' id='word_1_70' title='bbox 83 836 274 904; x_wconf 84' lang='grc' dir='ltr'>φύσεως</span> <span class='ocrx_word' id='word_1_71' title='bbox 317 837 382 887; x_wconf 79' lang='grc' dir='ltr'>ὧν</span> <span class='ocrx_word' id='word_1_72' title='bbox 426 839 488 891; x_wconf 87' lang='grc' dir='ltr'>ὡς</span> <span class='ocrx_word' id='word_1_73' title='bbox 523 837 657 899; x_wconf 76' lang='grc' dir='ltr'>Θεὸς,</span> <span class='ocrx_word' id='word_1_74' title='bbox 699 835 1069 900; x_wconf 77' lang='grc' dir='ltr'>ἐπιλαμβάνεται</span> <span class='ocrx_word' id='word_1_75' title='bbox 1115 837 1386 903; x_wconf 67' lang='grc' dir='ltr'>σπέρματος</span> <span class='ocrx_word' id='word_1_76' title='bbox 1429 835 1668 903; x_wconf 73' lang='grc' dir='ltr'>Ἀβραάμ·</span> 
     </span>
     <span class='ocr_line' id='line_1_12' title="bbox 81 916 1670 987; baseline -0.001 -19"><span class='ocrx_word' id='word_1_77' title='bbox 81 923 224 982; x_wconf 84' lang='grc' dir='ltr'>σῶμα</span> <span class='ocrx_word' id='word_1_78' title='bbox 250 918 342 984; x_wconf 78' lang='grc' dir='ltr'>γὰρ</span> <span class='ocrx_word' id='word_1_79' title='bbox 369 920 489 970; x_wconf 82' lang='grc' dir='ltr'>οὕτω</span> <span class='ocrx_word' id='word_1_80' title='bbox 517 918 683 980; x_wconf 85' lang='grc' dir='ltr'>λαβὼν</span> <span class='ocrx_word' id='word_1_81' title='bbox 710 916 930 987; x_wconf 57' lang='grc' dir='ltr'>ἔμψυχόν</span> <span class='ocrx_word' id='word_1_82' title='bbox 954 941 1003 969; x_wconf 93' lang='grc' dir='ltr'>τε</span> <span class='ocrx_word' id='word_1_83' title='bbox 1040 921 1114 969; x_wconf 74' lang='grc' dir='ltr'>καὶ</span> <span class='ocrx_word' id='word_1_84' title='bbox 1149 918 1307 969; x_wconf 71' lang='grc' dir='ltr'>ε”ννουν</span> <span class='ocrx_word' id='word_1_85' title='bbox 1333 920 1382 969; x_wconf 88' lang='grc' dir='ltr'>ἐκ</span> <span class='ocrx_word' id='word_1_86' title='bbox 1417 921 1499 982; x_wconf 83' lang='grc' dir='ltr'>τῆς</span> <span class='ocrx_word' id='word_1_87' title='bbox 1533 918 1670 983; x_wconf 80' lang='grc' dir='ltr'>ἁγίας</span> 
     </span>
     <span class='ocr_line' id='line_1_13' title="bbox 16 999 1667 1068; baseline 0 -18"><span class='ocrx_word' id='word_1_88' title='bbox 16 1025 62 1050; x_wconf 87' lang='lat'>10</span> <span class='ocrx_word' id='word_1_89' title='bbox 81 1002 156 1050; x_wconf 81' lang='grc' dir='ltr'>καὶ</span> <span class='ocrx_word' id='word_1_90' title='bbox 192 1000 411 1052; x_wconf 85' lang='grc' dir='ltr'>θεοτόκου</span> <span class='ocrx_word' id='word_1_91' title='bbox 448 1001 652 1066; x_wconf 80' lang='grc' dir='ltr'>Μαρίας,</span> <span class='ocrx_word' id='word_1_92' title='bbox 688 1000 906 1064; x_wconf 79' lang='grc' dir='ltr'>ὡμοιώθη</span> <span class='ocrx_word' id='word_1_93' title='bbox 944 1005 1038 1053; x_wconf 82' lang='grc' dir='ltr'>τοῖς</span> <span class='ocrx_word' id='word_1_94' title='bbox 1077 1002 1303 1068; x_wconf 80' lang='grc' dir='ltr'>ἀδελφοῖς</span> <span class='ocrx_word' id='word_1_95' title='bbox 1342 999 1461 1050; x_wconf 78' lang='grc' dir='ltr'>κατὰ</span> <span class='ocrx_word' id='word_1_96' title='bbox 1498 999 1667 1062; x_wconf 84' lang='grc' dir='ltr'>πάντα,</span> 
     </span>
     <span class='ocr_line' id='line_1_14' title="bbox 79 1080 1892 1150; baseline 0.001 -19"><span class='ocrx_word' id='word_1_97' title='bbox 79 1082 324 1133; x_wconf 78' lang='grc' dir='ltr'>τουτέστιν</span> <span class='ocrx_word' id='word_1_98' title='bbox 353 1082 478 1146; x_wconf 81' lang='grc' dir='ltr'>ἡμῖν·</span> <span class='ocrx_word' id='word_1_99' title='bbox 521 1081 626 1133; x_wconf 87' lang='grc' dir='ltr'>τότε</span> <span class='ocrx_word' id='word_1_100' title='bbox 663 1082 857 1148; x_wconf 79' lang='grc' dir='ltr'>γέγονεν</span> <span class='ocrx_word' id='word_1_101' title='bbox 892 1082 964 1150; x_wconf 84' lang='grc' dir='ltr'>ἐφ’</span> <span class='ocrx_word' id='word_1_102' title='bbox 1001 1082 1122 1145; x_wconf 78' lang='grc' dir='ltr'>ἡμᾶς</span> <span class='ocrx_word' id='word_1_103' title='bbox 1161 1080 1398 1148; x_wconf 75' lang='grc' dir='ltr'>ἀρχιερεὺς</span> <span class='ocrx_word' id='word_1_104' title='bbox 1436 1081 1664 1146; x_wconf 83' lang='grc' dir='ltr'>ἐλεήμων,</span> <span class='ocrx_word' id='word_1_105' title='bbox 1687 1102 1892 1142; x_wconf 79' lang='lat' dir='ltr'><strong>Heb.ii.17.</strong></span> 
     </span>
     <span class='ocr_line' id='line_1_15' title="bbox 81 1162 1667 1233; baseline 0.001 -21"><span class='ocrx_word' id='word_1_106' title='bbox 81 1165 156 1213; x_wconf 80' lang='grc' dir='ltr'>καὶ</span> <span class='ocrx_word' id='word_1_107' title='bbox 196 1162 315 1230; x_wconf 89' lang='grc' dir='ltr'>πρός</span> <span class='ocrx_word' id='word_1_108' title='bbox 358 1186 413 1229; x_wconf 86' lang='grc' dir='ltr'>γε</span> <span class='ocrx_word' id='word_1_109' title='bbox 457 1162 607 1233; x_wconf 74' lang='grc' dir='ltr'>τούτῳ</span> <span class='ocrx_word' id='word_1_110' title='bbox 651 1163 836 1217; x_wconf 88' lang='grc' dir='ltr'>πιστός.</span> <span class='ocrx_word' id='word_1_111' title='bbox 891 1168 993 1217; x_wconf 80' lang='grc' dir='ltr'>πῶς</span> <span class='ocrx_word' id='word_1_112' title='bbox 1039 1165 1119 1214; x_wconf 84' lang='grc' dir='ltr'>οῦν</span> <span class='ocrx_word' id='word_1_113' title='bbox 1159 1163 1363 1229; x_wconf 78' lang='grc' dir='ltr'>γέγονεν,</span> <span class='ocrx_word' id='word_1_114' title='bbox 1405 1164 1667 1215; x_wconf 87' lang='grc' dir='ltr'>ἀκόλουθον</span> 
     </span>
     <span class='ocr_line' id='line_1_16' title="bbox 82 1244 1864 1331; baseline 0.001 -36"><span class='ocrx_word' id='word_1_115' title='bbox 82 1247 207 1295; x_wconf 79' lang='grc' dir='ltr'>ἰδεῖν·</span> <span class='ocrx_word' id='word_1_116' title='bbox 252 1246 306 1295; x_wconf 85' lang='grc' dir='ltr'>οῦ</span> <span class='ocrx_word' id='word_1_117' title='bbox 339 1244 434 1311; x_wconf 81' lang='grc' dir='ltr'>γὰρ</span> <span class='ocrx_word' id='word_1_118' title='bbox 467 1244 524 1310; x_wconf 81' lang='grc' dir='ltr'>ἧν</span> <span class='ocrx_word' id='word_1_119' title='bbox 550 1244 760 1309; x_wconf 87' lang='grc' dir='ltr'>ἐλεήμων</span> <span class='ocrx_word' id='word_1_120' title='bbox 786 1246 861 1295; x_wconf 77' lang='grc' dir='ltr'>καὶ</span> <span class='ocrx_word' id='word_1_121' title='bbox 894 1246 1005 1310; x_wconf 73' lang='grc' dir='ltr'>πρὶν</span> <span class='ocrx_word' id='word_1_122' title='bbox 1030 1245 1219 1310; x_wconf 77' lang='grc' dir='ltr'>γε’νηται</span> <span class='ocrx_word' id='word_1_123' title='bbox 1253 1245 1359 1296; x_wconf 79' lang='grc' dir='ltr'>καθ’</span> <span class='ocrx_word' id='word_1_124' title='bbox 1388 1246 1508 1309; x_wconf 81' lang='grc' dir='ltr'>ἡμᾶς</span> <span class='ocrx_word' id='word_1_125' title='bbox 1526 1268 1539 1308; x_wconf 84' lang='lat'>3</span> <span class='ocrx_word' id='word_1_126' title='bbox 1583 1247 1666 1296; x_wconf 82' lang='grc' dir='ltr'>οῦκ</span> <span class='ocrx_word' id='word_1_127' title='bbox 1684 1255 1864 1331; x_wconf 49' lang='grc' dir='ltr'>ἓΐέξῦῡῐὲἱϊᾶ</span> 
     </span>
     <span class='ocr_line' id='line_1_17' title="bbox 82 1313 1842 1395; baseline 0.001 -19"><span class='ocrx_word' id='word_1_128' title='bbox 82 1324 139 1390; x_wconf 82' lang='grc' dir='ltr'>ἧν</span> <span class='ocrx_word' id='word_1_129' title='bbox 164 1326 340 1392; x_wconf 82' lang='grc' dir='ltr'>ἀγαθὸς</span> <span class='ocrx_word' id='word_1_130' title='bbox 373 1328 434 1380; x_wconf 87' lang='grc' dir='ltr'>ὡς</span> <span class='ocrx_word' id='word_1_131' title='bbox 467 1327 524 1395; x_wconf 76' lang='grc' dir='ltr'>ἐξ</span> <span class='ocrx_word' id='word_1_132' title='bbox 558 1328 739 1393; x_wconf 82' lang='grc' dir='ltr'>ἀγαθοῦ</span> <span class='ocrx_word' id='word_1_133' title='bbox 774 1326 979 1393; x_wconf 81' lang='grc' dir='ltr'>Πατρὸς,</span> <span class='ocrx_word' id='word_1_134' title='bbox 1006 1327 1115 1377; x_wconf 84' lang='grc' dir='ltr'>ἀλλ’</span> <span class='ocrx_word' id='word_1_135' title='bbox 1145 1326 1221 1378; x_wconf 77' lang='grc' dir='ltr'>ὅτε</span> <span class='ocrx_word' id='word_1_136' title='bbox 1253 1327 1444 1393; x_wconf 77' lang='grc' dir='ltr'>γε’γονεν</span> <span class='ocrx_word' id='word_1_137' title='bbox 1476 1327 1661 1394; x_wconf 77' lang='grc' dir='ltr'>ἅνθρω-</span> <span class='ocrx_word' id='word_1_138' title='bbox 1686 1351 1726 1385; x_wconf 72' lang='lat'>74</span> <span class='ocrx_word' id='word_1_139' title='bbox 1741 1313 1779 1374; x_wconf 57' lang='grc' dir='ltr'>ἶ.</span> <span class='ocrx_word' id='word_1_140' title='bbox 1835 1323 1842 1330; x_wconf 58' lang='grc'><strong>’</strong></span> 
     </span>
     <span class='ocr_line' id='line_1_18' title="bbox 17 1406 1667 1477; baseline 0.003 -20"><span class='ocrx_word' id='word_1_141' title='bbox 17 1427 62 1463; x_wconf 84' lang='lat'>15</span> <span class='ocrx_word' id='word_1_142' title='bbox 82 1429 182 1469; x_wconf 88' lang='grc' dir='ltr'>πος,</span> <span class='ocrx_word' id='word_1_143' title='bbox 215 1406 320 1458; x_wconf 90' lang='grc' dir='ltr'>τότε</span> <span class='ocrx_word' id='word_1_144' title='bbox 359 1410 434 1458; x_wconf 75' lang='grc' dir='ltr'>καὶ</span> <span class='ocrx_word' id='word_1_145' title='bbox 471 1407 712 1473; x_wconf 82' lang='grc' dir='ltr'>ἐλεήμων;</span> <span class='ocrx_word' id='word_1_146' title='bbox 752 1408 1018 1477; x_wconf 70' lang='grc' dir='ltr'>προέκοψεν</span> <span class='ocrx_word' id='word_1_147' title='bbox 1056 1409 1137 1459; x_wconf 81' lang='grc' dir='ltr'>οῦν</span> <span class='ocrx_word' id='word_1_148' title='bbox 1176 1409 1201 1458; x_wconf 81' lang='grc' dir='ltr'>ὁ</span> <span class='ocrx_word' id='word_1_149' title='bbox 1240 1411 1289 1459; x_wconf 88' lang='grc' dir='ltr'>ἐκ</span> <span class='ocrx_word' id='word_1_150' title='bbox 1325 1412 1448 1459; x_wconf 79' lang='grc' dir='ltr'>Θεοῦ</span> <span class='ocrx_word' id='word_1_151' title='bbox 1477 1407 1667 1474; x_wconf 72' lang='grc' dir='ltr'>Πατρός</span> 
     </span>
     <span class='ocr_line' id='line_1_19' title="bbox 84 1488 1667 1557; baseline 0.001 -19"><span class='ocrx_word' id='word_1_152' title='bbox 84 1488 255 1554; x_wconf 87' lang='grc' dir='ltr'>Λόγος,</span> <span class='ocrx_word' id='word_1_153' title='bbox 281 1490 356 1540; x_wconf 80' lang='grc' dir='ltr'>καὶ</span> <span class='ocrx_word' id='word_1_154' title='bbox 383 1491 605 1556; x_wconf 87' lang='grc' dir='ltr'>κρείττων</span> <span class='ocrx_word' id='word_1_155' title='bbox 627 1490 791 1539; x_wconf 87' lang='grc' dir='ltr'>ἑαυτοῦ</span> <span class='ocrx_word' id='word_1_156' title='bbox 816 1489 1020 1555; x_wconf 75' lang='grc' dir='ltr'>γέγονεν,</span> <span class='ocrx_word' id='word_1_157' title='bbox 1041 1489 1117 1540; x_wconf 75' lang='grc' dir='ltr'>ὅτε</span> <span class='ocrx_word' id='word_1_158' title='bbox 1145 1490 1415 1556; x_wconf 68' lang='grc' dir='ltr'>σπέρματος</span> <span class='ocrx_word' id='word_1_159' title='bbox 1441 1490 1667 1557; x_wconf 62' lang='grc' dir='ltr'>εΑβραάμ</span> 
     </span>
     <span class='ocr_line' id='line_1_20' title="bbox 81 1569 1662 1640; baseline 0.001 -19"><span class='ocrx_word' id='word_1_160' title='bbox 81 1570 354 1633; x_wconf 78' lang='grc' dir='ltr'>ἐπελάβετο·</span> <span class='ocrx_word' id='word_1_161' title='bbox 395 1572 559 1622; x_wconf 80' lang='grc' dir='ltr'>οὐκοῦν</span> <span class='ocrx_word' id='word_1_162' title='bbox 587 1570 700 1636; x_wconf 81' lang='grc' dir='ltr'>ὅπερ</span> <span class='ocrx_word' id='word_1_163' title='bbox 727 1571 808 1621; x_wconf 80' lang='grc' dir='ltr'>οὐκ</span> <span class='ocrx_word' id='word_1_164' title='bbox 840 1569 896 1634; x_wconf 80' lang='grc' dir='ltr'>ἧν</span> <span class='ocrx_word' id='word_1_165' title='bbox 922 1571 1116 1636; x_wconf 77' lang='grc' dir='ltr'>ἐγένετο,</span> <span class='ocrx_word' id='word_1_166' title='bbox 1144 1573 1220 1622; x_wconf 75' lang='grc' dir='ltr'>καὶ</span> <span class='ocrx_word' id='word_1_167' title='bbox 1255 1569 1499 1640; x_wconf 72' lang='grc' dir='ltr'>ὠφέληται</span> <span class='ocrx_word' id='word_1_168' title='bbox 1535 1577 1662 1634; x_wconf 86' lang='grc' dir='ltr'>μᾶλ-</span> 
     </span>
     <span class='ocr_line' id='line_1_21' title="bbox 83 1651 1840 1721; baseline -0.001 -20"><span class='ocrx_word' id='word_1_169' title='bbox 83 1659 171 1702; x_wconf 91' lang='grc' dir='ltr'>λον</span> <span class='ocrx_word' id='word_1_170' title='bbox 196 1651 442 1718; x_wconf 88' lang='grc' dir='ltr'>γενόμενος</span> <span class='ocrx_word' id='word_1_171' title='bbox 467 1652 729 1719; x_wconf 76' lang='grc' dir='ltr'>ἄνθρωπος·</span> <span class='ocrx_word' id='word_1_172' title='bbox 772 1656 870 1705; x_wconf 80' lang='grc' dir='ltr'>πῶς</span> <span class='ocrx_word' id='word_1_173' title='bbox 899 1653 979 1703; x_wconf 83' lang='grc' dir='ltr'>οῦν</span> <span class='ocrx_word' id='word_1_174' title='bbox 1005 1652 1233 1718; x_wconf 76' lang='grc' dir='ltr'>ἄτρεπτος</span> <span class='ocrx_word' id='word_1_175' title='bbox 1260 1653 1324 1704; x_wconf 71' lang='grc' dir='ltr'>ἔτι</span> <span class='ocrx_word' id='word_1_176' title='bbox 1349 1652 1469 1704; x_wconf 78' lang='grc' dir='ltr'>κατὰ</span> <span class='ocrx_word' id='word_1_177' title='bbox 1495 1652 1662 1721; x_wconf 79' lang='grc' dir='ltr'>φύσιν,</span> <span class='ocrx_word' id='word_1_178' title='bbox 1685 1666 1756 1701; x_wconf 86' lang='grc'>113</span> <span class='ocrx_word' id='word_1_179' title='bbox 1778 1665 1840 1702; x_wconf 88' lang='grc' dir='ltr'>Μ.</span> 
     </span>
     <span class='ocr_line' id='line_1_22' title="bbox 83 1732 1668 1800; baseline 0.003 -18"><span class='ocrx_word' id='word_1_180' title='bbox 83 1736 120 1783; x_wconf 81' lang='grc' dir='ltr'>εἰ</span> <span class='ocrx_word' id='word_1_181' title='bbox 156 1733 347 1800; x_wconf 70' lang='grc' dir='ltr'>γε’γονεν</span> <span class='ocrx_word' id='word_1_182' title='bbox 385 1733 500 1800; x_wconf 78' lang='grc' dir='ltr'>ὅπερ</span> <span class='ocrx_word' id='word_1_183' title='bbox 539 1734 621 1784; x_wconf 81' lang='grc' dir='ltr'>οὐκ</span> <span class='ocrx_word' id='word_1_184' title='bbox 658 1732 746 1798; x_wconf 85' lang='grc' dir='ltr'>ἧν;</span> <span class='ocrx_word' id='word_1_185' title='bbox 786 1738 887 1787; x_wconf 81' lang='grc' dir='ltr'>πῶς</span> <span class='ocrx_word' id='word_1_186' title='bbox 924 1734 1176 1798; x_wconf 75' lang='grc' dir='ltr'>μεμένηκεν</span> <span class='ocrx_word' id='word_1_187' title='bbox 1215 1736 1239 1785; x_wconf 86' lang='grc' dir='ltr'>ὁ</span> <span class='ocrx_word' id='word_1_188' title='bbox 1279 1734 1445 1796; x_wconf 66' lang='grc' dir='ltr'>αὐτός,</span> <span class='ocrx_word' id='word_1_189' title='bbox 1488 1741 1580 1785; x_wconf 91' lang='grc' dir='ltr'>ποῦ</span> <span class='ocrx_word' id='word_1_190' title='bbox 1618 1734 1668 1786; x_wconf 80' lang='grc' dir='ltr'>δὲ</span> 
     </span>
     <span class='ocr_line' id='line_1_23' title="bbox 16 1813 1662 1882; baseline 0.001 -17"><span class='ocrx_word' id='word_1_191' title='bbox 16 1840 65 1865; x_wconf 88' lang='lat'>20</span> <span class='ocrx_word' id='word_1_192' title='bbox 84 1815 301 1866; x_wconf 81' lang='grc' dir='ltr'>κεκένωκε</span> <span class='ocrx_word' id='word_1_193' title='bbox 332 1817 407 1866; x_wconf 81' lang='grc' dir='ltr'>καὶ</span> <span class='ocrx_word' id='word_1_194' title='bbox 440 1818 642 1879; x_wconf 85' lang='grc' dir='ltr'>καθῆκεν</span> <span class='ocrx_word' id='word_1_195' title='bbox 668 1813 831 1866; x_wconf 82' lang='grc' dir='ltr'>ἑαυτὸν</span> <span class='ocrx_word' id='word_1_196' title='bbox 857 1818 918 1868; x_wconf 79' lang='grc' dir='ltr'>εἰς</span> <span class='ocrx_word' id='word_1_197' title='bbox 948 1816 1248 1879; x_wconf 90' lang='grc' dir='ltr'>ταπείνωσιν,</span> <span class='ocrx_word' id='word_1_198' title='bbox 1275 1820 1312 1867; x_wconf 83' lang='grc' dir='ltr'>εὶ</span> <span class='ocrx_word' id='word_1_199' title='bbox 1339 1815 1532 1882; x_wconf 79' lang='grc' dir='ltr'>γέγονεν</span> <span class='ocrx_word' id='word_1_200' title='bbox 1557 1818 1662 1867; x_wconf 86' lang='grc' dir='ltr'>ἑαυ-</span> 
     </span>
     <span class='ocr_line' id='line_1_24' title="bbox 83 1895 1669 1965; baseline 0 -17"><span class='ocrx_word' id='word_1_201' title='bbox 83 1903 166 1948; x_wconf 91' lang='grc' dir='ltr'>τοῦ</span> <span class='ocrx_word' id='word_1_202' title='bbox 192 1897 433 1958; x_wconf 90' lang='grc' dir='ltr'>καλλίων;</span> <span class='ocrx_word' id='word_1_203' title='bbox 476 1898 585 1948; x_wconf 84' lang='grc' dir='ltr'>ἀλλ’</span> <span class='ocrx_word' id='word_1_204' title='bbox 613 1897 700 1964; x_wconf 80' lang='grc' dir='ltr'>οὐχ</span> <span class='ocrx_word' id='word_1_205' title='bbox 731 1897 851 1947; x_wconf 77' lang='grc' dir='ltr'>οὕτω</span> <span class='ocrx_word' id='word_1_206' title='bbox 878 1899 1004 1948; x_wconf 81' lang='grc' dir='ltr'>ταῦτ’</span> <span class='ocrx_word' id='word_1_207' title='bbox 1034 1898 1139 1965; x_wconf 73' lang='grc' dir='ltr'>ἔχει,</span> <span class='ocrx_word' id='word_1_208' title='bbox 1166 1897 1231 1962; x_wconf 86' lang='grc' dir='ltr'>μὴ</span> <span class='ocrx_word' id='word_1_209' title='bbox 1258 1895 1453 1963; x_wconf 68' lang='grc' dir='ltr'>γένοιτο·</span> <span class='ocrx_word' id='word_1_210' title='bbox 1493 1896 1551 1961; x_wconf 77' lang='grc' dir='ltr'>ἦν</span> <span class='ocrx_word' id='word_1_211' title='bbox 1576 1898 1669 1964; x_wconf 78' lang='grc' dir='ltr'>γὰρ</span> 
     </span>
     <span class='ocr_line' id='line_1_25' title="bbox 82 1977 1670 2043; baseline 0.001 -14"><span class='ocrx_word' id='word_1_212' title='bbox 82 1978 291 2043; x_wconf 87' lang='grc' dir='ltr'>ἐλεήμων</span> <span class='ocrx_word' id='word_1_213' title='bbox 333 1982 408 2029; x_wconf 85' lang='grc' dir='ltr'>καὶ</span> <span class='ocrx_word' id='word_1_214' title='bbox 448 1979 578 2029; x_wconf 75' lang='grc' dir='ltr'>ἔστιν</span> <span class='ocrx_word' id='word_1_215' title='bbox 617 1978 700 2029; x_wconf 87' lang='grc' dir='ltr'>ἀεί·</span> <span class='ocrx_word' id='word_1_216' title='bbox 742 1979 819 2029; x_wconf 83' lang='grc' dir='ltr'>καὶ</span> <span class='ocrx_word' id='word_1_217' title='bbox 855 1977 1010 2043; x_wconf 86' lang='grc' dir='ltr'>ἐπειδὴ</span> <span class='ocrx_word' id='word_1_218' title='bbox 1048 1979 1186 2030; x_wconf 90' lang='grc' dir='ltr'>τοῦτό</span> <span class='ocrx_word' id='word_1_219' title='bbox 1225 1981 1368 2042; x_wconf 88' lang='grc' dir='ltr'>ἐστιν,</span> <span class='ocrx_word' id='word_1_220' title='bbox 1409 1978 1670 2040; x_wconf 77' lang='grc' dir='ltr'>ἐπελάβετο</span> 
     </span>
     <span class='ocr_line' id='line_1_26' title="bbox 83 2059 1667 2127; baseline 0.001 -16"><span class='ocrx_word' id='word_1_221' title='bbox 83 2060 355 2127; x_wconf 73' lang='grc' dir='ltr'>σπέρματος</span> <span class='ocrx_word' id='word_1_222' title='bbox 391 2059 632 2126; x_wconf 78' lang='grc' dir='ltr'>Ἀβραὰμ,</span> <span class='ocrx_word' id='word_1_223' title='bbox 668 2059 723 2111; x_wconf 82' lang='grc' dir='ltr'>ἵν’</span> <span class='ocrx_word' id='word_1_224' title='bbox 766 2064 828 2113; x_wconf 80' lang='grc' dir='ltr'>εἷς</span> <span class='ocrx_word' id='word_1_225' title='bbox 867 2060 989 2123; x_wconf 81' lang='grc' dir='ltr'>ἡμᾶς</span> <span class='ocrx_word' id='word_1_226' title='bbox 1030 2059 1172 2127; x_wconf 77' lang='grc' dir='ltr'>ἱερεὺς</span> <span class='ocrx_word' id='word_1_227' title='bbox 1211 2060 1422 2125; x_wconf 88' lang='grc' dir='ltr'>ἐλεήμων</span> <span class='ocrx_word' id='word_1_228' title='bbox 1460 2060 1667 2127; x_wconf 74' lang='grc' dir='ltr'>γένηται·</span> 
     </span>
     <span class='ocr_line' id='line_1_27' title="bbox 84 2139 1669 2210; baseline 0.001 -18"><span class='ocrx_word' id='word_1_229' title='bbox 84 2143 160 2192; x_wconf 75' lang='grc' dir='ltr'>καὶ</span> <span class='ocrx_word' id='word_1_230' title='bbox 205 2141 308 2192; x_wconf 85' lang='grc' dir='ltr'>τίνα</span> <span class='ocrx_word' id='word_1_231' title='bbox 354 2139 546 2208; x_wconf 88' lang='grc' dir='ltr'>τρόπον,</span> <span class='ocrx_word' id='word_1_232' title='bbox 590 2143 695 2207; x_wconf 83' lang='grc' dir='ltr'>ἐρῶ·</span> <span class='ocrx_word' id='word_1_233' title='bbox 755 2141 838 2191; x_wconf 82' lang='grc' dir='ltr'>οὐκ</span> <span class='ocrx_word' id='word_1_234' title='bbox 880 2139 939 2204; x_wconf 81' lang='grc' dir='ltr'>ἧν</span> <span class='ocrx_word' id='word_1_235' title='bbox 982 2143 1031 2191; x_wconf 84' lang='grc' dir='ltr'>ἐν</span> <span class='ocrx_word' id='word_1_236' title='bbox 1076 2141 1204 2210; x_wconf 74' lang='grc' dir='ltr'>νόμῳ</span> <span class='ocrx_word' id='word_1_237' title='bbox 1246 2143 1544 2205; x_wconf 80' lang='grc' dir='ltr'>δικαιωθῆναι</span> <span class='ocrx_word' id='word_1_238' title='bbox 1585 2142 1669 2193; x_wconf 80' lang='grc' dir='ltr'>τὸν</span> 
     </span>
     <span class='ocr_line' id='line_1_28' title="bbox 16 2220 1667 2288; baseline 0 -15"><span class='ocrx_word' id='word_1_239' title='bbox 16 2240 64 2278; x_wconf 90' lang='lat'>25</span> <span class='ocrx_word' id='word_1_240' title='bbox 86 2222 348 2288; x_wconf 78' lang='grc' dir='ltr'>ἄνθρωπον,</span> <span class='ocrx_word' id='word_1_241' title='bbox 377 2223 459 2273; x_wconf 83' lang='grc' dir='ltr'>οὐκ</span> <span class='ocrx_word' id='word_1_242' title='bbox 490 2220 549 2285; x_wconf 81' lang='grc' dir='ltr'>ἧν</span> <span class='ocrx_word' id='word_1_243' title='bbox 577 2224 850 2288; x_wconf 85' lang='grc' dir='ltr'>παραβῆναι</span> <span class='ocrx_word' id='word_1_244' title='bbox 881 2220 968 2286; x_wconf 86' lang='grc' dir='ltr'>τὴν</span> <span class='ocrx_word' id='word_1_245' title='bbox 999 2225 1222 2273; x_wconf 81' lang='grc' dir='ltr'>δοθεῖσαν</span> <span class='ocrx_word' id='word_1_246' title='bbox 1256 2222 1466 2286; x_wconf 86' lang='grc' dir='ltr'>ἐντολὴν,</span> <span class='ocrx_word' id='word_1_247' title='bbox 1497 2225 1572 2274; x_wconf 80' lang='grc' dir='ltr'>καὶ</span> <span class='ocrx_word' id='word_1_248' title='bbox 1603 2223 1667 2288; x_wconf 86' lang='grc' dir='ltr'>μὴ</span> 
     </span>
     <span class='ocr_line' id='line_1_29' title="bbox 84 2302 1668 2371; baseline 0.001 -18"><span class='ocrx_word' id='word_1_249' title='bbox 84 2304 212 2357; x_wconf 86' lang='grc' dir='ltr'>δίκας</span> <span class='ocrx_word' id='word_1_250' title='bbox 250 2305 478 2371; x_wconf 86' lang='grc' dir='ltr'>ὑποσχεῖν</span> <span class='ocrx_word' id='word_1_251' title='bbox 507 2306 797 2370; x_wconf 87' lang='grc' dir='ltr'>παραχρῆμα</span> <span class='ocrx_word' id='word_1_252' title='bbox 836 2305 910 2353; x_wconf 79' lang='grc' dir='ltr'>καὶ</span> <span class='ocrx_word' id='word_1_253' title='bbox 948 2302 1087 2370; x_wconf 80' lang='grc' dir='ltr'>μέχρι</span> <span class='ocrx_word' id='word_1_254' title='bbox 1117 2302 1333 2354; x_wconf 69' lang='grc' dir='ltr'>θανάτουι</span> <span class='ocrx_word' id='word_1_255' title='bbox 1373 2304 1668 2355; x_wconf 84' lang='grc' dir='ltr'>πιστώσεται</span> 
     </span>
     <span class='ocr_line' id='line_1_30' title="bbox 85 2383 1856 2452; baseline 0.001 -18"><span class='ocrx_word' id='word_1_256' title='bbox 85 2383 132 2435; x_wconf 81' lang='grc' dir='ltr'>δὲ</span> <span class='ocrx_word' id='word_1_257' title='bbox 181 2383 384 2452; x_wconf 81' lang='grc' dir='ltr'>γράφων</span> <span class='ocrx_word' id='word_1_258' title='bbox 435 2385 460 2435; x_wconf 83' lang='grc' dir='ltr'><em>ὃ</em></span> <span class='ocrx_word' id='word_1_259' title='bbox 506 2388 701 2437; x_wconf 77' lang='grc' dir='ltr'>Παῦλος</span> <span class='ocrx_word' id='word_1_260' title='bbox 746 2385 1059 2448; x_wconf 54' lang='grc' dir='ltr'>6(Ἀθετήσας</span> <span class='ocrx_word' id='word_1_261' title='bbox 1109 2407 1177 2438; x_wconf 93' lang='grc' dir='ltr'>τις</span> <span class='ocrx_word' id='word_1_262' title='bbox 1229 2385 1371 2448; x_wconf 87' lang='grc' dir='ltr'>νόμον</span> <span class='ocrx_word' id='word_1_263' title='bbox 1418 2384 1785 2440; x_wconf 64' lang='lat' dir='ltr'>Mmijoe&#39;oe91b.x.</span> <span class='ocrx_word' id='word_1_264' title='bbox 1805 2404 1856 2435; x_wconf 81' lang='lat'>28.</span> 
     </span>
     <span class='ocr_line' id='line_1_31' title="bbox 84 2465 1665 2533; baseline 0.001 -17"><span class='ocrx_word' id='word_1_265' title='bbox 84 2472 111 2494; x_wconf 88' lang='lat'>“</span> <span class='ocrx_word' id='word_1_266' title='bbox 134 2467 276 2532; x_wconf 77' lang='grc' dir='ltr'>χωρὶς</span> <span class='ocrx_word' id='word_1_267' title='bbox 303 2469 551 2532; x_wconf 80' lang='grc' dir='ltr'>οἰκτιρμῶν</span> <span class='ocrx_word' id='word_1_268' title='bbox 576 2467 651 2517; x_wconf 81' lang='grc' dir='ltr'>ἐπὶ</span> <span class='ocrx_word' id='word_1_269' title='bbox 677 2467 814 2516; x_wconf 72' lang='grc' dir='ltr'>δυσὶν</span> <span class='ocrx_word' id='word_1_270' title='bbox 840 2465 867 2530; x_wconf 77' lang='grc' dir='ltr'>ἢ</span> <span class='ocrx_word' id='word_1_271' title='bbox 895 2468 1050 2531; x_wconf 76' lang='grc' dir='ltr'>τρισὶν</span> <span class='ocrx_word' id='word_1_272' title='bbox 1073 2465 1309 2533; x_wconf 78' lang='grc' dir='ltr'>μάρτυσιν</span> <span class='ocrx_word' id='word_1_273' title='bbox 1334 2465 1665 2530; x_wconf 87' lang='grc' dir='ltr'>ἀποθνήσκει.”</span> 
     </span>
     <span class='ocr_line' id='line_1_32' title="bbox 83 2545 1668 2616; baseline 0.001 -20"><span class='ocrx_word' id='word_1_274' title='bbox 83 2545 158 2596; x_wconf 79' lang='grc' dir='ltr'>ἵνα</span> <span class='ocrx_word' id='word_1_275' title='bbox 181 2546 336 2597; x_wconf 88' lang='grc' dir='ltr'>τοίνυν</span> <span class='ocrx_word' id='word_1_276' title='bbox 360 2546 622 2615; x_wconf 76' lang='grc' dir='ltr'>ἀπαλλάξῃ</span> <span class='ocrx_word' id='word_1_277' title='bbox 653 2547 773 2611; x_wconf 82' lang='grc' dir='ltr'>ἡμᾶς</span> <span class='ocrx_word' id='word_1_278' title='bbox 806 2550 890 2610; x_wconf 80' lang='grc' dir='ltr'>τῆς</span> <span class='ocrx_word' id='word_1_279' title='bbox 923 2549 971 2598; x_wconf 86' lang='grc' dir='ltr'>ἐν</span> <span class='ocrx_word' id='word_1_280' title='bbox 998 2546 1124 2616; x_wconf 76' lang='grc' dir='ltr'>νόμῳ</span> <span class='ocrx_word' id='word_1_281' title='bbox 1160 2549 1288 2611; x_wconf 88' lang='grc' dir='ltr'>δίκης</span> <span class='ocrx_word' id='word_1_282' title='bbox 1325 2549 1400 2598; x_wconf 80' lang='grc' dir='ltr'>καὶ</span> <span class='ocrx_word' id='word_1_283' title='bbox 1439 2550 1554 2614; x_wconf 79' lang='grc' dir='ltr'>ἀρᾶς</span> <span class='ocrx_word' id='word_1_284' title='bbox 1592 2550 1668 2599; x_wconf 78' lang='grc' dir='ltr'>καὶ</span> 
     </span>
     <span class='ocr_line' id='line_1_33' title="bbox 17 2627 1668 2695; baseline 0.002 -19"><span class='ocrx_word' id='word_1_285' title='bbox 17 2647 65 2682; x_wconf 84' lang='lat'>30</span> <span class='ocrx_word' id='word_1_286' title='bbox 84 2627 360 2690; x_wconf 86' lang='grc' dir='ltr'>ἀποτομίας,</span> <span class='ocrx_word' id='word_1_287' title='bbox 404 2628 739 2695; x_wconf 82' lang='grc' dir='ltr'>κεχρημάτικεν</span> <span class='ocrx_word' id='word_1_288' title='bbox 777 2628 908 2692; x_wconf 84' lang='grc' dir='ltr'>ἡμῶν</span> <span class='ocrx_word' id='word_1_289' title='bbox 947 2627 1100 2693; x_wconf 78' lang='grc' dir='ltr'>ἱερεὺς,</span> <span class='ocrx_word' id='word_1_290' title='bbox 1140 2630 1193 2679; x_wconf 84' lang='grc' dir='ltr'>οὐ</span> <span class='ocrx_word' id='word_1_291' title='bbox 1232 2630 1357 2682; x_wconf 87' lang='grc' dir='ltr'>δίκας</span> <span class='ocrx_word' id='word_1_292' title='bbox 1396 2632 1537 2680; x_wconf 76' lang='grc' dir='ltr'>αἰτῶν</span> <span class='ocrx_word' id='word_1_293' title='bbox 1573 2634 1668 2680; x_wconf 81' lang='grc' dir='ltr'>τῶν</span> 
     </span>
     <span class='ocr_line' id='line_1_34' title="bbox 85 2707 1672 2778; baseline 0.002 -21"><span class='ocrx_word' id='word_1_294' title='bbox 85 2707 434 2774; x_wconf 78' lang='grc' dir='ltr'>ἡμαρτημένων,</span> <span class='ocrx_word' id='word_1_295' title='bbox 485 2710 568 2759; x_wconf 83' lang='grc' dir='ltr'>οὐκ</span> <span class='ocrx_word' id='word_1_296' title='bbox 617 2709 805 2776; x_wconf 87' lang='grc' dir='ltr'>ἐνόχους</span> <span class='ocrx_word' id='word_1_297' title='bbox 860 2714 918 2777; x_wconf 84' lang='grc' dir='ltr'>τῇ</span> <span class='ocrx_word' id='word_1_298' title='bbox 979 2711 1128 2775; x_wconf 89' lang='grc' dir='ltr'>κρίσει</span> <span class='ocrx_word' id='word_1_299' title='bbox 1180 2709 1407 2764; x_wconf 74' lang='grc' dir='ltr'>καθιστὰς</span> <span class='ocrx_word' id='word_1_300' title='bbox 1458 2709 1564 2770; x_wconf 78' lang='grc' dir='ltr'>τοῦς</span> <span class='ocrx_word' id='word_1_301' title='bbox 1615 2711 1672 2778; x_wconf 76' lang='grc' dir='ltr'>ἐξ</span> 
     </span>
     <span class='ocr_line' id='line_1_35' title="bbox 134 2849 1667 2897; baseline 0.002 -15"><span class='ocrx_word' id='word_1_302' title='bbox 134 2859 166 2882; x_wconf 86' lang='grc'>2.</span> <span class='ocrx_word' id='word_1_303' title='bbox 191 2849 368 2894; x_wconf 82' lang='grc' dir='ltr'>ἀνεδέχετο</span> <span class='ocrx_word' id='word_1_304' title='bbox 385 2849 421 2884; x_wconf 85' lang='lat' dir='ltr'>b.</span> <span class='ocrx_word' id='word_1_305' title='bbox 543 2861 573 2894; x_wconf 79' lang='lat'>3.</span> <span class='ocrx_word' id='word_1_306' title='bbox 597 2850 888 2895; x_wconf 78' lang='grc' dir='ltr'>ἐπιλαμβάνεσθαι</span> <span class='ocrx_word' id='word_1_307' title='bbox 905 2850 940 2884; x_wconf 91' lang='lat' dir='ltr'>b.</span> <span class='ocrx_word' id='word_1_308' title='bbox 1060 2863 1093 2893; x_wconf 89' lang='lat'>4.</span> <span class='ocrx_word' id='word_1_309' title='bbox 1120 2850 1233 2897; x_wconf 81' lang='grc' dir='ltr'>ἐκείνῳ</span> <span class='ocrx_word' id='word_1_310' title='bbox 1250 2850 1285 2885; x_wconf 90' lang='lat' dir='ltr'>b.</span> <span class='ocrx_word' id='word_1_311' title='bbox 1418 2855 1451 2884; x_wconf 89' lang='lat'>5.</span> <span class='ocrx_word' id='word_1_312' title='bbox 1478 2850 1613 2884; x_wconf 80' lang='grc' dir='ltr'>κᾶκεῖνω</span> <span class='ocrx_word' id='word_1_313' title='bbox 1632 2850 1667 2885; x_wconf 90' lang='lat' dir='ltr'>b.</span> 
     </span>
    </p>
   </div>
   <div class='ocr_carea' id='block_1_4' title="bbox 87 2894 1666 2976">
    <p class='ocr_par' dir='ltr' id='par_1_4' title="bbox 87 2894 1666 2976">
     <span class='ocr_line' id='line_1_36' title="bbox 87 2894 1666 2942; baseline 0.002 -14"><span class='ocrx_word' id='word_1_314' title='bbox 87 2905 121 2939; x_wconf 88' lang='lat'>9.</span> <span class='ocrx_word' id='word_1_315' title='bbox 146 2894 245 2930; x_wconf 71' lang='grc' dir='ltr'>οὗτος</span> <span class='ocrx_word' id='word_1_316' title='bbox 261 2896 315 2938; x_wconf 85' lang='lat' dir='ltr'>(ut</span> <span class='ocrx_word' id='word_1_317' title='bbox 332 2895 414 2929; x_wconf 86' lang='lat' dir='ltr'><strong>adn.</strong></span> <span class='ocrx_word' id='word_1_318' title='bbox 434 2895 567 2940; x_wconf 83' lang='lat' dir='ltr'>Maius)</span> <span class='ocrx_word' id='word_1_319' title='bbox 587 2908 617 2931; x_wconf 84' lang='lat' dir='ltr'>a.</span> <span class='ocrx_word' id='word_1_320' title='bbox 778 2907 831 2931; x_wconf 87' lang='lat'>10.</span> <span class='ocrx_word' id='word_1_321' title='bbox 858 2895 1030 2942; x_wconf 84' lang='grc' dir='ltr'>ὡμοιώθη]</span> <span class='ocrx_word' id='word_1_322' title='bbox 1054 2901 1089 2937; x_wconf 58' lang='grc' dir='ltr'>-ξ-</span> <span class='ocrx_word' id='word_1_323' title='bbox 1111 2911 1147 2931; x_wconf 81' lang='grc' dir='ltr'>τε</span> <span class='ocrx_word' id='word_1_324' title='bbox 1164 2897 1199 2932; x_wconf 90' lang='lat' dir='ltr'>b.</span> <span class='ocrx_word' id='word_1_325' title='bbox 1363 2909 1415 2941; x_wconf 89' lang='lat'>19.</span> <span class='ocrx_word' id='word_1_326' title='bbox 1441 2895 1523 2941; x_wconf 82' lang='grc' dir='ltr'>ποῦ]</span> <span class='ocrx_word' id='word_1_327' title='bbox 1543 2900 1613 2932; x_wconf 83' lang='grc' dir='ltr'>πῶς</span> <span class='ocrx_word' id='word_1_328' title='bbox 1631 2896 1666 2931; x_wconf 76' lang='lat' dir='ltr'>b.</span> 
     </span>
     <span class='ocr_line' id='line_1_37' title="bbox 89 2940 529 2976; baseline 0.007 -3"><span class='ocrx_word' id='word_1_329' title='bbox 89 2950 144 2974; x_wconf 89' lang='lat'>21.</span> <span class='ocrx_word' id='word_1_330' title='bbox 168 2940 247 2974; x_wconf 85' lang='grc' dir='ltr'>ἀλλ’</span> <span class='ocrx_word' id='word_1_331' title='bbox 265 2942 383 2976; x_wconf 86' lang='lat' dir='ltr'>omisit</span> <span class='ocrx_word' id='word_1_332' title='bbox 400 2942 529 2976; x_wconf 88' lang='lat' dir='ltr'><strong>Maius.</strong></span> 
     </span>
    </p>
   </div>
   <div class='ocr_carea' id='block_1_5' title="bbox 143 3007 924 3049">
    <p class='ocr_par' dir='ltr' id='par_1_5' title="bbox 143 3007 924 3049">
     <span class='ocr_line' id='line_1_38' title="bbox 143 3007 924 3049; baseline 0.001 -15"><span class='ocrx_word' id='word_1_333' title='bbox 143 3007 237 3034; x_wconf 66' lang='lat' dir='ltr'><strong>von.</strong></span> <span class='ocrx_word' id='word_1_334' title='bbox 260 3007 329 3035; x_wconf 81' lang='lat'>111.</span> <span class='ocrx_word' id='word_1_335' title='bbox 854 3009 876 3049; x_wconf 77' lang='lat'>3</span> <span class='ocrx_word' id='word_1_336' title='bbox 899 3008 924 3035; x_wconf 91' lang='lat' dir='ltr'>o</span> 
     </span>
    </p>
   </div>
  </div>
 </body>
</html>
