2001 3257
52 957 149 990 Cant.
166 969 197 990 v.

279 115 362 155 114
664 118 716 159 B.
749 118 1030 161 CYRILLI
1070 119 1453 161 ALEXANDR.
1702 133 1772 159 xx.
1794 127 1858 172 15.

275 222 414 274 ποίαν
439 225 620 286 αἱτίαν;
660 225 688 290 ἢ
719 226 812 295 γὰρ
844 228 909 278 ε”τι
944 228 1133 292 δυνάμει
1169 233 1420 295 θεοπρεπεῖ
1453 227 1860 293 κατακρύπτοντος

275 304 439 356 ἑαυτὸν
465 312 547 357 τοῦ
575 311 793 375 Σωτῆρος
828 310 959 373 ἡμῶν
986 314 1217 375 Χριστοῦ,
1244 312 1319 361 καὶ
1354 311 1407 360 οὐ
1444 311 1553 360 λίαν
1588 308 1770 371 ἕτοιμον
1797 310 1860 361 εἷς

276 386 533 451 ἐπίγνωσιν
569 394 664 442 τοῖς
703 395 797 440 τῶν
824 391 1068 451 θεωμένων
1091 391 1380 458 παρέχοντος
1420 393 1703 459 ὀφθαλμοῖς,
1739 391 1854 440 ὑπο-

277 469 401 532 μένει
434 469 519 533 τὴν
545 470 754 536 ἄγνοιαν·
809 470 838 535 ἢ
870 472 1056 537 ἐπείπερ
1083 472 1251 538 ὄρθρος
1287 471 1346 536 ἧν
1372 472 1435 524 ἔτι
1467 472 1635 534 βαθὺς,
1666 470 1752 535 τὴν
1777 477 1860 522 τοῦ

237 572 259 600 c
278 551 561 617 φαινομένου
600 553 833 618 διάκρισιν
859 554 941 604 οὐκ
979 551 1102 620 εἶχεν
1128 553 1332 607 εὐκόλως
1366 555 1504 617 ἑλεῖν,
1530 554 1613 604 οὐκ
1651 554 1860 621 ἐφιείσης
1880 572 1902 611 5

275 633 453 699 τρόπον
497 633 600 683 τινὰ
641 640 780 685 τοῦτο
827 638 941 700 δρᾶν
987 638 1071 699 τῆς
1117 635 1293 698 νυκτὸς,
1336 634 1767 702 παραδεικνυούσης
1812 634 1860 685 δὲ

274 714 412 777 μόλις
450 720 533 765 τοῦ
572 717 785 780 πλησίον
818 716 967 770 ἰόντος
1006 716 1060 767 τὸ
1091 720 1275 784 σχῆμα.
1331 717 1569 784 τοιγάρτοι
1609 719 1682 768 καὶ
1723 715 1862 769 αὐτὸς

276 797 301 846 ὁ
330 796 502 862 Κύριος
527 798 659 861 ἡμῶν
684 798 871 862 Ἰησοῦς
899 800 924 849 ὁ
951 799 1165 864 Χριστὸς
1192 801 1239 849 ἐν
1265 804 1331 868 τῷ
1363 796 1543 868 ᾅσματι
1574 803 1667 850 τῶν
1695 797 1858 867 ᾀσμά-

276 901 371 929 των
398 879 706 943 διαμέμνηταί
739 903 840 934 πως
874 885 969 931 τῶν
1001 882 1049 931 ἐν
1075 884 1184 947 τῇδε
1218 885 1277 949 τῇ
1313 883 1441 932 νυκτὶ
1475 879 1758 946 περιπάτων,
1785 881 1861 930 καὶ

277 960 484 1022 ἱκμοῖδων
509 965 604 1011 τῶν
629 964 679 1012 ἐκ
718 962 895 1027 δρόσου
933 965 1014 1025 τῆς
1054 963 1258 1026 ἑωθινῆς,
1295 965 1416 1014 οὕτω
1453 962 1608 1029 λέγων
1646 960 1806 1012 “⁶'On
1832 962 1861 1026 ἦ
1884 991 1934 1017 10

277 1049 304 1072 ‘⁶
330 1042 516 1110 κεφαλή
550 1066 641 1106 μου
674 1042 894 1109 ἐπλήσθη
922 1043 1098 1111 δρόσου
1124 1048 1198 1096 καὶ
1226 1048 1268 1096 οἱ
1299 1044 1568 1112 βόστρυχοί
1587 1067 1677 1109 μου
1703 1043 1856 1114 ψεκοί-

277 1130 304 1153 “
330 1126 425 1175 δων
451 1125 657 1178 νυκτός.”

211 1293 257 1331 15
276 1282 394 1331 ΛὲΓει
441 1284 547 1343 αὐτῷ
588 1284 611 1327 ὁ
653 1285 816 1328 ἸΗσοῦς
860 1286 996 1338 Γύναι,
1036 1286 1076 1330 τί
1124 1287 1312 1341 »maiam
1362 1285 1456 1330 τίνα
1500 1284 1662 1345 ςΗτεῖο;
1716 1286 1859 1329 ἑκείνΗ

231 1368 258 1410 d
345 1365 527 1408 δοκοῦσα
557 1368 622 1409 ὅτι
648 1368 670 1410 ὁ
699 1370 915 1426 κΗΠουρόο
946 1370 1048 1422 ἐστι,
1075 1370 1189 1418 λέπει
1220 1371 1337 1426 αὐτῷ
1362 1370 1497 1428 Κύριε,
1524 1368 1560 1411 εἰ
1594 1370 1642 1412 σὺ
1679 1370 1860 1421 ἐβάστα-

343 1465 419 1491 σας
452 1450 596 1502 αὐτὸν,
629 1449 722 1494 εἰπὲ
755 1467 826 1501 μοι
857 1456 939 1494 Ποῦ
972 1452 1130 1495 {emme
1163 1453 1306 1506 αὐτὸν,
1338 1453 1456 1501 κάΓὼ
1488 1453 1582 1511 ἀρῶ
1618 1453 1761 1496 αὐτόν.
1885 1456 1931 1495 15

350 1564 549 1619 Σκοτιάς
589 1564 675 1628 μὲν
716 1567 864 1632 οὔσης
908 1567 973 1618 ἔτι
1019 1570 1096 1618 καὶ
1139 1569 1399 1633 λελυμένης
1445 1569 1574 1620 οὔπω
1617 1572 1863 1622 παντελῶς

275 1646 358 1708 τῆς
399 1645 576 1710 νυκτὸς,
619 1651 785 1713 θεωρεῖ
814 1648 897 1700 τὸν
932 1649 1123 1714 Ἰησοῦν
1161 1649 1300 1716 ἐγγὺς
1338 1650 1569 1716 γεγονότα
1607 1649 1759 1714 μόλις,
1787 1652 1862 1701 καὶ

276 1727 344 1780 τίς
369 1728 455 1791 μέν
481 1731 612 1780 ἐστιν
637 1732 807 1795 ἀγνοεῖ,
836 1730 921 1795 τὴν
946 1737 1029 1783 τοῦ
1056 1732 1279 1796 σώματος
1305 1731 1458 1783 εἰκόνα
1488 1733 1562 1783 καὶ
1596 1737 1678 1782 τοῦ
1708 1754 1862 1798 προσ-

275 1809 405 1860 ώπου
440 1810 522 1861 τὸν
565 1816 838 1879 χαρακτῆρα
886 1815 1134 1881 διακρίνειν
1177 1815 1259 1866 οὐκ
1300 1814 1489 1882 ἔχουσα·
1548 1819 1862 1880 κατακροᾶται

275 1891 323 1942 δὲ
367 1892 591 1958 λέγοντος
630 1894 684 1945 τό
727 1895 855 1946 Γύναι
895 1899 940 1947 τί
981 1899 1184 1958 κλοιίειςς
1233 1900 1308 1947 καὶ
1352 1901 1501 1963 πρᾶος
1541 1895 1626 1961 μὲν
1669 1898 1857 1960 ἀληθῶς
1882 1921 1933 1947 20

275 1979 359 2024 τοῦ
401 1977 619 2041 Σωτῆρος
661 1977 686 2026 ὁ
726 1976 883 2043 λόγος,
928 1979 1123 2029 ἐντεκεῖν
1166 1980 1203 2029 δ’
1251 1979 1333 2029 οὖν
1378 1978 1501 2041 ὅμως
1542 1983 1603 2032 εὶς
1649 1980 1862 2047 ὑποψίαν

239 2054 445 2118 θὶκανὸς,
491 2056 562 2107 ὅτι
601 2058 770 2124 πρέποι
809 2059 1025 2122 μάλιστά
1062 2083 1150 2111 τινι
1186 2065 1280 2111 τῶν
1317 2066 1400 2112 τοῦ
1439 2060 1590 2125 κήπου
1627 2083 1863 2127 προεστη-

275 2136 443 2189 κότων·
499 2142 761 2191 διακεῖσθαι
799 2140 847 2192 δὲ
884 2141 1032 2193 πάλιν
1072 2140 1332 2193 ἀκόλουθον
1370 2143 1472 2210 οὐχὶ
1512 2142 1699 2196 πάντως
1742 2144 1856 2208 ε’ρω-

274 2224 429 2270 τῶντα
472 2226 557 2271 τοῦ
601 2222 779 2274 κλαίειν
823 2222 907 2277 τὰς
958 2223 1180 2292 ἀφορμὰς
1229 2224 1288 2275 τὰ
1338 2231 1530 2276 τοιαῦτα
1583 2226 1730 2293 φοῖναι
1779 2224 1862 2277 τὸν

279 2301 468 2367 Κύριον,
497 2304 607 2354 ἀλλ’
637 2304 740 2356 οὐδὲ
778 2309 943 2369 μαθεῖν
981 2307 1205 2357 ἐθέλοντα
1243 2305 1325 2357 τὸν
1362 2306 1471 2372 παρ’
1513 2308 1654 2358 αὐτοῦ
1693 2306 1858 2373 ζητού·
1882 2329 1931 2368 25

276 2406 430 2447 μενον,
457 2385 731 2452 ἀφιστάντα
766 2387 813 2438 δὲ
850 2392 1042 2450 μᾶλλον
1067 2395 1149 2439 τοῦ
1177 2387 1475 2455 κατοιμώζειν
1513 2389 1672 2452 αὐτὴν,
1711 2389 1860 2440 καθά-

276 2489 364 2531 περ
395 2464 557 2529 ἀμὲλει
594 2470 669 2518 καὶ
702 2468 730 2532 ἡ
759 2472 855 2519 τῶν
893 2470 1132 2535 μακαρίων
1175 2468 1398 2536 ἀγγέλων
1437 2469 1561 2533 δυὰς,
1589 2471 1729 2525 αὐτὸς
1769 2471 1863 2538 γὰρ

276 2547 334 2612 ἧν
359 2551 435 2598 καὶ
473 2551 520 2599 ἐν
546 2549 730 2603 ἐκείνοις
768 2554 950 2601 λαλῶν.
1004 2553 1048 2602 τί
1083 2552 1238 2602 τοίνυν
1269 2555 1458 2615 κλαίεις,
1486 2551 1522 2602 ὦ
1554 2552 1682 2618 γύναι
1718 2553 1859 2621 φησί·

276 2631 373 2681 τίνοι
408 2631 575 2700 ζητεῖςς
618 2631 845 2694 τουτέστι,
883 2632 1185 2697 περίστειλόν
1224 2656 1317 2684 σου
1354 2632 1408 2684 τὸ
1441 2633 1655 2700 δάκρυον,
1685 2635 1864 2702 ἔχουσα

277 2711 361 2762 τὸν
399 2712 691 2778 ζητούμενον.
741 2712 833 2778 ἐγώ
872 2737 965 2776 σοι,
992 2716 1156 2781 φησὶν,
1192 2715 1220 2779 ἡ
1259 2721 1343 2766 τοῦ
1381 2714 1555 2781 θρήνου
1592 2716 1859 2785 πρόφασις,
1883 2746 1932 2782 30

329 2868 383 2903 13.
408 2856 458 2904 τί]
477 2858 550 2892 τίνα
569 2858 610 2892 Ε.
821 2870 873 2901 14.
900 2860 1053 2904 κηπωρός
1070 2859 1111 2894 Ε.
1313 2869 1366 2903 15.
1391 2860 1461 2905 ἀρῶ
1479 2861 1579 2895 αὐτόν
1596 2860 1663 2895 hoc
1681 2860 1803 2895 ordine
1821 2861 1862 2896 E.

283 2923 337 2959 16.
363 2924 412 2959 ἔτι
429 2936 499 2959 om.
520 2924 562 2959 Ε.
716 2935 771 2960 22.
797 2914 919 2970 πρέπὲιι
937 2925 977 2959 Ε.
1122 2933 1177 2968 25.
1202 2923 1277 2971 τὸν]
1296 2926 1532 2971 legendumne
1548 2926 1610 2960 τὸ.>
1653 2926 1754 2970 αὐτῆς
1772 2927 1814 2962 Ε.
