1981 3267
267 116 293 153 8
672 118 721 158 B.
755 119 1031 160 CYRILLI
1074 121 1454 162 ALEXANDR.
1674 123 1771 163 xvii.
1795 135 1859 177 25.

268 225 479 289 δύναμιν,
519 229 594 277 καὶ
636 227 706 278 ὅτι
746 229 1057 295 προέγνωστο
1099 231 1182 293 μὲν
1224 236 1289 300 τῷ
1321 235 1430 301 Θεῷ
1469 234 1544 283 καὶ
1582 234 1738 298 Πατρὶ
1779 235 1861 296 τῆς

269 308 493 375 ἡμετέρας
518 311 755 376 σωτηρίας
782 311 809 375 ἦ
837 311 957 374 ὁδὸς,
984 313 1012 376 ἡ
1039 312 1115 363 διὰ
1141 316 1224 377 τῆς
1255 320 1338 364 τοῦ
1375 318 1590 381 Χριστοῦ
1624 316 1861 377 μεσιτείας

226 395 252 435 (1
271 392 598 456 τετελεσμένη.
653 391 791 456 ἐδόθη
830 393 914 457 μὲν
946 395 1027 444 Οῧν
1068 396 1150 445 Οὐκ
1184 397 1233 446 ἐν
1270 397 1436 464 ἀρχαῖς
1472 401 1569 450 Τοῖς
1606 398 1680 447 ἐπὶ
1719 397 1860 462 γῆςὴ

269 478 463 539 γνῶσις,
509 473 637 524 ἀλλὰ
676 477 932 540 παρεισέδυ
974 476 1115 541 νόμος
1157 478 1181 527 ὁ
1226 477 1531 544 παιδαγωγὸς
1576 482 1658 543 τῆς
1702 478 1861 530 ἐνθέου

268 557 520 618 πολιτείας,
548 556 851 608 διαπλοίττων
883 558 992 621 ἡμῖν
1020 558 1232 623 ἀμυδρὰν
1265 561 1314 610 ἐν
1348 561 1510 613 τύποις
1549 559 1635 619 τὴν
1666 561 1859 624 εἴδησιν,
1881 577 1903 615 5

268 641 413 707 καιρῷ
450 640 516 708 τῷ
552 639 780 705 πρέποντι
815 639 900 704 τὴν
926 639 1002 690 διὰ
1036 647 1119 692 τοῦ
1148 644 1369 706 Σωτῆρος
1393 641 1691 706 τηρήσαντος
1723 642 1862 709 χοίριν

267 727 350 772 τοῦ
390 724 518 772 Θεοῦ
559 723 635 772 καὶ
679 721 887 788 Πατρός.
961 723 1219 788 λυσιτελὴς
1260 723 1308 774 δὲ
1344 724 1538 792 σφόδρα
1577 727 1653 775 καὶ
1687 724 1714 788 ἡ
1754 727 1861 791 περὶ

265 803 446 855 τούτων
490 804 599 867 ἡμῖν
643 805 950 872 ἀναφαίνεται
994 810 1172 870 γνῶσις
1215 805 1333 872 πρὸς
1381 806 1645 857 κατοίλυσιν
1685 807 1862 874 ὀφρύος

264 886 523 950 Ἰουδαϊκῆς
561 887 637 936 καὶ
674 887 987 954 φρυάγματος
1025 888 1221 938 ἀνοσίου
1252 893 1347 938 τῶν
1382 889 1438 957 ἐξ
1460 887 1678 954 Ἰσραὴλ,
1706 911 1857 952 συνη-

266 975 422 1035 γορεῖν
473 968 711 1033 ἑλομένων
761 974 905 1021 εἰσαεὶ
954 974 1021 1040 τῷ
1073 970 1200 1040 νόμῳ
1248 973 1324 1021 καὶ
1376 971 1452 1022 ὅτε
1507 974 1588 1035 τῆς
1640 971 1860 1035 ἀληθείας
1884 1000 1933 1024 10

265 1051 514 1118 παρούσης
557 1051 668 1118 παρ’
716 1052 849 1103 οὐδὲν
893 1052 985 1104 ’έδει
1027 1052 1198 1104 λοιπὸν
1238 1058 1477 1105 ποιεῖσθαι
1517 1052 1626 1108 τους
1669 1053 1859 1109 τύπους.

266 1133 609 1203 χρησιμωτάτη
646 1133 694 1186 δὲ
729 1133 924 1204 σφόδρα
959 1138 1035 1186 καὶ
1074 1134 1193 1202 πρὸς
1231 1136 1316 1200 τὴν
1342 1141 1436 1187 τῶν
1460 1136 1628 1202 ἑτέρων
1654 1137 1856 1203 ἀνατρο-

266 1216 377 1280 πὴν,
421 1217 644 1280 οἰομένων
695 1216 767 1268 ὅτι
817 1217 1102 1284 πρόσφατος
1153 1218 1263 1281 ἡμῖν
1313 1220 1389 1268 καὶ
1442 1218 1523 1270 νέα
1572 1216 1733 1282 βουλὴγ
1779 1224 1862 1270 τοῦ

270 1297 464 1365 Πατρὸς
506 1298 593 1362 τὴν
636 1305 720 1349 τοῦ
760 1300 1024 1366 μυστηρίου
1067 1299 1265 1362 δύναμιν
1309 1299 1715 1368 ἐξεμηχανήσατο.
1786 1301 1861 1352 διὰ

266 1387 406 1432 τοῦτο
439 1382 514 1431 καὶ
551 1381 575 1431 ὁ
603 1385 802 1435 Παῦλος
840 1380 926 1446 τὴν
961 1385 1056 1432 τῶν
1089 1382 1211 1433 οὕτω
1251 1383 1578 1446 διατιθεμένων
1615 1381 1862 1452 ὑπόληψιν
1883 1409 1932 1447 15

43 1465 486 1530 1006Α.οάναιρῶν,
537 1463 628 1532 ἔφη
679 1487 771 1515 που
834 1466 940 1531 περὶ
991 1468 1225 1531 Χριστοῦ·
1296 1464 1367 1516 ὅτι
1416 1466 1727 1531 προέγνωστο
1777 1464 1862 1530 μὲν

47 1556 59 1577 1
80 1548 111 1578 S.
131 1548 206 1578 Pet.

41 1592 63 1622 i.
78 1600 129 1622 20.

272 1554 299 1577 ‘⁶
324 1545 418 1613 πρὸ
455 1549 728 1610 καταβολῆς
761 1546 987 1611 κόσμου,”
1016 1547 1346 1617 πεφανερωται
1379 1547 1527 1613 γεμὴν
1561 1549 1610 1598 ἐν
1643 1548 1863 1616 ἐσχοίτοις

268 1635 351 1682 τοῦ
378 1634 543 1683 αἰῶνος
566 1634 756 1696 καιροῖς.

343 1711 636 1777 Σημειωτέον
675 1710 723 1763 δὲ
763 1710 833 1762 ὅτι
861 1711 1085 1764 δεδόσθαι
1124 1714 1276 1782 φησιν
1309 1714 1458 1782 ἑαυτῷ
1496 1713 1627 1780 παρὰ
1655 1713 1860 1781 Πατρὸς,

269 1795 437 1849 αὐτούς
474 1818 523 1846 τε
554 1793 662 1848 τοὺς
697 1793 913 1859 μαθητὰς
948 1797 1023 1846 καὶ
1058 1794 1126 1856 τὴν
1154 1793 1285 1864 δόξαν
1311 1794 1397 1859 τὴν
1425 1799 1660 1862 θεοπρεπῆ
1696 1798 1772 1847 καὶ
1806 1796 1860 1848 τὸ
1882 1823 1932 1848 20

268 1876 388 1928 κατὰ
430 1877 624 1929 ποίντων
666 1876 851 1943 κροίτος,
894 1878 947 1928 οὐ
992 1877 1109 1929 καθὸ
1152 1878 1298 1946 φύσει
1340 1882 1509 1929 νοεῖται
1551 1878 1673 1933 Θεὸς
1714 1880 1739 1930 ὁ
1779 1882 1862 1944 τῆς

268 1960 412 2029 δόξης
461 1959 649 2026 Κύριος,
692 1961 768 2010 καὶ
819 1960 1044 2014 οὐσιῶδες
1087 1960 1207 2028 ἔχων
1251 1959 1306 2011 τὸ
1352 1960 1611 2022 βασιλικὸν
1655 1961 1858 2030 ἀξίωμα·

267 2048 459 2106 μᾶλλον
487 2042 535 2094 δὲ
561 2042 679 2093 καθὸ
712 2042 920 2111 πέφηνεν
947 2043 1208 2108 ἄνθρωπος,
1236 2041 1273 2113 ᾧ
1304 2043 1460 2095 ποίντα
1487 2044 1590 2094 ἐστὶ
1629 2045 1862 2095 θεόσδοτα

269 2126 344 2176 καὶ
371 2126 453 2176 οὐκ
489 2125 547 2194 ἐξ
576 2126 693 2178 ἰδίας
719 2123 927 2193 φύσεως.
982 2126 1139 2176 ποίντα
1166 2125 1259 2191 γὰρ
1284 2127 1342 2194 τῇ
1377 2125 1527 2177 κτίσει
1556 2125 1686 2192 παρὰ
1713 2130 1856 2177 Θεοῦ”

269 2208 386 2259 ’ίδιον
422 2207 471 2259 δὲ
510 2208 636 2262 ὅλως
674 2207 808 2259 οὐδὲν
847 2209 895 2259 ἐν
934 2209 1065 2276 αὐτῇ,
1105 2208 1191 2260 κᾶν
1233 2209 1416 2277 ἔχουσά
1456 2232 1499 2259 τι
1536 2213 1631 2260 τῶν
1668 2210 1861 2275 ἀγαθῶν
1882 2233 1931 2271 25

269 2290 583 2359 διαφαίνηται.

204 2465 250 2501 25
272 2455 416 2513 Πάτερ
460 2454 609 2507 δίκαιε,
655 2454 719 2496 καὶ
762 2457 784 2497 ὁ
830 2456 987 2505 κόσμος
1032 2472 1077 2498 σε
1121 2458 1196 2498 οὐκ
1239 2456 1363 2508 ἕΓνω,
1405 2456 1491 2504 ἐγὼ
1534 2456 1580 2498 δε
1624 2471 1670 2499 σε
1710 2456 1859 2509 ἓΓνων,

546 2539 615 2581 καὶ
653 2540 774 2582 αὐτοὶ
811 2540 1001 2588 ἕΓνωσαν
1039 2542 1105 2583 ὅτι
1142 2543 1189 2583 σύ
1226 2557 1277 2590 με
1314 2541 1587 2583 ἀπέστειλας.

348 2655 545 2706 Δίκαιον
577 2656 625 2705 ἐν
663 2654 844 2708 τούτοις
879 2656 1113 2707 ἀποκαλεῖ
1149 2655 1232 2707 τὸν
1270 2655 1463 2725 Πατέρα,
1504 2656 1651 2706 καίτοι
1695 2655 1859 2722 ἑτέρως

270 2735 413 2788 αὐτὸν
459 2735 693 2799 ὀνομάσαι
744 2736 1010 2800 δυνάμενος.
1083 2741 1159 2789 καὶ
1204 2738 1298 2805 γάρ
1340 2740 1472 2789 ἐστιν
1524 2737 1670 2801 ὅσιος,
1712 2737 1858 2804 ἅγιος,
1879 2764 1929 2800 30

269 2819 508 2884 ἀμίαντος,
535 2820 729 2885 κτίστης
771 2821 847 2870 καὶ
885 2819 1180 2887 δημιουργὸς,
1208 2823 1283 2872 καὶ
1319 2821 1503 2887 ὅσαπερ
1530 2819 1587 2871 ἂν
1611 2820 1769 2888 πρέπῃ
1799 2824 1858 2888 τῇ

808 2953 841 2988 5.
869 2943 946 2988 ἡμῖν
963 2950 1186 2989 assumptum
1208 2957 1248 2979 ex
1269 2945 1308 2978 E.
