1981 3247
272 138 348 173 (332

324 257 436 293 ritum
480 257 598 293 Suum
648 257 820 293 Christus
851 259 923 293 791
960 257 983 292 d
1013 269 1033 292 e

325 322 401 366 Qui
430 322 518 358 dicit
549 323 657 367 “Qui
678 322 770 358 vidit
794 321 858 358 Me
877 321 969 357 vidit
997 327 1034 357 et

325 387 485 429 Patrem,
506 387 592 436 Ego
612 388 649 423 in
672 387 784 423 Patre
804 393 842 423 et
863 386 978 422 Pater
996 386 1034 422 in

325 451 418 488 Me'’
438 455 513 490 792
531 466 562 489 e.

271 517 387 553 Filius
416 517 520 553 Deus
551 517 596 553 de
623 517 722 561 Quo,
746 516 875 560 “Quis
905 515 1034 551 similis

326 583 396 618 erit
427 582 591 618 Domino
622 582 658 617 in
684 582 768 618 filiis
788 581 888 617 Dei'’
916 583 991 618 793
1013 593 1034 617 a

328 660 394 695 per
415 647 534 695 Cujus
565 652 784 697 paupertate
805 646 938 682 divites
964 658 1033 682 nos

327 712 378 748 iii.
403 714 494 748 442.

272 777 387 813 Filius
408 777 512 813 Deus
532 777 606 821 Qui
627 789 733 825 opera
760 775 897 824 majora
920 776 953 812 ei
974 776 1034 824 qui

326 842 364 877 in
386 842 473 890 Ipso
502 842 628 878 credat
654 842 701 877 ad
728 841 942 877 faciendum
972 841 1036 877 dat

330 910 421 949 803,
440 910 517 945 804
535 920 554 942 c
593 907 667 950 Qui
687 906 874 942 orationes
903 906 1036 953 accipit

331 975 408 1010 804
430 985 494 1015 ce,
526 974 603 1009 806
623 971 648 1008 b
687 984 734 1008 ne
763 971 942 1007 idolatrae
971 971 1035 1006 fia-

328 1050 412 1074 mus
433 1038 480 1073 ad
504 1037 598 1072 Eum
621 1043 771 1072 orantes
792 1038 870 1073 804
892 1048 912 1071 e
950 1035 1036 1083 quia

327 1103 453 1138 omnia
489 1104 588 1138 bona
625 1107 713 1137 sunt
752 1114 774 1137 a
814 1102 923 1137 Patre
970 1112 1037 1148 per

331 1167 466 1203 Filium
488 1170 564 1204 805
587 1167 642 1203 bc
656 1167 691 1207 d,
714 1169 791 1203 807
808 1166 831 1202 b
888 1166 962 1209 Qui
982 1165 1035 1201 in-

329 1232 489 1268 sufflavit
514 1232 693 1280 Spiritum
719 1233 896 1267 Sanctum
919 1233 996 1267 810
1017 1243 1036 1266 c

329 1299 447 1346 Cujus
466 1297 662 1345 Templum
682 1309 751 1332 nos
772 1298 848 1333 832
871 1308 903 1332 e.

280 1363 394 1399 Filius
413 1362 517 1398 Deus
537 1375 584 1398 ne
603 1361 766 1398 Trinitas
792 1360 1037 1397 non-trinitas

331 1430 407 1464 865
429 1440 462 1471 a,
493 1427 542 1463 iii.
575 1429 651 1464 523
701 1426 776 1470 Qui
804 1426 940 1462 liberos
969 1438 1037 1473 pro

329 1493 447 1529 servis
478 1492 590 1528 efficit
624 1493 700 1528 889
732 1504 751 1527 c
812 1491 938 1535 Quem
976 1490 1037 1538 qui

327 1558 535 1594 contemnit
572 1562 610 1593 et
644 1557 791 1592 Patrem
830 1555 1038 1591 contemnit

329 1626 406 1661 903
438 1623 461 1658 d
483 1635 515 1664 e,
555 1624 645 1664 906,
687 1624 764 1658 907
795 1633 863 1663 ae,
903 1622 979 1657 908
1005 1632 1036 1662 a,

331 1690 408 1725 910
425 1701 447 1724 a
484 1688 570 1735 quia
584 1687 677 1723 Filio
696 1691 734 1723 et
748 1686 849 1722 Patri
869 1698 1035 1721 commu-

328 1754 386 1789 nis
418 1753 580 1801 Spiritus
610 1751 773 1788 Sanctus
803 1753 880 1788 910
901 1751 936 1792 b,
959 1752 1033 1787 911

327 1819 351 1854 b
365 1831 385 1853 c
434 1818 519 1866 quia
557 1817 677 1853 Patris
716 1816 897 1864 Spiritum
936 1815 1038 1851 dedit

330 1886 407 1920 910
438 1883 460 1918 d
481 1895 527 1918 ne
543 1882 636 1918 Filio
653 1881 814 1929 Spiritus
834 1881 954 1928 major
973 1880 1038 1915 fiat

329 1951 407 1985 910
435 1948 458 1983 d
515 1960 560 1983 ne
599 1946 763 1983 Sanctus
806 1944 1039 1981 Naturaliter

331 2026 445 2061 quum
474 2025 551 2048 non
581 2012 640 2053 sit,
670 2024 747 2046 non
770 2012 928 2046 Sanctus
957 2009 1038 2045 fieri

330 2079 448 2126 possit
469 2079 546 2114 910
564 2090 593 2122 e,
617 2078 690 2113 911
711 2089 743 2112 a.

278 2144 393 2179 Filius
414 2144 515 2179 Deus
532 2142 608 2186 Qui
628 2141 729 2183 dicit,
748 2144 773 2160 “
786 2140 860 2179 Qui
876 2138 940 2176 Me
961 2139 1040 2175 odit

329 2214 366 2244 et
382 2208 531 2244 Patrem
544 2207 674 2242 Meum
692 2205 799 2241 odit'’
815 2207 891 2242 906
906 2217 926 2241 c
964 2204 1040 2249 Qui

330 2273 456 2309 futura
475 2271 659 2320 praedixit
682 2272 759 2308 915
782 2271 836 2306 de
874 2269 932 2306 De
954 2269 1039 2313 Quo

331 2338 464 2385 accipit
496 2337 616 2385 Ipsius
647 2336 810 2384 Spiritus
831 2335 905 2379 Qui
934 2334 1040 2370 Deus

330 2409 387 2439 est
407 2405 483 2439 929
502 2402 525 2437 d
559 2402 633 2445 Qui
655 2400 854 2448 discipulos
869 2400 906 2435 in
921 2400 1040 2435 Patris

335 2467 500 2502 Nomine
531 2466 692 2501 servavit
718 2468 795 2501 974
816 2464 872 2500 cd
920 2464 1041 2512 Cujus

332 2532 493 2567 verbum
526 2530 681 2566 verbum
716 2529 835 2565 Patris
870 2531 945 2565 982
968 2530 1039 2571 cd,

336 2598 413 2633 983
436 2609 456 2632 a
504 2595 589 2643 quia
619 2606 729 2642 super
754 2594 896 2641 Legem
920 2596 995 2630 983
1018 2594 1041 2630 d

333 2662 407 2706 Qui
450 2673 520 2696 nos
568 2672 655 2696 cum
690 2659 819 2707 Seipso
856 2659 1041 2707 Patreque

332 2727 412 2762 unit
438 2727 538 2762 1002
561 2737 593 2761 c.

287 2791 400 2827 Filius
428 2791 529 2827 Deus
553 2790 674 2834 Quem
703 2789 783 2837 quis
809 2801 1042 2837 cognoscens

332 2856 532 2905 cognoscit
592 2860 630 2891 et
694 2855 843 2891 Patrem
881 2856 981 2891 1010
1017 2854 1041 2890 b

333 2921 411 2966 Qui
445 2934 511 2969 per
541 2921 675 2968 januas
715 2919 857 2956 clausas
890 2919 1042 2956 intravit

812 134 1025 171 INDEX
1086 135 1328 172 RERUM.

1620 148 1750 171 FILIUS
1773 147 1868 171 DEUS

1162 260 1260 294 1091
1279 257 1314 299 d,
1334 258 1378 293 cf.
1398 260 1498 294 1090
1516 257 1572 293 de
1603 262 1625 277 “
1644 257 1718 301 Qui
1733 257 1866 304 loquor

1153 322 1338 370 justitiam
1356 321 1377 335 ”
1402 324 1503 358 1106
1524 334 1544 358 e
1592 321 1668 366 Qui
1689 322 1738 357 D.
1760 321 1864 369 Apo-

1159 387 1246 422 stoli
1279 387 1446 423 Thomae
1484 387 1599 423 verba
1639 392 1661 405 “
1678 385 1866 421 Dominus

1158 464 1263 487 meus
1288 456 1325 487 et
1350 453 1449 487 Deus
1472 451 1606 487 meus''
1628 450 1761 498 accipit
1786 450 1865 485 lau-

1158 517 1296 564 datque
1316 518 1416 553 1109
1431 517 1454 552 d
1496 516 1572 559 Qui
1592 515 1643 551 illi
1661 515 1734 550 hoc
1752 515 1866 550 modo

1159 582 1326 618 credenti
1342 580 1433 617 dixit
1449 587 1471 600 “
1483 581 1628 617 Euntes
1644 580 1774 616 docete
1790 592 1869 615 om-

1157 659 1224 683 nes
1241 646 1403 695 gentes”
1422 648 1522 683 1109
1538 646 1562 681 d
1590 657 1682 681 voce
1696 645 1868 693 Evange-

1157 712 1269 748 listae
1295 713 1392 748 1111
1417 711 1440 746 d
1457 723 1476 747 e
1533 710 1656 754 Quem
1685 708 1869 757 glorificat

1160 776 1322 824 Spiritus
1345 776 1468 824 Ipsius
1488 775 1531 810 M
1555 777 1603 812 64
1631 775 1682 822 [p.
1700 775 1813 822 285].

1105 842 1219 878 Filius
1251 842 1364 887 Deus,
1386 854 1497 889 quum
1529 840 1598 876 Dei
1628 839 1795 876 Ecclesia
1823 839 1871 875 ad

1160 907 1258 942 Eum
1297 906 1459 954 pertinet
1498 904 1540 942 M
1570 907 1619 942 49
1658 904 1736 941 init.
1794 904 1869 948 Qui

1159 977 1321 1007 mortem
1365 970 1597 1007 conculcavit
1633 968 1675 1005 M
1716 972 1765 1006 70
1803 970 1869 1006 fin.

1164 1035 1284 1084 Cujus
1324 1048 1475 1072 servum
1508 1040 1545 1071 et
1575 1033 1801 1081 Apostolum
1831 1047 1870 1070 se

1162 1103 1332 1138 nominat
1361 1100 1501 1136 Paulus
1531 1099 1573 1135 M
1605 1101 1656 1135 83
1695 1098 1782 1146 quia
1810 1111 1869 1135 ec-

1161 1166 1286 1208 clesia,
1308 1177 1401 1214 quae
1423 1164 1565 1201 Christi
1584 1169 1641 1200 est
1661 1170 1718 1200 est
1741 1169 1779 1200 et
1798 1163 1868 1200 Dei

1160 1232 1201 1268 M
1218 1234 1268 1268 83
1285 1232 1346 1267 fin.
1383 1230 1467 1278 quia
1487 1229 1645 1277 gratiam
1665 1241 1870 1277 pacemque

1160 1298 1224 1333 dat
1251 1309 1327 1332 non
1353 1295 1475 1331 solum
1498 1295 1606 1330 Pater
1633 1294 1698 1330 sed
1727 1300 1764 1330 et
1783 1293 1869 1341 Ipse

1161 1362 1202 1399 M
1233 1364 1282 1399 83
1311 1362 1387 1404 fin„
1428 1362 1477 1396 84
1527 1359 1614 1407 quia
1650 1359 1689 1394 in
1728 1358 1869 1406 Spiritu

1163 1427 1304 1464 Sancto
1317 1426 1476 1462 dicimus
1498 1432 1520 1444 ‘⁴
1529 1424 1714 1460 Dominus
1726 1424 1838 1460 ,Iesus
1848 1421 1867 1433 '⁹

1162 1492 1204 1529 M
1228 1495 1277 1529 84
1304 1492 1399 1538 [vide
1418 1496 1454 1527 et
1478 1493 1495 1526 1
1521 1490 1607 1526 Cor.
1629 1489 1689 1525 xii.
1712 1491 1734 1525 3
1756 1489 1793 1524 in
1814 1489 1870 1524 in-

1162 1558 1243 1594 dice
1258 1558 1427 1594 locorum
1443 1554 1750 1602 SS.Scripturae]
1785 1554 1870 1601 quia

1160 1624 1350 1659 bonorum
1380 1620 1560 1669 Largitor
1589 1625 1626 1656 et
1650 1619 1735 1668 Ipse
1755 1617 1796 1656 M
1818 1621 1867 1656 85

1161 1689 1241 1725 init.

1107 1755 1221 1791 Filius
1242 1754 1356 1796 Deus,
1377 1751 1453 1796 Qui
1485 1750 1626 1798 Spiritu
1653 1749 1776 1797 Ipsius
1800 1749 1868 1785 Pa-

1162 1819 1301 1866 trisque
1350 1817 1526 1865 obsignat
1564 1815 1608 1850 M
1648 1817 1697 1852 86
1771 1815 1870 1862 apud

1163 1884 1287 1926 Quem
1326 1881 1488 1922 formati,
1521 1880 1731 1928 Imaginem
1765 1879 1871 1916 Divi-

1161 1961 1248 1984 nam
1272 1947 1438 1995 potimur
1457 1945 1498 1981 M
1516 1947 1565 1981 86
1582 1945 1644 1981 fin.
1681 1945 1870 1980 “odorem

1164 2012 1281 2061 Cujus
1301 2010 1456 2047 notitiae
1475 2010 1513 2045 in
1534 2010 1635 2045 omni
1649 2009 1733 2045 loco
1749 2008 1868 2045 mani-

1163 2078 1394 2113 festaverunt
1409 2075 1431 2088 ’¹
1466 2073 1641 2122 Apostoli
1661 2073 1703 2111 M
1725 2076 1786 2119 87,
1820 2075 1869 2110 88

1165 2143 1244 2190 [pp.
1261 2143 1350 2183 328,
1369 2141 1464 2187 329]
1483 2152 1531 2176 ne
1545 2152 1615 2175 nos
1629 2139 1730 2187 ipsos
1751 2139 1873 2176 salve-

1162 2219 1248 2243 mur
1277 2206 1327 2242 iii.
1355 2208 1428 2243 391
1481 2205 1555 2248 Qui
1584 2204 1783 2252 unicuique
1813 2217 1866 2240 se-

1164 2271 1326 2308 cundum
1361 2282 1476 2319 opera
1509 2269 1682 2305 retribuit
1714 2269 1762 2304 iii.
1794 2271 1870 2306 419

1165 2337 1250 2385 quia
1258 2336 1462 2373 character
1472 2334 1665 2376 DeiDeus,
1680 2339 1871 2370 creaturae

1163 2407 1332 2438 creatura
1351 2399 1400 2435 iii.
1423 2400 1513 2436 462.

1112 2466 1193 2502 Filii
1214 2465 1287 2502 Dei
1310 2478 1332 2501 a
1351 2463 1444 2500 Filio
1473 2462 1573 2504 facti,
1594 2462 1774 2498 vilitatem
1803 2475 1870 2498 no-

1165 2536 1280 2566 stram
1310 2528 1492 2573 exuimus,
1513 2527 1634 2574 gratia
1658 2526 1761 2562 Illius
1787 2532 1871 2563 tan-

1165 2607 1275 2643 quam
1303 2598 1407 2630 veste
1440 2591 1635 2640 splendida
1662 2592 1795 2637 ornati,
1825 2592 1871 2628 ad

1165 2657 1485 2707 supernaturalem
1523 2656 1745 2704 dignitatem
1783 2669 1871 2692 con-

1167 2723 1377 2761 scendimus
1398 2725 1448 2760 92
1466 2735 1487 2758 a
1524 2722 1623 2770 quod
1643 2722 1690 2758 ad
1707 2722 1871 2758 Judaeos

1166 2789 1317 2826 umbrae
1347 2800 1450 2824 more
1477 2788 1603 2823 datum
1629 2792 1695 2829 est,
1716 2786 1754 2822 id
1773 2786 1872 2822 veri-

1164 2860 1242 2891 tate
1274 2853 1382 2890 nobis
1412 2865 1478 2901 per
1508 2852 1590 2888 Filii
1615 2851 1792 2900 Spiritum
1820 2853 1870 2888 92

1167 2920 1189 2955 d
1204 2932 1223 2955 e
1261 2931 1326 2967 per
1342 2918 1423 2954 Filii
1444 2917 1763 2968 participationem
1783 2918 1832 2954 93
1849 2916 1873 2951 b
