1981 3247
276 130 352 163 616

327 260 402 283 non
419 254 609 296 gravatus,
627 249 672 285 ad
688 249 821 286 Jesum
836 250 1037 298 discipulos

327 314 492 349 lucratus
518 316 590 350 129
614 314 637 350 b
672 315 859 362 quomodo
884 315 1038 351 lucerna

329 381 405 415 248
428 378 450 414 b
498 379 535 414 in
565 379 769 415 testimonii
795 380 1035 416 tabernaculo

327 444 481 479 lucerna
510 444 590 492 ejus
620 450 733 492 typus
765 447 854 486 250,
887 447 960 481 251
1016 458 1037 481 a

328 509 536 544 Pharisacis
555 509 685 556 rejecti
702 512 774 546 251
796 522 827 551 e,
850 512 939 556 252,
959 512 1034 546 356

328 573 511 621 Discipuli
547 587 631 609 cum
665 574 810 610 Judaeo
843 575 1036 623 disputant

332 642 404 675 175
428 639 464 674 d.

273 704 407 739 Battus
430 706 505 740 547
529 717 557 740 c.

273 768 422 804 Bestiae
443 769 548 804 utilia
565 760 716 817 eligere,
734 782 906 806 recusare
922 770 1035 806 noxia

326 834 446 869 sciunt
467 832 517 870 iii.
541 836 630 870 493.

272 898 485 935 Bethesdae
506 911 603 946 aqua
629 911 694 935 cur
715 900 830 936 semel
857 900 1031 936 turbaba-

325 969 386 1000 tur
407 966 483 1001 208
505 965 537 999 b.

271 1029 495 1065 Bethaniam
518 1029 620 1065 venit
637 1030 823 1065 Dominus
845 1030 903 1066 die
923 1030 1032 1066 Amni

325 1094 486 1141 eligendi
509 1096 585 1130 694
609 1107 637 1130 e.

272 1159 439 1194 Bezatha
462 1157 475 1209 (
497 1178 519 1188 =
541 1157 747 1209 Bethesda)
774 1161 850 1195 617
873 1172 903 1195 c.

271 1222 510 1270 Blasphemia
530 1229 567 1258 et
588 1223 623 1258 in
645 1223 734 1259 deos
753 1223 867 1259 falsos
883 1224 1034 1272 punitur

325 1293 455 1336 utpote
491 1288 527 1323 in
558 1288 627 1324 Dei
660 1289 809 1325 Nomen
839 1298 1033 1336 peccatum

329 1355 428 1389 1048
452 1366 473 1389 a
487 1354 521 1389 b.

270 1418 386 1454 Bonis
416 1419 526 1454 datur
555 1418 736 1466 sapientia
759 1421 832 1454 142
854 1431 874 1454 e
922 1418 1032 1461 Boni,

324 1496 471 1532 semper
485 1483 626 1520 Christi
642 1484 844 1520 adventum
859 1484 1033 1532 operibus

322 1549 432 1584 bonis
490 1549 699 1597 vigiliisque
758 1555 1031 1597 exspectantes,

324 1614 566 1650 nihilominus
594 1614 729 1650 timent
751 1617 827 1652 293
850 1627 869 1651 c
914 1614 1033 1650 Bonis

323 1679 399 1715 vita
426 1685 462 1715 et
488 1679 646 1720 coelum,
676 1680 781 1715 malis
811 1680 1030 1727 supplicium

326 1747 399 1781 501
424 1744 483 1780 ab
534 1744 682 1780 Bonum
721 1745 890 1781 incusare
933 1745 1031 1780 idem

324 1822 367 1845 ac
391 1809 592 1857 nequitiam
618 1810 861 1857 comprobare
883 1813 958 1847 407
981 1811 1016 1846 d.

270 1874 376 1909 Bona
398 1872 522 1909 omnia
542 1887 563 1909 a
583 1874 663 1910 Deo
684 1876 758 1910 861
784 1887 815 1910 e.

270 1938 378 1974 Bona
405 1951 480 1974 non
506 1939 585 1986 jam
610 1939 811 1986 praeterita
840 1939 905 1975 sed
926 1952 1031 1987 prae*

324 2003 446 2039 sentia
466 2003 675 2051 arripienda
696 2005 771 2040 465
794 2004 830 2039 b.

270 2067 390 2104 Bonis
423 2073 529 2115 pater
562 2068 666 2104 Deus
698 2068 896 2115 Sanctique
926 2068 1030 2116 Ejus,

323 2133 428 2170 malis
451 2134 619 2170 diabolus
641 2134 804 2182 sociique
827 2137 904 2171 550
925 2135 948 2170 b
965 2147 996 2170 e.

270 2199 501 2235 “Buccinae
532 2199 678 2234 sonitus
712 2199 924 2240 crescens,”
956 2199 1028 2235 dis-

323 2263 493 2312 pensatio
515 2263 743 2312 Evangelica
763 2265 839 2300 258
855 2265 878 2300 b
892 2277 923 2306 c,
954 2265 1032 2300 ·z·2'de

323 2329 356 2364 T
361 2329 441 2365 uba.

635 2435 665 2472 C

270 2522 569 2559 CAECAVERUNT
599 2535 637 2558 se
665 2522 811 2565 Judaei,
846 2522 1030 2557 inscitiam

323 2601 427 2624 suam
467 2587 739 2623 inobedientiae
773 2599 922 2622 causam
962 2586 1029 2622 sibi

322 2654 510 2701 fingentes
534 2655 603 2688 141
629 2665 661 2687 e.

269 2718 413 2755 Caecus
443 2731 463 2753 a
493 2717 685 2753 nativitate
711 2716 888 2752 Gentium
919 2721 1029 2763 typus

324 2786 396 2820 601
422 2796 441 2819 c
457 2783 480 2818 d
496 2795 516 2818 e
554 2794 618 2818 cur
647 2781 725 2817 luto
754 2786 887 2816 unctus
909 2781 984 2816 602
1007 2780 1029 2814 b

321 2847 556 2884 judaeorum
593 2844 825 2896 {didascalos
883 2845 1027 2880 futuros

324 2914 466 2949 Gentes
496 2912 613 2947 innuit
643 2914 718 2948 604
742 2924 772 2952 c,
796 2913 871 2946 632
896 2923 925 2951 c,
951 2911 1025 2945 633

808 130 1020 165 INDEX
1079 130 1322 167 RERUM.

1723 146 1869 170 BATTUS

1161 251 1354 288 Christum
1382 257 1559 301 tanquam
1585 254 1708 291 Deum
1740 256 1872 293 adorat

1162 318 1238 352 632
1263 317 1330 352 cd.

1107 378 1200 416 Cain
1247 381 1270 417 J
1276 381 1481 418 udaeorum
1528 389 1633 431 pater
1681 387 1758 422 560
1794 398 1868 422 e—

1162 447 1254 482 564.

1105 508 1230 546 Canae
1277 511 1466 548 Galilaeae
1514 513 1733 549 miraculum
1782 515 1870 562 quid

1159 574 1400 622 spiritualiter
1421 577 1609 625 significat
1633 581 1719 621 137,
1747 581 1819 616 139
1836 592 1868 622 e,

1164 642 1253 676 140.

1106 703 1380 740 Candelabrum
1396 704 1537 742 Christi
1553 712 1664 754 typus
1682 709 1759 743 390
1777 708 1825 743 cd
1836 721 1867 744 e.

1104 768 1228 818 Caput
1262 770 1427 805 mulieris
1459 771 1526 812 vir,
1563 773 1866 820 caput=princi-

1157 834 1259 882 pium
1281 832 1502 886 [ἀρχέτυπος]
1524 836 1567 872 Μ
1589 839 1638 873 62
1667 834 1718 887 [p.
1734 834 1840 888 281}

1103 898 1200 936 Caro
1230 912 1298 946 pro
1327 900 1479 936 homine
1508 901 1675 948 perfecto
1704 902 1868 949 positum

1158 967 1207 1000 94
1230 964 1253 999 (1
1283 977 1352 1000 nec
1371 965 1408 1000 in
1429 978 1580 1001 carnem
1601 967 1753 1002 intravit
1773 967 1869 1002 Ver-

1157 1029 1258 1074 bum,
1288 1030 1353 1065 sed
1392 1042 1478 1065 caro
1519 1031 1597 1066 sola
1630 1031 1742 1066 morti
1779 1031 1865 1067 sub-

1153 1093 1268 1140 jecta,
1309 1094 1437 1130 Verbo
1486 1095 1611 1130 omnia
1657 1095 1867 1132 vivificante

1156 1158 1393 1194 ineffabiliter
1427 1159 1533 1195 unita
1564 1159 1743 1195 liberatur
1772 1162 1821 1196 95
1845 1160 1867 1196 b

1157 1235 1243 1258 caro
1270 1223 1410 1259 factum
1432 1229 1488 1260 est
1511 1226 1559 1260 95
1582 1225 1605 1260 d
1621 1237 1640 1260 e
1679 1237 1745 1272 per
1766 1237 1867 1273 mys-

1157 1287 1269 1323 ticam
1291 1288 1465 1323 unionem
1488 1301 1573 1324 cum
1593 1289 1660 1326 Illo
1677 1289 1751 1333 Qui
1768 1290 1868 1326 servi

1157 1352 1314 1388 formam
1364 1353 1485 1389 induit
1535 1353 1715 1389 liberatur
1765 1367 1865 1396 caro,

1158 1429 1317 1465 cumque
1340 1430 1384 1453 eo
1404 1417 1602 1467 participat
1625 1431 1712 1454 caro
1738 1425 1867 1455 nostra

1157 1488 1310 1530 propter
1335 1483 1457 1518 carnis
1486 1483 1753 1531 cognationem
1776 1486 1825 1520 96
1846 1497 1866 1520 e

1159 1546 1321 1584 Carnem
1340 1560 1453 1595 quum
1473 1548 1636 1583 condere
1652 1561 1727 1584 non
1741 1548 1867 1598 dedig-

1157 1617 1266 1648 natus
1287 1625 1363 1648 non
1385 1618 1601 1648 exsecratur
1615 1612 1718 1648 Deus
1736 1615 1812 1648 437
1827 1613 1864 1648 d.

1103 1677 1264 1714 Carnem
1304 1677 1339 1712 in
1380 1689 1489 1713 cruce
1524 1683 1707 1713 mortuam
1746 1677 1864 1713 vivifi-

1157 1742 1254 1777 cavit
1286 1742 1395 1777 Pater
1430 1754 1497 1790 per
1531 1742 1665 1778 Filium
1700 1744 1800 1779 1102
1832 1754 1863 1785 e,

1162 1810 1175 1843 1
1189 1810 1262 1844 103
1283 1819 1314 1843 a.

1104 1871 1201 1908 Caro
1249 1884 1316 1919 pro
1364 1871 1599 1919 passionibus
1655 1872 1865 1908 carnalibus

1155 1936 1283 1972 habita
1303 1936 1350 1971 iii.
1375 1938 1449 1971 488
1482 1949 1549 1983 pro
1575 1938 1615 1971 τὰ
1636 1938 1760 1983 σαρκὸς
1779 1938 1864 1982 φρο-

1156 2004 1223 2036 νεῖν
1242 2000 1290 2036 iii.
1313 2003 1390 2036 554
1420 2000 1457 2035 in
1484 1999 1635 2036 Christo
1665 2000 1864 2048 aliquando

1155 2078 1222 2114 pro
1243 2065 1365 2101 carnis
1385 2065 1601 2101 infirmitate
1625 2065 1674 2101 iii.
1694 2066 1784 2100 438.

1103 2130 1200 2167 Caro
1222 2129 1364 2166 Christi
1385 2129 1457 2165 Dei
1476 2128 1575 2166 Caro
1596 2129 1647 2165 iii.
1670 2132 1761 2166 515.

1101 2195 1223 2233 Carne
1252 2194 1354 2230 nasci
1377 2194 1423 2229 ad
1443 2193 1567 2230 Deum
1594 2194 1756 2242 pertinet
1780 2193 1866 2241 quia

1157 2272 1268 2295 carne
1298 2258 1399 2294 nasci
1428 2271 1503 2294 non
1533 2264 1657 2307 potest
1677 2258 1791 2294 homo
1811 2258 1863 2294 iii.

1158 2326 1249 2361 526.

1102 2389 1279 2427 Carnales
1300 2387 1452 2424 deliciae
1483 2392 1645 2424 mentem
1673 2392 1710 2423 et
1740 2386 1863 2422 cordis

1155 2461 1285 2491 tonum
1340 2453 1385 2488 ad
1432 2452 1571 2488 Divina
1626 2451 1865 2500 percipienda

1155 2524 1332 2555 enervant
1362 2519 1438 2554 556
1459 2529 1478 2552 c
1516 2516 1727 2563 voluptates
1756 2522 1862 2552 trun-

1154 2596 1236 2619 care
1262 2594 1471 2630 possumus,
1493 2581 1680 2617 eradicare
1710 2581 1862 2615 omnino

1154 2660 1227 2683 non
1250 2658 1446 2694 possumus
1466 2646 1513 2680 iii.
1539 2647 1629 2687 596,
1653 2647 1741 2682 597.

1099 2711 1346 2759 Carpocrates
1366 2711 1414 2747 iii.
1441 2713 1529 2747 371.

1099 2776 1307 2825 Castigatio
1328 2776 1365 2811 in
1386 2776 1510 2811 furore
1531 2774 1632 2822 quid,
1655 2774 1689 2809 in
1717 2773 1859 2821 judicio

1153 2842 1235 2889 quid
1270 2843 1345 2877 869
1377 2853 1396 2876 a
1411 2841 1434 2875 b
1478 2841 1513 2874 in
1549 2839 1689 2887 judicio
1731 2839 1858 2874 beatos

1153 2907 1237 2942 facit
1261 2908 1336 2941 869
1361 2918 1388 2940 c.
