1986 3282
0 3031 3 3064 ’4

1 3068 4 3199 3

100 124 354 168 xix.16-18.
484 127 559 167 IN
602 127 643 169 S.
679 127 1020 169 JOANNEM.
1082 126 1209 167 LIB.
1242 126 1349 167 XII.
1642 124 1697 169 79

97 232 262 300 ὥσπερ
288 234 578 291 ἀπολύοντες
603 236 793 304 αὐχένα.
851 241 990 287 τοῦτο
1017 233 1111 302 γὰρ
1137 233 1196 299 ἧν
1221 236 1431 300 ἐναργῶς
1457 231 1512 284 τὸ
1539 233 1696 299 λε’γειν
1714 256 1737 283 0

95 319 198 368 Οὐκ
231 317 388 385 ἔχομεν
413 318 624 378 βασιλέα
656 324 688 371 εἰ
721 318 782 388 μὴ
815 322 1044 389 Καίσαρα..
1116 318 1226 369 ἀλλ’
1256 316 1519 384 εὑρήσομεν
1547 314 1698 367 πάλιν

94 401 170 449 καὶ
223 398 328 450 τότε
379 399 465 465 μὲν
516 403 592 453 ἐπὶ
642 405 709 470 τῷ
757 404 943 468 Σωτῆρι
987 404 1190 470 Χριστῷ
1237 399 1367 466 παρὰ
1419 403 1515 450 τῶν
1563 402 1696 449 λαῶν

95 480 408 547 γεγενημένην
452 483 538 547 τὴν
589 483 838 552 εὐφημίαν,
883 482 1014 550 παρὰ
1067 481 1114 534 δὲ
1166 484 1250 546 τῆς
1300 486 1396 532 τῶν
1444 479 1697 548 ἀρχιερέων

55 578 76 616 5
97 565 390 625 δυσβουλίας
457 567 531 616 καὶ
596 565 774 631 ταύτην
834 572 934 621 ταῖς
999 566 1173 619 ἄλλαις
1236 562 1702 630 προστετολμῆσθαί

97 651 254 714 φαμεν
292 646 378 712 τὴν
416 647 676 713 καταβοήν.

265 820 374 863 Τότε
412 818 485 863 οὖν
523 821 778 879 Παρὲὃωκεν
817 817 963 862 αὐτοῖς
1002 820 1132 862 αὐτόν
1171 820 1240 861 ἵνα
1280 821 1527 876 σταυρωθῇ.
1720 822 1765 857 16

170 938 288 988 Ταῖς
322 939 417 986 τῶν
442 936 683 986 Ἰουδαίων
710 934 929 1002 ἀκράτοις
964 936 1127 1001 ὀργαῖς
1163 934 1385 997 ἀπονέμει
1421 929 1593 983 λοιπὸν
1619 932 1696 981 καὶ

96 1018 183 1084 οὐχ
215 1016 332 1069 ἑκὼν
360 1019 384 1068 ὁ
414 1016 627 1072 Πιλάτος
661 1017 746 1082 τὴν
774 1022 836 1072 εἷς
870 1022 965 1069 πᾶν
991 1019 1145 1069 ὁτιοῦν
1172 1018 1249 1068 καὶ
1284 1020 1378 1066 τῶν
1411 1015 1502 1084 ἔξω
1539 1012 1697 1077 νόμων

32 1123 80 1147 10
98 1099 384 1166 ἀποδρομὴν,
437 1102 512 1151 καὶ
564 1098 651 1165 τὴν
701 1106 798 1154 τοῖς
849 1099 1090 1166 δικάζουσι
1141 1098 1422 1166 πρέπουσαν
1472 1096 1696 1166 ἐξουσίαν

97 1182 306 1251 ἀφελὼν,
334 1182 625 1247 ἀταμιεύτοις
663 1182 752 1247 ἤδη
793 1182 1021 1251 φέρεσθαι
1060 1187 1156 1236 τοῖς
1196 1185 1359 1244 θυμοῖς
1394 1177 1744 1245 ἀνεγκλήτωςᾶ

97 1265 272 1332 ἐφίησι,
300 1271 539 1333 σταυροῦν
570 1265 829 1332 ἐπιτρέψας
863 1264 945 1315 τὸν
979 1265 1047 1316 ἐπ’
1078 1265 1226 1315 οὐδενὶ
1261 1262 1347 1326 μὲν
1373 1267 1468 1313 τῶν
1495 1260 1697 1330 φαύλων

1759 1343 1867 1385 Supra

98 1345 278 1398 ἁλόντα
328 1352 588 1410 παντελῶς,
640 1347 713 1399 ὅτι
759 1347 808 1398 δὲ
861 1347 1006 1411 μόνον
1047 1345 1165 1398 Υὶὸν
1210 1346 1375 1397 ἑαυτὸν
1427 1345 1519 1414 ἔφη
1571 1347 1696 1395 Θεοῦ
1760 1399 1818 1420 ver
1850 1395 1867 1429 7

96 1430 386 1496 παραλόγως
440 1429 727 1497 κρινόμενον.
794 1429 1036 1483 Ἰουδαίοις
1086 1427 1172 1493 μὲν
1223 1430 1305 1479 οὖν
1358 1427 1412 1479 τὸ
1466 1431 1562 1478 πᾶν
1613 1432 1696 1477 τοῦ

35 1531 77 1567 15
98 1511 403 1576 τολμήματος
446 1512 711 1581 ἐπιγράψαι
758 1535 828 1566 τις
874 1511 947 1575 ἂν,
986 1514 1063 1562 καὶ
1107 1510 1193 1576 τὴν
1238 1514 1323 1575 τῆς
1366 1509 1695 1576 πρωτουργίας

96 1593 283 1648 εἰκότως
322 1594 379 1645 ἂν
417 1592 543 1659 οἶμαι
583 1597 659 1645 καὶ
698 1599 857 1649 καλῶς
901 1594 1093 1658 ἀναθείη
1139 1593 1348 1662 γραφήν·
1423 1593 1555 1642 αὐτοὶ
1600 1590 1694 1656 γὰρ

96 1676 324 1742 γεγόνασι
362 1680 445 1742 τῆς
483 1677 601 1728 κατὰ
641 1681 859 1744 Χριστοῦ
904 1677 1191 1737 δυσσεβείας
1232 1674 1371 1743 ἀρχή·
1421 1675 1506 1738 τὴν
1548 1673 1604 1723 δέ
1639 1695 1695 1738 γε

100 1758 316 1811 Πιλάτου
355 1759 572 1828 κεφαλὴν
610 1762 692 1824 τῆς
733 1759 917 1810 ἐκείνων
955 1757 1265 1822 ἀνοσιότητος
1310 1759 1394 1809 οὐκ
1438 1756 1735 1821 ἀμοιρῆσαίθ

99 1845 268 1909 φαμεν,
296 1843 408 1892 ἀλλ’
437 1841 552 1892 εἶναι
590 1847 685 1895 τοῖς
722 1841 935 1907 δράσασι
972 1841 1294 1903 συνυπαίτιον,
1322 1840 1509 1904 ἐπείπερ
1535 1837 1694 1903 ἐκρύε-

30 1949 79 1974 20
98 1924 218 1975 σθαί
250 1948 299 1975 τε
340 1926 415 1975 καὶ
454 1924 699 1995 διασῴζειν
732 1924 841 1993 ἐξὸν
872 1926 955 1988 τῆς
991 1928 1086 1974 τῶν
1113 1923 1373 1993 φονώντων
1398 1920 1579 1984 μανίας,
1608 1920 1698 1987 οὐχ

97 2007 224 2061 ὅπως
251 2007 456 2077 ἐξείλετο
487 2006 646 2072 μόνον,
674 2006 806 2058 ἀλλὰ
843 2009 918 2058 καὶ
955 2006 1226 2074 παρέδωκεν
1250 2006 1339 2073 οὐχ
1373 2006 1555 2066 ἁπλῶς,
1582 2003 1693 2052 ἀλλ’

95 2089 168 2141 ἵνα
194 2091 514 2162 σταυρώσειαν.

97 2255 351 2313 Παρὲλαβον
395 2253 470 2296 οὖν
509 2255 583 2297 τὸν
614 2255 794 2307 ἸΗσοῦν,
834 2254 903 2296 καὶ
948 2254 1166 2312 βαστάζων
1203 2254 1348 2308 ἑαυτῷ
1391 2253 1465 2294 τὸν
1509 2251 1693 2309 σταυρὸν
1717 2267 1761 2308 17

163 2339 341 2383 ἐξῆλθεν
374 2336 434 2379 εἰς
471 2338 520 2380 τό
558 2340 789 2387 λετόμενον
822 2337 996 2396 κρανίου
1034 2338 1182 2390 τόπον,
1208 2338 1231 2379 ὃ
1270 2336 1441 2384 λέΓεται
1470 2335 1694 2393 Ἐβραϊστὶ

29 2427 79 2466 25
169 2421 372 2474 ΓολΓοθᾱ,
405 2424 513 2465 ὅπου
551 2422 681 2464 αὐτὸν
712 2422 1011 2479 ἐσταύρωσαν,
1039 2421 1107 2463 καὶ
1139 2421 1223 2470 μετ’
1258 2420 1389 2462 αὐτοῦ
1419 2419 1580 2461 ἄλλους
1617 2418 1693 2460 δύο
1716 2424 1763 2459 18

163 2506 357 2548 ἐντεῦθεν
397 2506 465 2547 καὶ
501 2507 709 2557 ἐντεῦθεν,
747 2508 877 2555 μέσον
916 2505 963 2547 δὲ
1000 2505 1074 2547 τὸν
1105 2505 1286 2547 ἸΗσοῦν.

169 2618 444 2685 Ἀπάγουσι
478 2618 562 2683 μὲν
589 2622 650 2674 ὡς
687 2618 1030 2689 τεθνηξόμενον
1061 2619 1151 2684 ἤδη
1179 2618 1263 2669 τὸν
1289 2620 1371 2682 τῆς
1399 2616 1516 2684 ζωῆς
1542 2618 1689 2683 ἀρχη·
1710 2637 1915 2673 a1057A.

97 2700 198 2768 γὸν,
243 2701 500 2768 ἐπράττετο
542 2702 590 2753 δὲ
616 2704 692 2753 καὶ
733 2707 873 2753 τοῦτο
915 2700 1029 2768 ὑπὲρ
1068 2700 1218 2765 ἡμῶν,
1261 2699 1453 2764 δυνάμει
1493 2702 1551 2767 τῇ
1593 2699 1694 2767 θείᾳ

149 2861 204 2885 22.
231 2852 424 2896 σταυρώσει
443 2850 485 2886 Ε.
630 2862 686 2896 23.
710 2850 910 2896 παρέλαβον
927 2851 964 2885 δέ
981 2852 1041 2885 τὸν
1056 2850 1193 2894 Ἰησοῦν
1211 2850 1264 2884 καὶ
1281 2852 1411 2895 ἤγαγον
1427 2848 1473 2882 εἷς
1490 2848 1529 2881 τὸ
1546 2832 1693 2890 πραιτώ-

100 2911 174 2942 ριον
186 2898 443 2978 Ικαξβαθστιίξων
459 2899 519 2933 τὸν
536 2899 686 2943 σταυρὸν
703 2898 806 2933 αὐτοῦ
826 2898 852 2932 F
870 2910 942 2943 mg.
962 2897 1029 2933 Ed.
1048 2910 1121 2942 mg.
1377 2907 1432 2937 24.
1460 2893 1495 2938 ὃ]
1516 2893 1552 2930 ὃς
1573 2893 1598 2927 F
1619 2904 1692 2938 mg·

103 2955 159 2986 25.
212 2959 230 2977 0
256 2959 298 2989 γο
323 2959 343 2978 α
396 2971 404 2979 .
