<?xml version="1.0" encoding="UTF-8"?>
<!DOCTYPE html PUBLIC "-//W3C//DTD XHTML 1.0 Transitional//EN"
    "http://www.w3.org/TR/xhtml1/DTD/xhtml1-transitional.dtd">
<html xmlns="http://www.w3.org/1999/xhtml" xml:lang="en" lang="en">
 <head>
  <title>
</title>
<meta http-equiv="Content-Type" content="text/html;charset=utf-8" />
  <meta name='ocr-system' content='tesseract 3.04.00' />
  <meta name='ocr-capabilities' content='ocr_page ocr_carea ocr_par ocr_line ocrx_word'/>
</head>
<body>
  <div class='ocr_page' id='page_1' title='image "./operacyrilli05cyriuoft/operacyrilli05cyriuoft_0430.png"; bbox 0 0 2017 3252; ppageno 0'>
   <div class='ocr_carea' id='block_1_1' title="bbox 57 200 247 242">
    <p class='ocr_par' dir='ltr' id='par_1_1' title="bbox 57 200 247 242">
     <span class='ocr_line' id='line_1_1' title="bbox 57 200 247 242; baseline -0.011 -1"><span class='ocrx_word' id='word_1_1' title='bbox 57 200 247 242; x_wconf 79' lang='lat' dir='ltr'>[125M.]</span> 
     </span>
    </p>
   </div>
   <div class='ocr_carea' id='block_1_2' title="bbox 52 1315 205 1390">
    <p class='ocr_par' dir='ltr' id='par_1_2' title="bbox 52 1315 205 1390">
     <span class='ocr_line' id='line_1_2' title="bbox 52 1315 205 1347; baseline 0 -2"><span class='ocrx_word' id='word_1_2' title='bbox 52 1315 159 1347; x_wconf 83' lang='lat' dir='ltr'>2Tim.</span> <span class='ocrx_word' id='word_1_3' title='bbox 172 1315 205 1345; x_wconf 80' lang='lat' dir='ltr'>ii.</span> 
     </span>
     <span class='ocr_line' id='line_1_3' title="bbox 54 1368 102 1390; baseline 0.021 -1"><span class='ocrx_word' id='word_1_4' title='bbox 54 1368 102 1390; x_wconf 80' lang='lat'>12.</span> 
     </span>
    </p>
   </div>
   <div class='ocr_carea' id='block_1_3' title="bbox 62 2544 240 2668">
    <p class='ocr_par' dir='ltr' id='par_1_3' title="bbox 62 2544 240 2668">
     <span class='ocr_line' id='line_1_4' title="bbox 66 2544 240 2574; baseline -0.011 0"><span class='ocrx_word' id='word_1_5' title='bbox 66 2554 76 2574; x_wconf 89' lang='lat'>1</span> <span class='ocrx_word' id='word_1_6' title='bbox 95 2544 168 2573; x_wconf 84' lang='lat' dir='ltr'>Cor.</span> <span class='ocrx_word' id='word_1_7' title='bbox 188 2553 240 2572; x_wconf 82' lang='lat' dir='ltr'>xv.</span> 
     </span>
     <span class='ocr_line' id='line_1_5' title="bbox 65 2597 115 2624; baseline 0 -8"><span class='ocrx_word' id='word_1_8' title='bbox 65 2597 115 2624; x_wconf 74' lang='lat'>24.</span> 
     </span>
     <span class='ocr_line' id='line_1_6' title="bbox 62 2630 226 2668; baseline -0.006 -9"><span class='ocrx_word' id='word_1_9' title='bbox 62 2630 111 2659; x_wconf 59' lang='grc' dir='ltr'>(Ιῖ.</span> <span class='ocrx_word' id='word_1_10' title='bbox 129 2640 226 2668; x_wconf 73' lang='lat' dir='ltr'>supra</span> 
     </span>
    </p>
   </div>
   <div class='ocr_carea' id='block_1_4' title="bbox 62 2672 180 2713">
    <p class='ocr_par' dir='ltr' id='par_1_4' title="bbox 62 2672 180 2713">
     <span class='ocr_line' id='line_1_7' title="bbox 62 2672 180 2713; baseline 0 -9"><span class='ocrx_word' id='word_1_11' title='bbox 62 2684 93 2713; x_wconf 78' lang='lat' dir='ltr'>p.</span> <span class='ocrx_word' id='word_1_12' title='bbox 107 2672 180 2712; x_wconf 79' lang='lat'>306.</span> 
     </span>
    </p>
   </div>
   <div class='ocr_carea' id='block_1_5' title="bbox 261 134 1849 179">
    <p class='ocr_par' dir='ltr' id='par_1_5' title="bbox 261 134 1849 179">
     <span class='ocr_line' id='line_1_8' title="bbox 261 134 1849 179; baseline 0.001 -4"><span class='ocrx_word' id='word_1_13' title='bbox 261 136 346 175; x_wconf 83' lang='lat'>416</span> <span class='ocrx_word' id='word_1_14' title='bbox 493 135 543 175; x_wconf 89' lang='lat' dir='ltr'>B.</span> <span class='ocrx_word' id='word_1_15' title='bbox 572 135 825 176; x_wconf 87' lang='lat' dir='ltr'>CYRILLI</span> <span class='ocrx_word' id='word_1_16' title='bbox 862 134 1217 175; x_wconf 86' lang='lat' dir='ltr'><strong>ALEXANDR.</strong></span> <span class='ocrx_word' id='word_1_17' title='bbox 1255 134 1628 176; x_wconf 72' lang='lat' dir='ltr'><strong>FRAGMENTA</strong></span> <span class='ocrx_word' id='word_1_18' title='bbox 1686 136 1758 177; x_wconf 80' lang='lat' dir='ltr'>xii.</span> <span class='ocrx_word' id='word_1_19' title='bbox 1784 136 1849 179; x_wconf 80' lang='lat'>28.</span> 
     </span>
    </p>
   </div>
   <div class='ocr_carea' id='block_1_6' title="bbox 265 240 1934 2844">
    <p class='ocr_par' dir='ltr' id='par_1_6' title="bbox 265 240 1926 1703">
     <span class='ocr_line' id='line_1_9' title="bbox 265 240 1852 311; baseline -0.001 -17"><span class='ocrx_word' id='word_1_20' title='bbox 265 244 347 294; x_wconf 78' lang='grc' dir='ltr'>οὖν</span> <span class='ocrx_word' id='word_1_21' title='bbox 373 244 542 307; x_wconf 85' lang='grc' dir='ltr'>ἀμείνω</span> <span class='ocrx_word' id='word_1_22' title='bbox 568 249 650 295; x_wconf 83' lang='grc' dir='ltr'>τοῦ</span> <span class='ocrx_word' id='word_1_23' title='bbox 675 244 979 307; x_wconf 78' lang='grc' dir='ltr'>μεταπίπτειν</span> <span class='ocrx_word' id='word_1_24' title='bbox 1006 240 1123 293; x_wconf 77' lang='grc' dir='ltr'>εἷναί</span> <span class='ocrx_word' id='word_1_25' title='bbox 1146 247 1270 311; x_wconf 91' lang='grc' dir='ltr'>φασι</span> <span class='ocrx_word' id='word_1_26' title='bbox 1302 242 1387 306; x_wconf 91' lang='grc' dir='ltr'>τήν</span> <span class='ocrx_word' id='word_1_27' title='bbox 1412 266 1463 295; x_wconf 88' lang='grc' dir='ltr'>τε</span> <span class='ocrx_word' id='word_1_28' title='bbox 1497 246 1751 304; x_wconf 78' lang='grc' dir='ltr'>βασιλείαν</span> <span class='ocrx_word' id='word_1_29' title='bbox 1776 245 1852 294; x_wconf 78' lang='grc' dir='ltr'>καὶ</span> 
     </span>
     <span class='ocr_line' id='line_1_10' title="bbox 267 323 1852 392; baseline -0.001 -16"><span class='ocrx_word' id='word_1_30' title='bbox 267 324 502 392; x_wconf 83' lang='grc' dir='ltr'>ὑπεροχὴν</span> <span class='ocrx_word' id='word_1_31' title='bbox 527 331 609 376; x_wconf 85' lang='grc' dir='ltr'>τοῦ</span> <span class='ocrx_word' id='word_1_32' title='bbox 630 329 761 387; x_wconf 80' lang='grc' dir='ltr'>Υὶοῦ,</span> <span class='ocrx_word' id='word_1_33' title='bbox 782 323 1179 392; x_wconf 87' lang='grc' dir='ltr'>πεφλυαρηκότας</span> <span class='ocrx_word' id='word_1_34' title='bbox 1201 327 1296 387; x_wconf 76' lang='grc' dir='ltr'>εἰκῆ</span> <span class='ocrx_word' id='word_1_35' title='bbox 1323 324 1705 391; x_wconf 84' lang='grc' dir='ltr'>κατερυθριοὶσειν</span> <span class='ocrx_word' id='word_1_36' title='bbox 1725 323 1852 388; x_wconf 79' lang='grc' dir='ltr'>οἶμαι</span> 
     </span>
     <span class='ocr_line' id='line_1_11' title="bbox 265 405 1854 471; baseline -0.001 -14"><span class='ocrx_word' id='word_1_37' title='bbox 265 406 373 460; x_wconf 75' lang='grc' dir='ltr'>τοὺς</span> <span class='ocrx_word' id='word_1_38' title='bbox 399 405 454 456; x_wconf 86' lang='grc' dir='ltr'>δι’</span> <span class='ocrx_word' id='word_1_39' title='bbox 481 408 706 460; x_wconf 79' lang='grc' dir='ltr'>ἐναντίας·</span> <span class='ocrx_word' id='word_1_40' title='bbox 761 411 798 457; x_wconf 77' lang='grc' dir='ltr'>εἰ</span> <span class='ocrx_word' id='word_1_41' title='bbox 831 406 879 457; x_wconf 76' lang='grc' dir='ltr'>δὲ</span> <span class='ocrx_word' id='word_1_42' title='bbox 912 405 968 470; x_wconf 84' lang='grc' dir='ltr'>δὴ</span> <span class='ocrx_word' id='word_1_43' title='bbox 993 406 1207 469; x_wconf 87' lang='grc' dir='ltr'>μεθέντες</span> <span class='ocrx_word' id='word_1_44' title='bbox 1232 405 1315 456; x_wconf 82' lang='grc' dir='ltr'>τὸν</span> <span class='ocrx_word' id='word_1_45' title='bbox 1341 405 1472 469; x_wconf 82' lang='grc' dir='ltr'>Υὶὸν,</span> <span class='ocrx_word' id='word_1_46' title='bbox 1500 407 1854 471; x_wconf 83' lang='grc' dir='ltr'>ἀπαραποιήτον</span> 
     </span>
     <span class='ocr_line' id='line_1_12' title="bbox 266 486 1853 554; baseline 0 -15"><span class='ocrx_word' id='word_1_47' title='bbox 266 489 463 539; x_wconf 73' lang='grc' dir='ltr'>ἔσεσθαι</span> <span class='ocrx_word' id='word_1_48' title='bbox 482 493 578 542; x_wconf 80' lang='grc' dir='ltr'>τοῖς</span> <span class='ocrx_word' id='word_1_49' title='bbox 598 489 746 554; x_wconf 77' lang='grc' dir='ltr'>ἁγίοις</span> <span class='ocrx_word' id='word_1_50' title='bbox 766 487 819 538; x_wconf 80' lang='grc' dir='ltr'>τὸ</span> <span class='ocrx_word' id='word_1_51' title='bbox 841 486 1114 549; x_wconf 76' lang='grc' dir='ltr'>βασιλεύειν</span> <span class='ocrx_word' id='word_1_52' title='bbox 1132 489 1306 553; x_wconf 82' lang='grc' dir='ltr'>ἐροῦσι,</span> <span class='ocrx_word' id='word_1_53' title='bbox 1323 492 1512 552; x_wconf 80' lang='grc' dir='ltr'>πρῶτον</span> <span class='ocrx_word' id='word_1_54' title='bbox 1532 487 1615 551; x_wconf 76' lang='grc' dir='ltr'>μὲν</span> <span class='ocrx_word' id='word_1_55' title='bbox 1641 488 1853 551; x_wconf 86' lang='grc' dir='ltr'>ἀμείνους</span> 
     </span>
     <span class='ocr_line' id='line_1_13' title="bbox 267 567 1896 636; baseline 0 -17"><span class='ocrx_word' id='word_1_56' title='bbox 267 573 341 620; x_wconf 70' lang='grc' dir='ltr'>καὶ</span> <span class='ocrx_word' id='word_1_57' title='bbox 375 571 517 620; x_wconf 79' lang='grc' dir='ltr'>αὐτοῦ</span> <span class='ocrx_word' id='word_1_58' title='bbox 550 569 849 636; x_wconf 83' lang='grc' dir='ltr'>φανήσονται</span> <span class='ocrx_word' id='word_1_59' title='bbox 883 575 966 620; x_wconf 86' lang='grc' dir='ltr'>τοῦ</span> <span class='ocrx_word' id='word_1_60' title='bbox 993 573 1222 634; x_wconf 80' lang='grc' dir='ltr'>Χριστοῦ,</span> <span class='ocrx_word' id='word_1_61' title='bbox 1251 571 1326 619; x_wconf 81' lang='grc' dir='ltr'>καὶ</span> <span class='ocrx_word' id='word_1_62' title='bbox 1365 574 1532 634; x_wconf 80' lang='grc' dir='ltr'>μοῖραν</span> <span class='ocrx_word' id='word_1_63' title='bbox 1557 569 1645 633; x_wconf 71' lang='grc' dir='ltr'>ἤδη</span> <span class='ocrx_word' id='word_1_64' title='bbox 1671 567 1848 636; x_wconf 90' lang='grc' dir='ltr'>λαχόν-</span> <span class='ocrx_word' id='word_1_65' title='bbox 1873 589 1896 627; x_wconf 86' lang='grc'><em>5</em></span> 
     </span>
     <span class='ocr_line' id='line_1_14' title="bbox 267 649 1853 715; baseline -0.001 -14"><span class='ocrx_word' id='word_1_66' title='bbox 267 674 341 703; x_wconf 88' lang='grc' dir='ltr'>τες</span> <span class='ocrx_word' id='word_1_67' title='bbox 379 651 465 714; x_wconf 86' lang='grc' dir='ltr'>τὴν</span> <span class='ocrx_word' id='word_1_68' title='bbox 499 651 706 702; x_wconf 77' lang='grc' dir='ltr'>ἐπέκεινα</span> <span class='ocrx_word' id='word_1_69' title='bbox 743 656 838 701; x_wconf 82' lang='grc' dir='ltr'>τῶν</span> <span class='ocrx_word' id='word_1_70' title='bbox 864 652 1019 714; x_wconf 76' lang='grc' dir='ltr'>αὐτοῦ,</span> <span class='ocrx_word' id='word_1_71' title='bbox 1048 654 1086 701; x_wconf 76' lang='grc' dir='ltr'>εἰ</span> <span class='ocrx_word' id='word_1_72' title='bbox 1122 652 1146 701; x_wconf 83' lang='grc' dir='ltr'><strong>ὁ</strong></span> <span class='ocrx_word' id='word_1_73' title='bbox 1182 650 1266 715; x_wconf 80' lang='grc' dir='ltr'>μὲν</span> <span class='ocrx_word' id='word_1_74' title='bbox 1297 650 1576 713; x_wconf 81' lang='grc' dir='ltr'>ἀπόβλητον</span> <span class='ocrx_word' id='word_1_75' title='bbox 1606 649 1853 714; x_wconf 79' lang='grc' dir='ltr'>ποιήσεται</span> 
     </span>
     <span class='ocr_line' id='line_1_15' title="bbox 268 731 1853 800; baseline -0.001 -17"><span class='ocrx_word' id='word_1_76' title='bbox 268 732 354 796; x_wconf 82' lang='grc' dir='ltr'>τὴν</span> <span class='ocrx_word' id='word_1_77' title='bbox 392 732 555 799; x_wconf 82' lang='grc' dir='ltr'>ἀρχὴν,</span> <span class='ocrx_word' id='word_1_78' title='bbox 597 736 639 783; x_wconf 79' lang='grc' dir='ltr'>οἱ</span> <span class='ocrx_word' id='word_1_79' title='bbox 679 732 726 783; x_wconf 74' lang='grc' dir='ltr'>δὲ</span> <span class='ocrx_word' id='word_1_80' title='bbox 760 732 998 799; x_wconf 82' lang='grc' dir='ltr'>ἀμήρυτον</span> <span class='ocrx_word' id='word_1_81' title='bbox 1037 731 1264 800; x_wconf 76' lang='grc' dir='ltr'>λαχόντες</span> <span class='ocrx_word' id='word_1_82' title='bbox 1307 731 1394 795; x_wconf 83' lang='grc' dir='ltr'>τὴν</span> <span class='ocrx_word' id='word_1_83' title='bbox 1429 732 1650 794; x_wconf 78' lang='grc' dir='ltr'>εὐθυμίαν</span> <span class='ocrx_word' id='word_1_84' title='bbox 1685 734 1761 782; x_wconf 75' lang='grc' dir='ltr'>καὶ</span> <span class='ocrx_word' id='word_1_85' title='bbox 1799 731 1853 782; x_wconf 83' lang='grc' dir='ltr'>τὸ</span> 
     </span>
     <span class='ocr_line' id='line_1_16' title="bbox 269 812 1853 883; baseline -0.001 -19"><span class='ocrx_word' id='word_1_86' title='bbox 269 816 316 865; x_wconf 83' lang='grc' dir='ltr'>ἐν</span> <span class='ocrx_word' id='word_1_87' title='bbox 348 815 528 883; x_wconf 76' lang='grc' dir='ltr'>βεβαίῳ</span> <span class='ocrx_word' id='word_1_88' title='bbox 559 818 742 866; x_wconf 81' lang='grc' dir='ltr'>κεῖσθαι</span> <span class='ocrx_word' id='word_1_89' title='bbox 777 818 858 878; x_wconf 84' lang='grc' dir='ltr'>τῆς</span> <span class='ocrx_word' id='word_1_90' title='bbox 891 815 1033 883; x_wconf 76' lang='grc' dir='ltr'>δόξης</span> <span class='ocrx_word' id='word_1_91' title='bbox 1068 813 1463 878; x_wconf 86' lang='grc' dir='ltr'>διακεκτήσονται·</span> <span class='ocrx_word' id='word_1_92' title='bbox 1515 812 1570 864; x_wconf 81' lang='grc' dir='ltr'>τὸ</span> <span class='ocrx_word' id='word_1_93' title='bbox 1603 812 1651 864; x_wconf 76' lang='grc' dir='ltr'>δὲ</span> <span class='ocrx_word' id='word_1_94' title='bbox 1686 812 1743 877; x_wconf 83' lang='grc' dir='ltr'>δὴ</span> <span class='ocrx_word' id='word_1_95' title='bbox 1778 817 1853 864; x_wconf 84' lang='grc' dir='ltr'>καὶ</span> 
     </span>
     <span class='ocr_line' id='line_1_17' title="bbox 271 893 1854 964; baseline -0.001 -19"><span class='ocrx_word' id='word_1_96' title='bbox 271 896 495 962; x_wconf 76' lang='grc' dir='ltr'>ἄγροικον</span> <span class='ocrx_word' id='word_1_97' title='bbox 535 900 773 947; x_wconf 81' lang='grc' dir='ltr'>ποιεῖσθαι</span> <span class='ocrx_word' id='word_1_98' title='bbox 815 895 900 960; x_wconf 85' lang='grc' dir='ltr'>τὴν</span> <span class='ocrx_word' id='word_1_99' title='bbox 939 896 1277 964; x_wconf 80' lang='grc' dir='ltr'>συκοφαντίαν,</span> <span class='ocrx_word' id='word_1_100' title='bbox 1317 899 1417 948; x_wconf 81' lang='grc' dir='ltr'>πῶς</span> <span class='ocrx_word' id='word_1_101' title='bbox 1456 896 1538 946; x_wconf 82' lang='grc' dir='ltr'>οὐκ</span> <span class='ocrx_word' id='word_1_102' title='bbox 1577 893 1854 959; x_wconf 79' lang='grc' dir='ltr'>ἀπόβλητον</span> 
     </span>
     <span class='ocr_line' id='line_1_18' title="bbox 272 976 1925 1045; baseline -0.002 -16"><span class='ocrx_word' id='word_1_103' title='bbox 272 980 468 1042; x_wconf 81' lang='grc' dir='ltr'>κομιδῆ;</span> <span class='ocrx_word' id='word_1_104' title='bbox 525 977 578 1029; x_wconf 84' lang='grc' dir='ltr'>τὸ</span> <span class='ocrx_word' id='word_1_105' title='bbox 623 978 707 1042; x_wconf 74' lang='grc' dir='ltr'>μὲν</span> <span class='ocrx_word' id='word_1_106' title='bbox 751 978 844 1044; x_wconf 76' lang='grc' dir='ltr'>γὰρ</span> <span class='ocrx_word' id='word_1_107' title='bbox 887 981 1056 1045; x_wconf 83' lang='grc' dir='ltr'>χρῆναι</span> <span class='ocrx_word' id='word_1_108' title='bbox 1102 981 1285 1043; x_wconf 81' lang='grc' dir='ltr'>κρατεῖν</span> <span class='ocrx_word' id='word_1_109' title='bbox 1326 979 1401 1027; x_wconf 75' lang='grc' dir='ltr'>καὶ</span> <span class='ocrx_word' id='word_1_110' title='bbox 1445 976 1718 1037; x_wconf 78' lang='grc' dir='ltr'>βασιλεύειν</span> <span class='ocrx_word' id='word_1_111' title='bbox 1760 982 1854 1027; x_wconf 80' lang='grc' dir='ltr'>τῶν</span> <span class='ocrx_word' id='word_1_112' title='bbox 1878 1000 1925 1024; x_wconf 94' lang='lat'>10</span> 
     </span>
     <span class='ocr_line' id='line_1_19' title="bbox 272 1058 1854 1129; baseline -0.001 -20"><span class='ocrx_word' id='word_1_113' title='bbox 272 1061 412 1122; x_wconf 79' lang='grc' dir='ltr'>ὅλων,</span> <span class='ocrx_word' id='word_1_114' title='bbox 438 1059 673 1126; x_wconf 84' lang='grc' dir='ltr'>προσήκοι</span> <span class='ocrx_word' id='word_1_115' title='bbox 708 1061 766 1111; x_wconf 78' lang='grc' dir='ltr'>ἂν</span> <span class='ocrx_word' id='word_1_116' title='bbox 804 1061 892 1128; x_wconf 80' lang='grc' dir='ltr'>οὐχ</span> <span class='ocrx_word' id='word_1_117' title='bbox 930 1061 1069 1129; x_wconf 76' lang='grc' dir='ltr'>ἑτέρῳ</span> <span class='ocrx_word' id='word_1_118' title='bbox 1107 1064 1297 1122; x_wconf 79' lang='grc' dir='ltr'>μᾶλλον</span> <span class='ocrx_word' id='word_1_119' title='bbox 1327 1058 1355 1123; x_wconf 83' lang='grc' dir='ltr'>ὴ</span> <span class='ocrx_word' id='word_1_120' title='bbox 1386 1060 1511 1127; x_wconf 69' lang='grc' dir='ltr'>αὐτῷ</span> <span class='ocrx_word' id='word_1_121' title='bbox 1545 1062 1615 1127; x_wconf 43' lang='grc' dir='ltr'>’τῷ</span> <span class='ocrx_word' id='word_1_122' title='bbox 1654 1062 1854 1127; x_wconf 71' lang='grc' dir='ltr'>Χριστῷ</span> 
     </span>
     <span class='ocr_line' id='line_1_20' title="bbox 272 1140 1853 1208; baseline 0 -16"><span class='ocrx_word' id='word_1_123' title='bbox 272 1143 355 1193; x_wconf 80' lang='grc' dir='ltr'>οὐκ</span> <span class='ocrx_word' id='word_1_124' title='bbox 382 1143 629 1207; x_wconf 87' lang='grc' dir='ltr'>ἐπίκτητον</span> <span class='ocrx_word' id='word_1_125' title='bbox 654 1142 683 1208; x_wconf 85' lang='grc' dir='ltr'>ὴ</span> <span class='ocrx_word' id='word_1_126' title='bbox 711 1143 848 1193; x_wconf 84' lang='grc' dir='ltr'>δοτὸν</span> <span class='ocrx_word' id='word_1_127' title='bbox 873 1146 1159 1193; x_wconf 83' lang='grc' dir='ltr'>πλουτοῦντι</span> <span class='ocrx_word' id='word_1_128' title='bbox 1186 1140 1239 1192; x_wconf 83' lang='grc' dir='ltr'>τὸ</span> <span class='ocrx_word' id='word_1_129' title='bbox 1271 1144 1442 1208; x_wconf 78' lang='grc' dir='ltr'>χρῆμα,</span> <span class='ocrx_word' id='word_1_130' title='bbox 1471 1140 1679 1205; x_wconf 80' lang='grc' dir='ltr'>καθάπερ</span> <span class='ocrx_word' id='word_1_131' title='bbox 1713 1141 1853 1204; x_wconf 80' lang='grc' dir='ltr'>ἡμεῖς,</span> 
     </span>
     <span class='ocr_line' id='line_1_21' title="bbox 273 1221 1861 1292; baseline -0.001 -18"><span class='ocrx_word' id='word_1_132' title='bbox 273 1223 404 1274; x_wconf 78' lang='grc' dir='ltr'>ἀλλὰ</span> <span class='ocrx_word' id='word_1_133' title='bbox 440 1229 531 1278; x_wconf 80' lang='grc' dir='ltr'>τοῖς</span> <span class='ocrx_word' id='word_1_134' title='bbox 572 1228 655 1288; x_wconf 77' lang='grc' dir='ltr'>τῆς</span> <span class='ocrx_word' id='word_1_135' title='bbox 688 1227 894 1292; x_wconf 80' lang='grc' dir='ltr'>φυσικῆς</span> <span class='ocrx_word' id='word_1_136' title='bbox 933 1223 1201 1290; x_wconf 87' lang='grc' dir='ltr'>κυριότητος</span> <span class='ocrx_word' id='word_1_137' title='bbox 1233 1221 1458 1286; x_wconf 88' lang='grc' dir='ltr'>ἑπόμενον</span> <span class='ocrx_word' id='word_1_138' title='bbox 1498 1221 1677 1287; x_wconf 86' lang='grc' dir='ltr'>λόγοις·</span> <span class='ocrx_word' id='word_1_139' title='bbox 1724 1224 1766 1271; x_wconf 80' lang='grc' dir='ltr'>οἱ</span> <span class='ocrx_word' id='word_1_140' title='bbox 1805 1223 1861 1272; x_wconf 83' lang='grc' dir='ltr'>δέ</span> 
     </span>
     <span class='ocr_line' id='line_1_22' title="bbox 273 1303 1851 1374; baseline -0.002 -17"><span class='ocrx_word' id='word_1_141' title='bbox 273 1329 326 1372; x_wconf 92' lang='grc' dir='ltr'>γε</span> <span class='ocrx_word' id='word_1_142' title='bbox 353 1306 722 1374; x_wconf 83' lang='grc' dir='ltr'>συμπάσχοντες</span> <span class='ocrx_word' id='word_1_143' title='bbox 755 1308 830 1357; x_wconf 76' lang='grc' dir='ltr'>καὶ</span> <span class='ocrx_word' id='word_1_144' title='bbox 857 1304 1314 1368; x_wconf 82' lang='grc' dir='ltr'>συμβασιλεύσομεν</span> <span class='ocrx_word' id='word_1_145' title='bbox 1340 1306 1478 1373; x_wconf 73' lang='grc' dir='ltr'>αὐτῷ,</span> <span class='ocrx_word' id='word_1_146' title='bbox 1505 1303 1656 1357; x_wconf 82' lang='grc' dir='ltr'>καθὼς</span> <span class='ocrx_word' id='word_1_147' title='bbox 1680 1303 1851 1369; x_wconf 85' lang='grc' dir='ltr'>γέγρα-</span> 
     </span>
     <span class='ocr_line' id='line_1_23' title="bbox 272 1383 1926 1454; baseline -0.003 -14"><span class='ocrx_word' id='word_1_148' title='bbox 272 1411 400 1440; x_wconf 89' lang='grc' dir='ltr'>πται.</span> <span class='ocrx_word' id='word_1_149' title='bbox 456 1389 622 1439; x_wconf 79' lang='grc' dir='ltr'>οὐκοῦν</span> <span class='ocrx_word' id='word_1_150' title='bbox 667 1389 691 1438; x_wconf 85' lang='grc' dir='ltr'>ὁ</span> <span class='ocrx_word' id='word_1_151' title='bbox 735 1387 820 1452; x_wconf 83' lang='grc' dir='ltr'>μὲν</span> <span class='ocrx_word' id='word_1_152' title='bbox 862 1394 945 1439; x_wconf 84' lang='grc' dir='ltr'>τοῦ</span> <span class='ocrx_word' id='word_1_153' title='bbox 987 1386 1237 1454; x_wconf 81' lang='grc' dir='ltr'>κατάρχειν</span> <span class='ocrx_word' id='word_1_154' title='bbox 1283 1386 1451 1452; x_wconf 83' lang='grc' dir='ltr'>κύριος,</span> <span class='ocrx_word' id='word_1_155' title='bbox 1497 1386 1757 1449; x_wconf 79' lang='grc' dir='ltr'>εἰσποίητοι</span> <span class='ocrx_word' id='word_1_156' title='bbox 1806 1383 1855 1435; x_wconf 78' lang='grc' dir='ltr'>δὲ</span> <span class='ocrx_word' id='word_1_157' title='bbox 1881 1402 1926 1440; x_wconf 86' lang='lat'>15</span> 
     </span>
     <span class='ocr_line' id='line_1_24' title="bbox 274 1467 1851 1540; baseline -0.003 -20"><span class='ocrx_word' id='word_1_158' title='bbox 274 1470 404 1534; x_wconf 78' lang='grc' dir='ltr'>ἡμεῖς</span> <span class='ocrx_word' id='word_1_159' title='bbox 441 1472 514 1520; x_wconf 72' lang='grc' dir='ltr'>καὶ</span> <span class='ocrx_word' id='word_1_160' title='bbox 551 1470 711 1540; x_wconf 80' lang='grc' dir='ltr'>τρόπῳ</span> <span class='ocrx_word' id='word_1_161' title='bbox 737 1474 804 1540; x_wconf 71' lang='grc' dir='ltr'>τῷ</span> <span class='ocrx_word' id='word_1_162' title='bbox 837 1468 957 1521; x_wconf 77' lang='grc' dir='ltr'>κατὰ</span> <span class='ocrx_word' id='word_1_163' title='bbox 990 1469 1176 1537; x_wconf 76' lang='grc' dir='ltr'>μέθεξιν</span> <span class='ocrx_word' id='word_1_164' title='bbox 1201 1467 1559 1531; x_wconf 83' lang='grc' dir='ltr'>ἐκτετιμημένοι’</span> <span class='ocrx_word' id='word_1_165' title='bbox 1604 1472 1851 1530; x_wconf 85' lang='grc' dir='ltr'>συμβασι-</span> 
     </span>
     <span class='ocr_line' id='line_1_25' title="bbox 274 1547 1857 1619; baseline -0.002 -17"><span class='ocrx_word' id='word_1_166' title='bbox 274 1551 506 1602; x_wconf 81' lang='grc' dir='ltr'>λεύσουσι</span> <span class='ocrx_word' id='word_1_167' title='bbox 532 1551 624 1618; x_wconf 78' lang='grc' dir='ltr'>γὰρ</span> <span class='ocrx_word' id='word_1_168' title='bbox 650 1551 954 1614; x_wconf 82' lang='grc' dir='ltr'>βασιλεύοντι</span> <span class='ocrx_word' id='word_1_169' title='bbox 985 1554 1052 1619; x_wconf 73' lang='grc' dir='ltr'>τῷ</span> <span class='ocrx_word' id='word_1_170' title='bbox 1078 1554 1290 1619; x_wconf 73' lang='grc' dir='ltr'>Χριστῷ.</span> <span class='ocrx_word' id='word_1_171' title='bbox 1345 1547 1440 1601; x_wconf 73' lang='grc' dir='ltr'>εἶτα</span> <span class='ocrx_word' id='word_1_172' title='bbox 1465 1554 1565 1603; x_wconf 80' lang='grc' dir='ltr'>πῶς</span> <span class='ocrx_word' id='word_1_173' title='bbox 1591 1549 1857 1600; x_wconf 79' lang='grc' dir='ltr'>ἀσάλευτον</span> 
     </span>
     <span class='ocr_line' id='line_1_26' title="bbox 276 1630 1857 1703; baseline -0.003 -19"><span class='ocrx_word' id='word_1_174' title='bbox 276 1634 438 1703; x_wconf 70' lang='grc' dir='ltr'>ἕξουσι</span> <span class='ocrx_word' id='word_1_175' title='bbox 464 1633 550 1698; x_wconf 85' lang='grc' dir='ltr'>τὴν</span> <span class='ocrx_word' id='word_1_176' title='bbox 575 1636 650 1685; x_wconf 75' lang='grc' dir='ltr'>ε’πὶ</span> <span class='ocrx_word' id='word_1_177' title='bbox 674 1636 791 1702; x_wconf 71' lang='grc' dir='ltr'>τῷδε</span> <span class='ocrx_word' id='word_1_178' title='bbox 818 1634 1093 1702; x_wconf 89' lang='grc' dir='ltr'>φιλοτιμίαν</span> <span class='ocrx_word' id='word_1_179' title='bbox 1120 1636 1194 1683; x_wconf 80' lang='grc' dir='ltr'>καὶ</span> <span class='ocrx_word' id='word_1_180' title='bbox 1222 1634 1437 1695; x_wconf 76' lang='grc' dir='ltr'>διηνεκῶς</span> <span class='ocrx_word' id='word_1_181' title='bbox 1463 1630 1857 1692; x_wconf 83' lang='grc' dir='ltr'>βασιλεύσουσιν,</span> 
     </span>
    </p>

    <p class='ocr_par' dir='ltr' id='par_1_7' title="bbox 276 1711 1931 2598">
     <span class='ocr_line' id='line_1_27' title="bbox 276 1711 1856 1783; baseline 0 -17"><span class='ocrx_word' id='word_1_182' title='bbox 276 1720 314 1767; x_wconf 80' lang='grc' dir='ltr'>εὶ</span> <span class='ocrx_word' id='word_1_183' title='bbox 351 1715 781 1780; x_wconf 86' lang='grc' dir='ltr'>κατασεισθήσεται</span> <span class='ocrx_word' id='word_1_184' title='bbox 814 1718 887 1766; x_wconf 72' lang='grc' dir='ltr'>καὶ</span> <span class='ocrx_word' id='word_1_185' title='bbox 927 1714 1181 1783; x_wconf 75' lang='grc' dir='ltr'>καταλήξει</span> <span class='ocrx_word' id='word_1_186' title='bbox 1219 1714 1273 1765; x_wconf 79' lang='grc' dir='ltr'>τὸ</span> <span class='ocrx_word' id='word_1_187' title='bbox 1309 1719 1393 1765; x_wconf 78' lang='grc' dir='ltr'>τοῦ</span> <span class='ocrx_word' id='word_1_188' title='bbox 1420 1718 1637 1778; x_wconf 82' lang='grc' dir='ltr'>Χριστοῦ</span> <span class='ocrx_word' id='word_1_189' title='bbox 1676 1711 1856 1778; x_wconf 75' lang='grc' dir='ltr'>κράτος,</span> 
     </span>
     <span class='ocr_line' id='line_1_28' title="bbox 278 1795 1931 1864; baseline -0.001 -16"><span class='ocrx_word' id='word_1_190' title='bbox 278 1797 332 1848; x_wconf 71' lang='grc' dir='ltr'>οὗ</span> <span class='ocrx_word' id='word_1_191' title='bbox 356 1796 582 1864; x_wconf 84' lang='grc' dir='ltr'>μετόχους</span> <span class='ocrx_word' id='word_1_192' title='bbox 603 1796 769 1851; x_wconf 74' lang='grc' dir='ltr'>αὐτοὺς</span> <span class='ocrx_word' id='word_1_193' title='bbox 796 1795 912 1847; x_wconf 74' lang='grc' dir='ltr'>εἶναι’</span> <span class='ocrx_word' id='word_1_194' title='bbox 935 1806 1120 1863; x_wconf 84' lang='grc' dir='ltr'>φαμεν;</span> <span class='ocrx_word' id='word_1_195' title='bbox 1163 1797 1237 1845; x_wconf 74' lang='grc' dir='ltr'>καὶ</span> <span class='ocrx_word' id='word_1_196' title='bbox 1263 1799 1300 1845; x_wconf 82' lang='grc' dir='ltr'>εὶ</span> <span class='ocrx_word' id='word_1_197' title='bbox 1327 1798 1409 1859; x_wconf 81' lang='grc' dir='ltr'>τῆς</span> <span class='ocrx_word' id='word_1_198' title='bbox 1430 1795 1679 1854; x_wconf 87' lang='grc' dir='ltr'>βασιλείας</span> <span class='ocrx_word' id='word_1_199' title='bbox 1705 1795 1858 1847; x_wconf 82' lang='grc' dir='ltr'>αὐτοῖς</span> <span class='ocrx_word' id='word_1_200' title='bbox 1880 1812 1931 1837; x_wconf 82' lang='lat'>20</span> 
     </span>
     <span class='ocr_line' id='line_1_29' title="bbox 279 1875 1860 1946; baseline -0.003 -17"><span class='ocrx_word' id='word_1_201' title='bbox 279 1880 304 1929; x_wconf 84' lang='grc' dir='ltr'>ὁ</span> <span class='ocrx_word' id='word_1_202' title='bbox 332 1878 537 1946; x_wconf 80' lang='grc' dir='ltr'>χορηγὸς</span> <span class='ocrx_word' id='word_1_203' title='bbox 576 1882 650 1930; x_wconf 82' lang='grc' dir='ltr'>καὶ</span> <span class='ocrx_word' id='word_1_204' title='bbox 688 1878 910 1945; x_wconf 83' lang='grc' dir='ltr'>πρύτανις</span> <span class='ocrx_word' id='word_1_205' title='bbox 949 1876 1336 1929; x_wconf 82' lang='grc' dir='ltr'>ἀποπεπαύσεται</span> <span class='ocrx_word' id='word_1_206' title='bbox 1373 1879 1456 1940; x_wconf 82' lang='grc' dir='ltr'>τῆς</span> <span class='ocrx_word' id='word_1_207' title='bbox 1493 1878 1653 1942; x_wconf 83' lang='grc' dir='ltr'>ἀρχῆς,</span> <span class='ocrx_word' id='word_1_208' title='bbox 1679 1881 1770 1926; x_wconf 87' lang='grc' dir='ltr'>ποῦ</span> <span class='ocrx_word' id='word_1_209' title='bbox 1801 1875 1860 1926; x_wconf 82' lang='grc' dir='ltr'>τὰ</span> 
     </span>
     <span class='ocr_line' id='line_1_30' title="bbox 279 1956 1860 2026; baseline -0.003 -15"><span class='ocrx_word' id='word_1_210' title='bbox 279 1962 433 2011; x_wconf 78' lang='grc' dir='ltr'>αὐτῶν</span> <span class='ocrx_word' id='word_1_211' title='bbox 471 1961 536 2011; x_wconf 77' lang='grc' dir='ltr'>ἔτι</span> <span class='ocrx_word' id='word_1_212' title='bbox 581 1961 784 2012; x_wconf 86' lang='grc' dir='ltr'>κείσεται</span> <span class='ocrx_word' id='word_1_213' title='bbox 827 1965 953 2010; x_wconf 80' lang='grc' dir='ltr'>τοῖον</span> <span class='ocrx_word' id='word_1_214' title='bbox 993 1960 1160 2026; x_wconf 71' lang='grc' dir='ltr'>ἔχοντα</span> <span class='ocrx_word' id='word_1_215' title='bbox 1198 1957 1478 2024; x_wconf 76' lang='grc' dir='ltr'>βάραθρον;</span> <span class='ocrx_word' id='word_1_216' title='bbox 1534 1962 1626 2008; x_wconf 85' lang='grc' dir='ltr'>ποῦ</span> <span class='ocrx_word' id='word_1_217' title='bbox 1664 1956 1756 2022; x_wconf 75' lang='grc' dir='ltr'>γὰρ</span> <span class='ocrx_word' id='word_1_218' title='bbox 1794 1957 1860 2007; x_wconf 75' lang='grc' dir='ltr'>ἔτι</span> 
     </span>
     <span class='ocr_line' id='line_1_31' title="bbox 279 2037 1861 2110; baseline -0.003 -17"><span class='ocrx_word' id='word_1_219' title='bbox 279 2042 678 2110; x_wconf 79' lang='grc' dir='ltr'>συμμεθέξουσιν,</span> <span class='ocrx_word' id='word_1_220' title='bbox 719 2046 756 2093; x_wconf 81' lang='grc' dir='ltr'>εἶ</span> <span class='ocrx_word' id='word_1_221' title='bbox 790 2041 843 2093; x_wconf 78' lang='grc' dir='ltr'>τὸ</span> <span class='ocrx_word' id='word_1_222' title='bbox 882 2039 1108 2105; x_wconf 78' lang='grc' dir='ltr'>κεκληκὸς</span> <span class='ocrx_word' id='word_1_223' title='bbox 1146 2045 1207 2094; x_wconf 80' lang='grc' dir='ltr'>εἶς</span> <span class='ocrx_word' id='word_1_224' title='bbox 1247 2039 1393 2108; x_wconf 74' lang='grc' dir='ltr'>δόξαν</span> <span class='ocrx_word' id='word_1_225' title='bbox 1430 2041 1654 2100; x_wconf 73' lang='grc' dir='ltr'>ἀσθενεῖς</span> <span class='ocrx_word' id='word_1_226' title='bbox 1710 2037 1739 2102; x_wconf 78' lang='grc' dir='ltr'>ἢ</span> <span class='ocrx_word' id='word_1_227' title='bbox 1779 2040 1861 2090; x_wconf 86' lang='grc' dir='ltr'>οὐκ</span> 
     </span>
     <span class='ocr_line' id='line_1_32' title="bbox 280 2119 1859 2190; baseline -0.003 -16"><span class='ocrx_word' id='word_1_228' title='bbox 280 2123 460 2190; x_wconf 78' lang='grc' dir='ltr'>ἀνάγκη</span> <span class='ocrx_word' id='word_1_229' title='bbox 501 2128 901 2186; x_wconf 83' lang='grc' dir='ltr'>συγκατολισθεῖν</span> <span class='ocrx_word' id='word_1_230' title='bbox 945 2127 1040 2176; x_wconf 83' lang='grc' dir='ltr'>τοῖς</span> <span class='ocrx_word' id='word_1_231' title='bbox 1087 2123 1308 2189; x_wconf 80' lang='grc' dir='ltr'>ἀνέχουσι</span> <span class='ocrx_word' id='word_1_232' title='bbox 1351 2120 1405 2172; x_wconf 78' lang='grc' dir='ltr'>τὸ</span> <span class='ocrx_word' id='word_1_233' title='bbox 1447 2119 1738 2188; x_wconf 82' lang='grc' dir='ltr'>ἀνεχόμενον,</span> <span class='ocrx_word' id='word_1_234' title='bbox 1783 2122 1859 2170; x_wconf 77' lang='grc' dir='ltr'>καὶ</span> 
     </span>
     <span class='ocr_line' id='line_1_33' title="bbox 279 2202 1931 2271; baseline -0.004 -14"><span class='ocrx_word' id='word_1_235' title='bbox 279 2211 375 2259; x_wconf 84' lang='grc' dir='ltr'>τοῖς</span> <span class='ocrx_word' id='word_1_236' title='bbox 413 2204 698 2259; x_wconf 79' lang='grc' dir='ltr'>κατωτάτοις</span> <span class='ocrx_word' id='word_1_237' title='bbox 739 2205 931 2271; x_wconf 88' lang='grc' dir='ltr'>βόθροις</span> <span class='ocrx_word' id='word_1_238' title='bbox 969 2204 1181 2270; x_wconf 76' lang='grc' dir='ltr'>ἐνιζῆσαι</span> <span class='ocrx_word' id='word_1_239' title='bbox 1223 2203 1281 2254; x_wconf 81' lang='grc' dir='ltr'>τὰ</span> <span class='ocrx_word' id='word_1_240' title='bbox 1320 2202 1702 2269; x_wconf 80' lang='grc' dir='ltr'>ἐπερηρεισμένα,</span> <span class='ocrx_word' id='word_1_241' title='bbox 1746 2203 1856 2252; x_wconf 82' lang='grc' dir='ltr'>ὑπο·</span> <span class='ocrx_word' id='word_1_242' title='bbox 1883 2223 1931 2261; x_wconf 88' lang='lat'>25</span> 
     </span>
     <span class='ocr_line' id='line_1_34' title="bbox 280 2285 1854 2353; baseline -0.003 -15"><span class='ocrx_word' id='word_1_243' title='bbox 280 2288 585 2341; x_wconf 86' lang='grc' dir='ltr'>σπασθέντος</span> <span class='ocrx_word' id='word_1_244' title='bbox 618 2292 700 2338; x_wconf 84' lang='grc' dir='ltr'>τοῦ</span> <span class='ocrx_word' id='word_1_245' title='bbox 734 2287 985 2353; x_wconf 84' lang='grc' dir='ltr'>ε’ρείδοντος</span> <span class='ocrx_word' id='word_1_246' title='bbox 1008 2307 1020 2348; x_wconf 80' lang='lat'>3</span> <span class='ocrx_word' id='word_1_247' title='bbox 1065 2285 1141 2336; x_wconf 80' lang='grc' dir='ltr'>ὅτε</span> <span class='ocrx_word' id='word_1_248' title='bbox 1167 2285 1320 2336; x_wconf 86' lang='grc' dir='ltr'>τοίνυν</span> <span class='ocrx_word' id='word_1_249' title='bbox 1348 2285 1374 2348; x_wconf 87' lang='grc' dir='ltr'>ἡ</span> <span class='ocrx_word' id='word_1_250' title='bbox 1402 2288 1484 2348; x_wconf 80' lang='grc' dir='ltr'>τῆς</span> <span class='ocrx_word' id='word_1_251' title='bbox 1511 2285 1717 2337; x_wconf 83' lang='grc' dir='ltr'>εὐκλείας</span> <span class='ocrx_word' id='word_1_252' title='bbox 1745 2306 1854 2349; x_wconf 84' lang='grc' dir='ltr'>κρη-</span> 
     </span>
     <span class='ocr_line' id='line_1_35' title="bbox 280 2365 1860 2434; baseline -0.004 -14"><span class='ocrx_word' id='word_1_253' title='bbox 280 2371 357 2423; x_wconf 76' lang='grc' dir='ltr'>πῖς</span> <span class='ocrx_word' id='word_1_254' title='bbox 403 2371 478 2420; x_wconf 83' lang='grc' dir='ltr'>καὶ</span> <span class='ocrx_word' id='word_1_255' title='bbox 529 2370 554 2419; x_wconf 86' lang='grc' dir='ltr'>ὁ</span> <span class='ocrx_word' id='word_1_256' title='bbox 602 2372 684 2433; x_wconf 81' lang='grc' dir='ltr'>τῆς</span> <span class='ocrx_word' id='word_1_257' title='bbox 734 2368 975 2434; x_wconf 79' lang='grc' dir='ltr'>εὐημερίας</span> <span class='ocrx_word' id='word_1_258' title='bbox 1019 2365 1232 2431; x_wconf 84' lang='grc' dir='ltr'>θεμέλιος</span> <span class='ocrx_word' id='word_1_259' title='bbox 1282 2365 1711 2429; x_wconf 87' lang='grc' dir='ltr'>κατασεισθήσεται</span> <span class='ocrx_word' id='word_1_260' title='bbox 1761 2365 1860 2414; x_wconf 88' lang='grc' dir='ltr'>κατ’</span> 
     </span>
     <span class='ocr_line' id='line_1_36' title="bbox 282 2446 1863 2517; baseline -0.003 -18"><span class='ocrx_word' id='word_1_261' title='bbox 282 2448 462 2512; x_wconf 77' lang='grc' dir='ltr'>αὐτοὺς,</span> <span class='ocrx_word' id='word_1_262' title='bbox 490 2449 830 2517; x_wconf 85' lang='grc' dir='ltr'>συνοιχήσεταί</span> <span class='ocrx_word' id='word_1_263' title='bbox 855 2472 948 2501; x_wconf 93' lang='grc' dir='ltr'>που</span> <span class='ocrx_word' id='word_1_264' title='bbox 978 2449 1166 2501; x_wconf 83' lang='grc' dir='ltr'>πάντως</span> <span class='ocrx_word' id='word_1_265' title='bbox 1191 2452 1253 2501; x_wconf 77' lang='grc' dir='ltr'>εἷς</span> <span class='ocrx_word' id='word_1_266' title='bbox 1287 2447 1340 2498; x_wconf 80' lang='grc' dir='ltr'>τὸ</span> <span class='ocrx_word' id='word_1_267' title='bbox 1376 2446 1600 2499; x_wconf 84' lang='grc' dir='ltr'>δυσκλεές</span> <span class='ocrx_word' id='word_1_268' title='bbox 1625 2469 1675 2496; x_wconf 89' lang='grc' dir='ltr'>τε</span> <span class='ocrx_word' id='word_1_269' title='bbox 1705 2447 1781 2496; x_wconf 75' lang='grc' dir='ltr'>καὶ</span> <span class='ocrx_word' id='word_1_270' title='bbox 1815 2446 1863 2494; x_wconf 84' lang='grc' dir='ltr'>ἐν</span> 
     </span>
     <span class='ocr_line' id='line_1_37' title="bbox 285 2525 1864 2598; baseline -0.003 -18"><span class='ocrx_word' id='word_1_271' title='bbox 285 2531 449 2598; x_wconf 80' lang='grc' dir='ltr'>ὑφέσει</span> <span class='ocrx_word' id='word_1_272' title='bbox 478 2534 551 2581; x_wconf 70' lang='grc' dir='ltr'>καὶ</span> <span class='ocrx_word' id='word_1_273' title='bbox 579 2532 606 2595; x_wconf 84' lang='grc' dir='ltr'>ἡ</span> <span class='ocrx_word' id='word_1_274' title='bbox 632 2536 727 2582; x_wconf 84' lang='grc' dir='ltr'>τῶν</span> <span class='ocrx_word' id='word_1_275' title='bbox 753 2531 919 2581; x_wconf 76' lang='grc' dir='ltr'>ἄλλων</span> <span class='ocrx_word' id='word_1_276' title='bbox 945 2531 1092 2583; x_wconf 87' lang='grc' dir='ltr'>ἐλπίς·</span> <span class='ocrx_word' id='word_1_277' title='bbox 1131 2528 1185 2580; x_wconf 77' lang='grc' dir='ltr'>τὸ</span> <span class='ocrx_word' id='word_1_278' title='bbox 1213 2529 1293 2590; x_wconf 76' lang='grc' dir='ltr'>οὖν</span> <span class='ocrx_word' id='word_1_279' title='bbox 1328 2535 1354 2557; x_wconf 84' lang='grc'><strong>“</strong></span> <span class='ocrx_word' id='word_1_280' title='bbox 1373 2528 1531 2578; x_wconf 71' lang='lat' dir='ltr'><em>‘&#39;Orow</em></span> <span class='ocrx_word' id='word_1_281' title='bbox 1556 2529 1753 2596; x_wconf 67' lang='grc' dir='ltr'>παραδῷ</span> <span class='ocrx_word' id='word_1_282' title='bbox 1781 2525 1864 2590; x_wconf 87' lang='grc' dir='ltr'>τὴν</span> 
     </span>
    </p>

    <p class='ocr_par' dir='ltr' id='par_1_8' title="bbox 284 2608 1934 2844">
     <span class='ocr_line' id='line_1_38' title="bbox 287 2608 1934 2675; baseline -0.002 -13"><span class='ocrx_word' id='word_1_283' title='bbox 287 2620 313 2642; x_wconf 80' lang='grc'>“</span> <span class='ocrx_word' id='word_1_284' title='bbox 338 2612 633 2675; x_wconf 84' lang='grc' dir='ltr'>βασιλείαν,”</span> <span class='ocrx_word' id='word_1_285' title='bbox 675 2613 727 2663; x_wconf 83' lang='grc' dir='ltr'>οὐ</span> <span class='ocrx_word' id='word_1_286' title='bbox 762 2611 972 2663; x_wconf 80' lang='grc' dir='ltr'>τοιοῦτόν</span> <span class='ocrx_word' id='word_1_287' title='bbox 1006 2613 1149 2673; x_wconf 85' lang='grc' dir='ltr'>ἐστιν,</span> <span class='ocrx_word' id='word_1_288' title='bbox 1176 2609 1246 2660; x_wconf 77' lang='grc' dir='ltr'>ὅτι</span> <span class='ocrx_word' id='word_1_289' title='bbox 1280 2609 1454 2673; x_wconf 84' lang='grc' dir='ltr'>ταύτην</span> <span class='ocrx_word' id='word_1_290' title='bbox 1481 2608 1726 2672; x_wconf 81' lang='grc' dir='ltr'>ἀποθήσει,</span> <span class='ocrx_word' id='word_1_291' title='bbox 1752 2608 1862 2658; x_wconf 81' lang='grc' dir='ltr'>ἀλλ’</span> <span class='ocrx_word' id='word_1_292' title='bbox 1885 2635 1934 2671; x_wconf 86' lang='lat'>30</span> 
     </span>
     <span class='ocr_line' id='line_1_39' title="bbox 286 2690 1858 2760; baseline -0.003 -16"><span class='ocrx_word' id='word_1_293' title='bbox 286 2693 357 2744; x_wconf 80' lang='grc' dir='ltr'>ὅτι</span> <span class='ocrx_word' id='word_1_294' title='bbox 403 2695 479 2760; x_wconf 84' lang='grc' dir='ltr'>ὑφ’</span> <span class='ocrx_word' id='word_1_295' title='bbox 527 2693 694 2759; x_wconf 66' lang='grc' dir='ltr'>ἑτερων</span> <span class='ocrx_word' id='word_1_296' title='bbox 739 2694 963 2760; x_wconf 84' lang='grc' dir='ltr'>ἐχομένην</span> <span class='ocrx_word' id='word_1_297' title='bbox 1006 2691 1256 2745; x_wconf 82' lang='grc' dir='ltr'>ε’κσποίσας</span> <span class='ocrx_word' id='word_1_298' title='bbox 1294 2691 1527 2760; x_wconf 73' lang='grc' dir='ltr'>προσάξει</span> <span class='ocrx_word' id='word_1_299' title='bbox 1572 2694 1638 2759; x_wconf 74' lang='grc' dir='ltr'>τῷ</span> <span class='ocrx_word' id='word_1_300' title='bbox 1685 2690 1858 2756; x_wconf 85' lang='grc' dir='ltr'>Πατρί·</span> 
     </span>
     <span class='ocr_line' id='line_1_40' title="bbox 284 2773 1280 2844; baseline 0.001 -19"><span class='ocrx_word' id='word_1_301' title='bbox 284 2774 604 2844; x_wconf 75' lang='grc' dir='ltr'>συγκατάρξει</span> <span class='ocrx_word' id='word_1_302' title='bbox 642 2774 790 2841; x_wconf 84' lang='grc' dir='ltr'>γεμὴν</span> <span class='ocrx_word' id='word_1_303' title='bbox 827 2774 978 2843; x_wconf 78' lang='grc' dir='ltr'>τούτῳ</span> <span class='ocrx_word' id='word_1_304' title='bbox 1018 2775 1091 2823; x_wconf 81' lang='grc' dir='ltr'>καὶ</span> <span class='ocrx_word' id='word_1_305' title='bbox 1130 2773 1280 2826; x_wconf 85' lang='grc' dir='ltr'>αὐτός.</span> 
     </span>
    </p>
   </div>
   <div class='ocr_carea' id='block_1_7' title="bbox 285 2888 1862 2983">
    <p class='ocr_par' dir='ltr' id='par_1_9' title="bbox 285 2888 1862 2983">
     <span class='ocr_line' id='line_1_41' title="bbox 336 2888 1862 2935; baseline -0.004 -9"><span class='ocrx_word' id='word_1_306' title='bbox 336 2904 388 2934; x_wconf 88' lang='lat'>14.</span> <span class='ocrx_word' id='word_1_307' title='bbox 416 2893 523 2928; x_wconf 79' lang='grc' dir='ltr'>καθὼς</span> <span class='ocrx_word' id='word_1_308' title='bbox 540 2892 644 2926; x_wconf 79' lang='lat' dir='ltr'>habet</span> <span class='ocrx_word' id='word_1_309' title='bbox 664 2891 751 2925; x_wconf 81' lang='lat' dir='ltr'><strong>Cod.</strong></span> <span class='ocrx_word' id='word_1_310' title='bbox 900 2900 951 2935; x_wconf 92' lang='lat'>17.</span> <span class='ocrx_word' id='word_1_311' title='bbox 979 2893 1116 2935; x_wconf 76' lang='grc' dir='ltr'>Χριστῷ</span> <span class='ocrx_word' id='word_1_312' title='bbox 1137 2890 1225 2923; x_wconf 64' lang='lat' dir='ltr'>(jod.</span> <span class='ocrx_word' id='word_1_313' title='bbox 1245 2891 1345 2935; x_wconf 82' lang='grc' dir='ltr'>κυρίῳ</span> <span class='ocrx_word' id='word_1_314' title='bbox 1366 2890 1494 2923; x_wconf 82' lang='lat' dir='ltr'>Maius.</span> <span class='ocrx_word' id='word_1_315' title='bbox 1658 2888 1708 2921; x_wconf 83' lang='lat'>18.</span> <span class='ocrx_word' id='word_1_316' title='bbox 1736 2889 1787 2921; x_wconf 79' lang='grc' dir='ltr'>καὶ</span> <span class='ocrx_word' id='word_1_317' title='bbox 1807 2888 1862 2921; x_wconf 83' lang='lat' dir='ltr'>vix</span> 
     </span>
     <span class='ocr_line' id='line_1_42' title="bbox 285 2934 1814 2983; baseline -0.004 -10"><span class='ocrx_word' id='word_1_318' title='bbox 285 2939 485 2983; x_wconf 72' lang='lat' dir='ltr'>legendum,</span> <span class='ocrx_word' id='word_1_319' title='bbox 504 2940 649 2973; x_wconf 81' lang='lat' dir='ltr'>fortasse</span> <span class='ocrx_word' id='word_1_320' title='bbox 668 2938 685 2982; x_wconf 81' lang='grc' dir='ltr'>ἢ</span> <span class='ocrx_word' id='word_1_321' title='bbox 705 2940 767 2972; x_wconf 84' lang='grc' dir='ltr'>καὶ.</span> <span class='ocrx_word' id='word_1_322' title='bbox 866 2949 919 2972; x_wconf 84' lang='lat'>22.</span> <span class='ocrx_word' id='word_1_323' title='bbox 947 2940 1037 2972; x_wconf 64' lang='lat' dir='ltr'><em>mio-v</em></span> <span class='ocrx_word' id='word_1_324' title='bbox 1055 2937 1157 2971; x_wconf 70' lang='lat' dir='ltr'>habet</span> <span class='ocrx_word' id='word_1_325' title='bbox 1177 2937 1263 2970; x_wconf 73' lang='lat' dir='ltr'><strong>cod.</strong></span> <span class='ocrx_word' id='word_1_326' title='bbox 1366 2947 1420 2978; x_wconf 81' lang='lat'>24.</span> <span class='ocrx_word' id='word_1_327' title='bbox 1447 2937 1484 2970; x_wconf 88' lang='grc' dir='ltr'>τὸ</span> <span class='ocrx_word' id='word_1_328' title='bbox 1504 2934 1591 2969; x_wconf 85' lang='lat' dir='ltr'>Cod.</span> <span class='ocrx_word' id='word_1_329' title='bbox 1608 2936 1666 2969; x_wconf 84' lang='grc' dir='ltr'>τὸν</span> <span class='ocrx_word' id='word_1_330' title='bbox 1687 2934 1814 2968; x_wconf 80' lang='lat' dir='ltr'><strong>Maius.</strong></span> 
     </span>
    </p>
   </div>
  </div>
 </body>
</html>
