2012 3272
38 597 60 635 5

17 1013 63 1037 10

20 1979 68 2004 20

473 147 630 188 RESP.
664 147 746 186 AD
778 147 890 186 TIB.
925 146 1278 188 SOCIOSQUE.
1586 147 1670 186 589

78 258 269 323 ἐγένετο,
297 256 446 307 πάλιν
472 256 735 322 ἀναγκαίως
763 254 908 306 ἐκεῖνό
935 258 1092 323 φαμεν
1110 253 1260 308 ’Έθος
1285 258 1346 322 τῇ
1371 254 1672 322 θεοπνεύστῳ

78 342 244 406 γραφῇ
270 340 346 388 καὶ
373 337 466 389 ἀπὸ
493 337 638 401 μόνης
665 335 845 402 σαρκὸς
872 335 1114 401 ὀνομάζειν
1140 336 1250 387 ἔσθ’
1280 335 1355 387 ὅτε
1385 335 1467 386 τὸν
1493 336 1673 400 ἄνθρω-

78 443 183 472 πον.
236 422 312 471 καὶ
350 425 467 486 γοῦν
506 421 554 470 ἐν
594 418 864 487 προφήταις
904 419 1223 484 ἐπηγγείλατο
1266 418 1389 470 Θεὸς
1430 419 1581 484 ἐκχεῖν
1618 415 1673 466 τὸ
1735 436 1812 466 Joel
1830 435 1862 466 ii.

78 502 243 552 ἑαυτοῦ
285 506 470 564 πνεῦμα
514 503 589 552 ἐπὶ
634 505 800 551 πᾶσαν
850 500 1030 566 σάρκα,
1086 499 1262 566 εἴρηται
1314 498 1362 549 δὲ
1408 498 1559 550 πάλιν
1603 499 1673 549 ὅτι
1738 482 1789 511 28‘

81 581 342 651 “''Oxlterac
386 587 524 633 πᾶσα
566 582 698 650 σὰρξ
738 581 792 632 τὸ
838 581 1076 648 σωτήριον
1120 587 1204 632 τοῦ
1247 581 1420 632 Θεοῦ.”
1494 582 1569 631 καὶ
1620 581 1674 630 οὐ
1737 601 1896 640 Es.x1.5.

80 664 231 728 δήπου
276 663 432 732 φαμὲν
477 666 538 717 ὡς
583 665 659 715 ἐπὶ
704 662 853 728 μόνην
897 662 982 727 τὴν
1022 663 1182 730 σάρκα
1221 662 1275 714 τὸ
1314 667 1438 714 θεῖον
1477 664 1674 729 ἐκχεῖται

80 751 277 809 πνεῦμα,
306 745 417 796 ἀλλ’
445 746 550 796 οὐδὲ
591 746 661 797 ὅτι
688 745 808 810 μόνη
841 746 869 809 ἡ
901 745 1036 814 σὰρξ
1068 745 1154 809 τὴν
1186 746 1429 810 σωτηρίαν
1464 742 1675 795 τεθέαται

81 826 167 891 τὴν
198 827 274 878 διὰ
300 830 534 894 Χριστοῦ·
589 828 702 878 ἀλλ’
730 829 801 879 ἐπ’
830 828 1108 893 ἀνθρώπους
1146 826 1345 896 ἐξεχύθη
1384 825 1438 877 τὸ
1477 831 1720 887 πνεῦμα,1υ

82 910 158 959 καὶ
185 910 315 960 αὐτοὶ
349 909 589 960 τεθεάνται
623 907 709 972 τὴν
735 910 992 975 σωτηρίαν.
1050 909 1164 960 ὅταν
1190 910 1345 959 τοίνυν
1371 908 1395 957 ὁ
1422 907 1669 973 εὐαγγελι-

1737 985 1769 1015 S.
1782 985 1880 1016 Joan.

157 989 170 1006 Χ
293 991 307 1007 Ι
541 994 554 1009 x
601 992 611 1006 C
716 990 726 1005 V
902 989 915 1006 Χ
1035 992 1044 1007 J
1095 991 1110 1008 Ι
1229 991 1254 1006 5,
1329 991 1339 1005 ἲ
1439 993 1449 1006 ’
1573 988 1585 1003 f

81 1013 201 1055 στης
245 997 363 1059 λεγῃ
410 998 437 1021 “
462 995 555 1042 Και
592 1015 617 1042 ο
655 994 812 1057 Λογος
853 990 986 1059 σαρξ
1023 1013 1224 1055 εγενετο,
1289 1013 1372 1041 ουκ
1415 1012 1476 1042 εις
1518 1011 1675 1054 σαρκα
1737 1029 1823 1068 i.14.

81 1075 490 1135 μεταπεποιῆσθαι
509 1072 720 1124 διδάσκει
745 1072 829 1124 τὸν
855 1079 939 1123 τοῦ
967 1076 1092 1124 Θεοῦ
1109 1070 1287 1137 Λόγον·
1327 1071 1557 1138 ἄτρεπτος
1583 1070 1676 1136 γάρ

82 1155 214 1204 ἐστιν
240 1156 302 1207 ὡς
334 1154 391 1222 ἐξ
425 1155 657 1220 ἀτρέπτου
686 1155 891 1221 Πατρός·
938 1156 1048 1205 ἀλλ’
1079 1153 1149 1205 ὅτι
1176 1153 1336 1220 σάρκα
1363 1153 1679 1222 ἐψυχωμένην

84 1239 253 1300 νοερῶς
292 1237 413 1286 ἰδίαν
451 1235 786 1300 ποιησάμενος,
825 1234 1108 1305 παραδόξως
1148 1239 1390 1302 προῆλθεν
1429 1235 1679 1301 ἄνθρωπος

82 1318 214 1384 παρὰ
251 1321 334 1382 τῆς
371 1319 509 1384 ἁγίας
534 1318 782 1385 παρθένου,
810 1318 966 1382 ἐπειδὴ
1001 1318 1049 1369 δὲ
1077 1319 1159 1369 οὐκ
1187 1318 1437 1383 ἅνθρωπος
1463 1316 1529 1368 ὧν
1554 1316 1674 1383 πρό-

84 1423 219 1466 τερον
256 1402 579 1465 τεθεοποίηται
617 1405 824 1464 μᾶλλον,
857 1400 988 1451 ἀλλὰ
1021 1399 1144 1455 Θεὸς
1182 1398 1246 1451 ὧν
1285 1400 1445 1469 φύσει,
1471 1398 1719 1468 πέφηνενο

87 1483 351 1548 ἅνθρωπος.

1698 1588 1760 1628 378
1778 1599 1798 1619 a
1814 1589 1857 1621 A.

87 1641 194 1694 Πρὸς
221 1641 309 1684 τοὺς
336 1646 553 1693 ζητοῦντας,
577 1646 610 1684 εἰ
637 1643 854 1696 προσέθηκέ
872 1661 908 1684 τι
929 1643 973 1699 τῇ
997 1647 1065 1684 τοῦ
1087 1643 1289 1695 ἀνθρώπου
1317 1643 1435 1695 φύσει
1462 1641 1677 1694 παραγενό-
1699 1642 1763 1684 H'.

162 1731 280 1765 μενος
302 1717 322 1755 ὁ
344 1717 516 1768 Χριστὸς
539 1718 582 1758 ἐν
605 1719 730 1769 σαρκί·
775 1718 838 1758 καὶ
860 1721 939 1760 πῶς
962 1716 1041 1758 κατ’
1065 1718 1191 1757 εἰκόνα
1214 1719 1321 1758 Θεοῦ
1341 1718 1361 1756 ὁ
1384 1717 1600 1768 ἄνθρωπος.

716 1855 1065 1893 ΕΠΙΛΎΣΙΣ.

152 1958 268 2009 ’Ότι
296 1958 344 2010 δὲ
370 1958 548 2012 παντὸς
575 1961 756 2025 ἀγαθοῦ
786 1959 1015 2028 πρόξενος
1041 1963 1100 2026 τῇ
1130 1964 1213 2010 τοῦ
1238 1958 1489 2025 ἀνθρώπου
1515 1958 1679 2025 γε’γονε

88 2039 235 2107 φύσει
282 2040 663 2107 παραγενόμενος
715 2041 966 2107 ἄνθρωπος
1017 2043 1042 2091 ὁ
1096 2041 1374 2106 Μονογενὴς
1424 2047 1508 2093 τοῦ
1554 2045 1678 2092 Θεοῦ
1695 2051 1722 2090 b

89 2121 261 2187 Λόγος,
298 2122 365 2176 τίς
399 2124 424 2173 ὁ
460 2122 525 2186 μὴ
556 2121 704 2191 φάναι
745 2128 970 2185 τολμῶν;
1027 2121 1056 2186 ὴ
1094 2124 1163 2176 τίς
1201 2122 1565 2189 καταρνήσεται,
1602 2125 1679 2173 καὶ

88 2203 315 2267 ἀνόνητον
354 2205 464 2267 ἡμῖν
505 2203 727 2269 γενέσθαι
773 2203 920 2272 φήσει
959 2203 1046 2267 τὴν
1088 2207 1151 2257 εἷς
1195 2203 1328 2255 τόνδε
1370 2205 1454 2254 τὸν
1495 2204 1679 2266 κόσμον

141 2354 171 2377 1.
189 2343 376 2389 ἀναγκαίως
393 2343 497 2377 ἐκεῖνό
515 2344 629 2388 φαμεν
646 2343 713 2378 hoc
731 2343 852 2378 Ordine
872 2345 915 2378 A.
933 2343 1048 2388 φαμὲν
1064 2343 1250 2389 ἀναγκαίως
1267 2343 1373 2377 ε’κεῖνο
1393 2342 1459 2377 Ed.
1543 2355 1575 2378 2.
1593 2358 1679 2388 σαρ-

92 2391 147 2426 κὸς
165 2390 338 2433 ὀνομάζειν
354 2390 435 2425 ἔσθ’
463 2391 518 2424 ὅτε
542 2392 600 2424 τὸν
618 2390 794 2434 ἄνθρωπον
811 2390 877 2424 hoc
895 2390 1017 2424 ordine
1035 2391 1079 2423 A.
1097 2390 1177 2424 ἔσθ’
1196 2390 1252 2423 ὅτε
1279 2391 1406 2434 σαρκὸς
1427 2391 1486 2424 τὸν
1502 2390 1681 2434 ἄνθρωπον

92 2437 266 2480 ὀνομάζειν
283 2437 351 2471 Ed.
529 2448 563 2481 3.
591 2437 817 2481 ἐπηγγείλατο
836 2438 921 2472 Θεὸς
939 2436 1044 2470 edidi.
1062 2437 1283 2482 ἐπηγγείλετο
1304 2437 1384 2481 (sic)
1403 2437 1478 2472 θεὸς
1495 2437 1539 2470 Α.
1558 2439 1576 2471 ὁ
1595 2438 1681 2472 Θεὸς

93 2483 322 2528 ἐπηγγείλατο
358 2482 626 2528 [ἐπηγγείλλατο
656 2483 709 2528 D]
746 2484 793 2518 D.
824 2483 891 2517 Ed.
943 2482 1069 2517 Statim
1099 2483 1210 2528 ἐκχεῖν
1237 2484 1276 2517 τὸ
1305 2484 1426 2517 ἑαυτοῦ
1453 2486 1583 2527 πνεῦμα
1612 2483 1680 2517 hoc

93 2529 213 2563 ordine
231 2530 274 2564 A.
293 2530 403 2574 ἐκχεῖν
420 2537 499 2574 post
515 2532 643 2573 πνεῦμα
661 2530 857 2574 transponit
875 2529 942 2564 Ed.
1226 2538 1258 2574 7.
1284 2529 1345 2574 τὴν
1361 2531 1531 2575 σωτηρίαν
1551 2529 1679 2575 [σωτή-

93 2591 167 2620 ριον
185 2575 294 2621 Cod.]
312 2576 465 2610 τεθέαται
490 2576 549 2619 τὴν
574 2577 629 2610 διὰ
653 2579 800 2621 χριστοῦ
824 2577 868 2610 Α.
898 2577 958 2619 τὴν
984 2576 1039 2609 διὰ
1066 2578 1213 2620 χριστοῦ
1238 2577 1408 2620 σωτηρίαν
1433 2577 1586 2610 τεθέαται
1611 2577 1679 2610 Ed.

98 2634 151 2656 10.
177 2622 264 2666 λέγῃ
283 2623 377 2656 A.D.
397 2622 489 2668 λέγει
508 2622 576 2657 Ed.
775 2634 827 2657 ΙΙ.
853 2623 1145 2667 μεταπεποιῆσθαι
1163 2623 1317 2657 διδάσκει
1334 2629 1368 2656 et
1385 2625 1444 2656 τοῦ
1463 2625 1551 2656 Θεοῦ
1570 2625 1681 2668 Λόγον

94 2668 161 2702 hoe
178 2668 301 2702 ordine
318 2669 361 2703 A.
597 2680 650 2711 14.
678 2670 713 2703 δέ
732 2676 954 2713 assumptum
973 2681 1014 2702 ex
1032 2669 1116 2703 Α.Γ.
1348 2678 1400 2714 15.
1426 2669 1578 2714 πέφηνεν
1595 2670 1680 2702 Α.Γ.

94 2715 234 2760 γε’γονεν
252 2715 298 2748 D.
318 2714 384 2748 Ed.
509 2724 562 2760 17.
591 2721 622 2749 H
642 2716 783 2760 reposui
801 2728 841 2749 ex
860 2721 909 2756 Γ.,
929 2721 952 2748 Ζ
972 2716 1002 2748 A
1021 2727 1092 2760 mg.
1157 2713 1352 2759 προσέθηκέ
1368 2730 1399 2749 τι
1417 2719 1456 2759 τῇ
1475 2718 1534 2750 τοῦ
1549 2716 1680 2761 ἀνθρώ-

95 2775 161 2795 που
178 2760 285 2805 φύσει
302 2761 369 2794 hoc
387 2760 509 2795 ordine
527 2763 571 2796 A.
587 2762 780 2807 προσέθηκέ
796 2777 827 2796 τι
845 2768 925 2806 post
941 2761 1049 2806 φύσει
1067 2762 1264 2805 transponit
1284 2761 1350 2796 Ed.
1508 2773 1561 2806 19.
1587 2760 1678 2794 edidi

97 2819 138 2841 ex
155 2808 188 2840 A
208 2819 280 2851 mg.
301 2813 337 2840 Γ.
356 2809 480 2852 κεφαλ.
500 2822 510 2840 ι
530 2807 596 2842 Ed.
862 2819 916 2842 20.
940 2809 1064 2843 παντὸς
1082 2808 1212 2852 ἀγαθοῦ
1229 2809 1392 2851 πρόξενος
1408 2807 1475 2841 hoc
1495 2807 1617 2841 ordine
1635 2807 1680 2841 A.

96 2854 260 2896 πρόξενος
278 2859 356 2887 ante
373 2855 497 2888 παντὸς
514 2854 711 2898 transponit
730 2854 797 2888 Ed.
855 2855 975 2899 γέγονε
993 2853 1100 2899 φύσει
1120 2855 1185 2888 hoe
1204 2854 1325 2888 ordine
1343 2855 1386 2887 A.
1440 2854 1564 2887 Statim
1582 2853 1679 2898 γενό-

96 2914 193 2943 μενος
211 2899 287 2942 (sed
305 2902 573 2944 παραγενόμενος
592 2912 697 2945 supra
713 2902 749 2935 in
767 2901 868 2935 titulo
887 2900 1005 2945 habet)
1025 2901 1067 2935 A.
1202 2912 1257 2934 21.
1284 2900 1618 2944 ἅνθρωπος-Λόγος
1635 2900 1679 2935 Α.

97 2946 233 2980 favente
250 2953 282 2980 et
302 2951 337 2980 Γ.
356 2948 372 2980 ὁ
391 2947 538 2990 Χριστὸς
559 2946 624 2980 Ed.
