2017 3252
266 148 350 187 418
410 148 462 188 B.
492 148 739 189 CYRILLI
774 149 1124 190 ALEXANDR.
1160 149 1533 191 FRAGMENTA
1591 150 1676 191 xiii.
1701 164 1849 206 11—13.

59 213 72 254 [
90 212 148 244 ηε
166 213 214 244 M.
236 212 249 253 ]

270 255 428 323 φόρως
461 257 509 306 ἐν
535 255 626 325 'lo-90
661 256 851 325 δόναξιν
877 259 922 310 ἐς
952 256 1006 307 τὸ
1036 259 1104 307 ἀεὶ
1139 260 1424 322 προσωθοῦν
1462 257 1665 311 εὐκόλως
1703 281 1848 322 μετα-

269 337 569 399 κλινομένων,
597 340 671 388 καὶ
696 339 840 401 μηδὲν
865 338 1060 399 βέβαιον
1085 336 1308 405 ἐχόντων·
1359 339 1506 389 καίτοι
1534 339 1734 390 Παύλου
1766 339 1852 402 μὲν

50 438 221 469 1001-.xv.
270 418 628 484 διακεκραγότος
668 427 694 449 “
719 421 930 485 Ἑδραῖοι
970 420 1174 484 γίνεσθε,
1214 420 1577 481 ἀμετακίνητοι·”
1624 422 1765 471 αὑτοῦ
1804 421 1852 472 δὲ

269 505 351 549 τοῦ
383 500 638 551 Δεσπότου
679 499 732 551 τὸ
775 501 883 551 λίαν
925 500 1236 566 εὐπάροιστον
1279 502 1354 551 καὶ
1396 501 1727 565 εὐδιαπτόητον
1768 508 1852 553 τοῦ

268 578 446 645 τρόπου
471 580 556 644 τὴν
577 580 801 632 ἀνωτάτω
821 587 916 635 τοῖς
944 582 1106 648 ε”χουσι
1133 581 1335 651 τιθέντος
1363 581 1606 646 διαβολὴν,
1626 584 1701 633 καὶ
1722 584 1852 648 δίκην
1871 600 1894 639 5

269 661 500 727 ὁρίζοντος
524 667 581 729 τῇ
603 662 731 731 νόσῳ
758 662 843 726 τὴν
864 661 1197 729 ἀποστροφήν·
1240 663 1331 731 ἔφη
1351 662 1444 728 γὰρ
1471 661 1558 714 ὧδε
1584 665 1694 730 περί
1714 687 1853 715 τινων

45 760 140 791 Hier.
154 759 221 791 xiv.
270 749 297 770 ‘⁶
321 742 618 808 Ἠγάπησαν
649 748 788 794 κινεῖν
813 743 962 797 πόδας
997 745 1151 794 αὐτῶν
1190 746 1266 794 καὶ
1304 745 1387 794 οὐκ
1422 746 1689 812 ἐφείσαντο,
1717 748 1792 796 καὶ
1827 748 1852 796 ὁ

50 812 98 834 10'
269 830 296 852 ‘⁶
324 822 444 877 Θεὸς
471 825 553 875 οὐκ
581 823 833 889 εὐδόκησεν
860 827 907 875 ἐν
935 826 1130 879 αὐτοῖς·”
1177 824 1231 875 τὸ
1259 823 1351 890 γάρ
1377 848 1448 876 τοι
1474 826 1676 887 βεβαίως
1702 849 1752 877 τε
1778 830 1853 877 καὶ

267 906 470 959 ἀκλινῶς
496 906 739 971 ἱδρυμένον
759 905 877 972 πρὸς
903 911 998 958 πᾶν
1026 908 1180 957 ὁτιοῦν
1200 910 1294 957 τῶν
1313 906 1578 958 τελούντων
1600 911 1662 961 εἷς
1688 906 1854 972 ὄνησιν

267 986 488 1056 ἀσφαλές
514 1010 564 1038 τε
590 990 665 1038 καὶ
692 989 894 1038 ἄσυλον.
1876 1012 1924 1037 10

204 1190 245 1215 Π
530 1156 617 1200 ’ἓΩν
658 1160 734 1216 Γὰρ
774 1158 1024 1216 εἰσφέρεται
1062 1162 1179 1217 ζῴων
1216 1160 1265 1202 τὸ
1303 1157 1406 1210 αἷμα
1443 1164 1582 1206 κ.τ.λ.

343 1284 456 1332 Εἰσὶ
497 1281 545 1333 δὲ
587 1285 660 1333 καὶ
701 1283 846 1348 ἕτεροι
886 1288 1108 1334 πλεῖστοι
1153 1283 1290 1349 λόγοι
1335 1287 1441 1350 περὶ
1488 1285 1679 1347 τούτων,
1724 1284 1855 1335 ἀλλὰ

266 1364 607 1430 παρείσθωσαν
634 1370 715 1415 νῦν
748 1364 823 1415 διὰ
853 1364 906 1415 τὸ
933 1368 1134 1428 πλῆθος·
1190 1364 1389 1416 ἀπέθανε
1425 1367 1581 1429 μέντοι
1617 1366 1735 1417 κατὰ
1770 1366 1855 1431 τὴν

267 1445 425 1511 σάρκα
451 1445 677 1511 Χριστὸς,
702 1446 776 1496 ἵνα
803 1447 925 1510 ἡμᾶς
951 1446 1187 1515 καθαρίσῃ
1215 1451 1281 1516 τῷ
1307 1448 1407 1516 ἰδίῳ
1431 1447 1606 1512 αἵματι.

119 1643 248 1679 12713
586 1618 738 1659 Τοίνυν
777 1618 1053 1675 ἐξερχώμεθα
1091 1619 1199 1676 Πρὸς
1238 1620 1367 1661 αὐτὸν
1404 1623 1542 1663 κ.τ.λ.
1877 1634 1924 1673 15

344 1744 565 1810 Φέρωμεν
604 1744 758 1795 τοίνυν
802 1744 869 1796 τὶν
909 1741 1140 1812 ὄνειδισ-μὶν
1180 1746 1325 1804 αὐτοῦ,
1366 1745 1581 1796 τουτέστι
1620 1743 1702 1795 τὸν
1742 1742 1856 1810 ὑπὲρ

285 1826 295 1839 r
349 1830 369 1839 Α
595 1825 605 1840 l
736 1827 758 1844 et
917 1827 930 1843 x
1012 1827 1023 1840 ³
1060 1825 1073 1839 x
1146 1826 1169 1843 ,ν
1311 1824 1327 1843 ο
1474 1827 1483 1840 9
1670 1825 1682 1839 r
1806 1825 1820 1840 x

47 1833 218 1915 {ffiatssh-
270 1849 401 1890 ημων
427 1844 652 1891 σταυρον·
703 1848 823 1876 ουτω
858 1848 932 1876 και
969 1848 1107 1879 αυτος
1139 1829 1229 1893 εφη
1267 1834 1293 1855 “
1336 1829 1409 1879 Ος
1435 1849 1487 1876 ου
1514 1831 1747 1888 λαμβανει
1773 1848 1856 1876 τον

272 1915 298 1937 “
324 1905 533 1972 σταυρὸν
573 1908 714 1957 αὐτοῦ
753 1909 827 1956 καὶ
869 1908 1122 1957 ἀκολουθεῖ
1161 1908 1316 1957 ὀπίσω
1368 1930 1459 1970 μου
1498 1908 1580 1957 οὐκ
1616 1907 1718 1957 ε”στι
1765 1930 1856 1970 μου

270 1995 298 2018 “
323 1988 494 2056 ἀ’ξιος·”
547 1986 600 2038 τὸ
633 1987 680 2037 δὲ
713 1987 803 2054 ἔξω
830 1990 913 2050 τῆς
937 1987 1105 2050 πύλης,
1134 1987 1225 2055 ἔξω
1252 1994 1334 2038 τοῦ
1362 1986 1544 2051 κόσμου
1571 1992 1690 2038 νοεῖν
1717 1987 1851 2039 ἔοικε·

269 2070 386 2136 ζωῆς
423 2068 515 2134 γὰρ
553 2069 672 2132 ἡμᾶς
712 2068 932 2136 ἐξίστησι
979 2072 1208 2132 κοσμικῆς
1252 2067 1306 2120 τὸ
1352 2069 1506 2120 θέλειν
1551 2069 1747 2120 ἕπεσθαι
1787 2073 1854 2138 τῷ
1875 2095 1925 2121 20

270 2152 488 2220 Χριστῷ.

321 2308 374 2331 10.
399 2295 544 2341 ἶίσυλον]
569 2300 605 2336 -Ι-
632 2296 736 2329 καλὸν
764 2296 912 2341 γὰρ-οἶ
940 2295 1230 2340 περιπατήσαντες
1258 2296 1321 2330 i.e.
1353 2295 1418 2330 SS.
1439 2295 1637 2340 Scripturae
1665 2295 1771 2330 verba
1800 2307 1853 2330 se-

272 2343 425 2387 quentia,
446 2342 512 2376 Ed.
803 2351 855 2386 15.
884 2342 949 2375 Est
967 2343 1000 2375 in
1021 2354 1050 2376 c.
1069 2342 1128 2376 fol.
1146 2354 1213 2386 309
1234 2342 1312 2387 [Cr.
1333 2351 1411 2387 273.
1431 2341 1468 2387 6]
1490 2341 1703 2376 scholiowS.
1724 2342 1854 2386 Cyrillo

271 2389 455 2431 tributum,
474 2389 574 2433 eujus
592 2400 671 2432 pars
690 2388 783 2433 prior
800 2389 843 2422 ad
863 2388 990 2432 Glaph.
1002 2399 1070 2433 403
1085 2388 1118 2429 d,
1137 2398 1202 2431 405
1225 2389 1245 2422 b
1258 2400 1276 2422 c
1294 2390 1452 2433 pertinet,
1470 2400 1548 2432 pars
1567 2388 1669 2422 etiarn
1690 2387 1726 2422 S.
1741 2387 1853 2433 Chry

273 2441 469 2468 sostomum
487 2435 529 2468 ad
548 2436 614 2469 loc.
634 2435 801 2469 continet.
1061 2446 1114 2479 19.
1144 2435 1240 2468 Haec
1258 2435 1382 2479 partim
1402 2434 1541 2468 exhibet
1558 2439 1591 2467 et
1609 2445 1638 2468 c.
1655 2433 1715 2468 fol.
1734 2445 1802 2490 309
1820 2446 1853 2477 ν,

274 2481 391 2525 Mosq.
419 2482 462 2525 98
489 2481 587 2523 (olim
609 2483 673 2525 99)
700 2481 760 2514 fol.
789 2491 867 2524 239,
883 2479 1020 2514 ’Ἔοικεν
1048 2482 1066 2513 ὁ
1096 2481 1281 2515 θεσπέσιος
1307 2482 1446 2515 Παῦλος
1474 2481 1512 2514 τό
1537 2478 1633 2522 ’Έξω
1661 2481 1699 2523 τῆ
1703 2494 1719 2514 ς
1746 2479 1855 2523 πύλης

275 2526 510 2571 [παρεμβολῆς
529 2526 859 2572 (30(1.ΜΟΞ(1.]ἕξω
885 2541 944 2560 του
967 2528 1096 2569 κόσμου
1112 2526 1236 2571 λεγειν·
1270 2526 1380 2570 πύλης
1401 2527 1500 2571 [ζωῆς
1519 2495 1761 2571 Οοᾶ.Β1οηεᾳ.]
1787 2527 1853 2572 γὰρ

273 2572 358 2615 ἡμᾶς
398 2573 555 2617 ἐξίστησι
597 2575 770 2616 κοσμικῆς,
804 2573 908 2606 verba
942 2574 959 2606 ὁ
997 2587 1159 2617 μακαριος
1199 2574 1358 2617 κύριλλός
1394 2574 1503 2628 φησιν
1543 2572 1784 2616 praemlttente
1823 2584 1855 2608 c.

275 2630 330 2652 21.
357 2618 513 2664 Χριστῷ]
538 2620 648 2663 pergit
666 2619 706 2652 δι’
725 2619 763 2653 οὑ
780 2620 845 2664 γάρ
863 2621 953 2663 φησι
971 2620 1098 2662 κόσμος
1116 2619 1188 2661 ε’μοι
1206 2619 1414 2663 εσταύρωται
1432 2617 1523 2663 κάγὼ
1540 2620 1586 2663 τῷ
1605 2620 1734 2663 κόσμω.
1759 2633 1854 2664 περι-

274 2667 457 2700 πατοῦντες
482 2665 517 2698 δὲ
545 2665 598 2698 επὶ
620 2667 680 2708 ’γῆς
703 2667 733 2698 οἱ
761 2666 849 2710 ἅγιοι
877 2665 1051 2706 διαβιῶναι
1079 2665 1331 2706 σπουδάζουσιν
1355 2665 1414 2699 οὐκ
1439 2679 1487 2699 ετι
1513 2665 1677 2710 ἐπιγείως,
1702 2665 1794 2709 ἔχειν
1817 2665 1857 2699 δε

273 2713 407 2754 μᾶλλον
425 2711 459 2744 ἐν
475 2711 617 2754 οὐρανοῦ
637 2711 716 2755 (sic)
735 2712 773 2744 τὸ
790 2711 978 2755 πολίτευμα
995 2711 1084 2745 forte
1107 2710 1149 2744 ad
1168 2711 1251 2744 haec
1275 2712 1451 2754 pertinens
1471 2710 1558 2744 Cod.
1610 2711 1855 2756 Sequebantur

276 2759 308 2791 in
331 2757 395 2791 Ed.
414 2772 444 2791 οι
462 2758 508 2792 εἷς
526 2757 888 2801 ὡραιότητακ-πεφηνε
907 2759 991 2801 ζωῆς
1009 2769 1026 2792 e
1045 2757 1171 2802 Glaph.
1193 2766 1258 2801 259
1276 2757 1300 2791 b
1319 2757 1515 2801 desumpta.
