1981 3267
264 120 316 159 12
665 120 715 160 B.
749 118 1029 160 CYRILLI
1068 118 1453 160 ALEXANDR.
1663 118 1761 160 xvii.
1785 119 1849 161 26.

219 237 245 276 d
264 229 346 291 τῆς
386 226 598 297 ἐμφύτου
641 251 720 291 μοι
765 226 908 297 δόξης
946 229 1022 278 καὶ
1056 231 1344 294 θεοπρεποῦς
1385 227 1519 296 ἀξίας
1563 229 1617 279 οὐ
1657 226 1852 297 σφόδρα

263 310 542 376 φροντίσας,
562 310 762 374 ἐμαυτὸν
783 309 1015 360 κεκένωκα
1040 312 1116 360 καὶ
1142 313 1204 362 εἷς
1231 311 1530 375 ἀνθρωπίνην
1551 308 1854 374 καταβέβηκα

262 393 514 459 πτωχείαν,
540 392 615 442 ἵνα
653 391 804 442 σώσω
843 391 962 442 κατὰ
1000 390 1095 455 σὴν
1128 392 1340 442 εὐδοκίαν
1368 391 1421 442 τὸ
1457 394 1540 455 τῆς
1578 390 1854 455 οἰκειότητος

263 477 345 537 τῆς
379 473 497 539 πρὸς
527 474 648 537 ἡμᾶς
680 476 1002 537 διολισθῆσαν
1027 473 1176 539 γένος.
1231 472 1515 539 ἠγνοηκότος
1539 472 1587 524 δὲ
1614 474 1690 524 καὶ
1715 478 1855 524 τοῦτο

262 561 346 606 τοῦ
373 554 570 619 κόσμου,
597 554 961 620 πεπλουτήκασι
989 553 1075 619 τὴν
1102 559 1285 621 γνῶσιν
1312 558 1354 605 οἱ
1384 556 1606 619 μαθηταὶ,
1634 555 1854 608 συνέντες
1875 578 1897 617 5

263 636 383 688 κατὰ
423 636 651 702 ἀλήθειαν
697 638 757 689 ’ὅτι
804 636 861 688 σύ
898 661 958 704 με
1001 637 1302 696 ἀπέστειλας,
1343 636 1575 699 τουτέστι,
1616 641 1712 690 τοῖς
1752 641 1857 689 σοῖς

263 722 468 789 ἀφῖγμαι
507 719 707 784 νεύμασι
745 720 890 786 πέρας
917 718 1160 784 ἐπιθήσων
1185 718 1240 770 τὸ
1267 716 1463 785 ἀγαθὸν,
1488 718 1564 770 διὰ
1591 723 1675 770 τοῦ
1702 721 1856 770 κινδυ-

266 801 497 853 νεύουσαν
523 803 775 853 ἀνασῶσαι
801 801 887 867 τὴν
913 804 1019 868 γῆν.

226 914 248 940 e

198 961 245 996 26
268 962 342 1004 Καὶ
379 962 591 1021 ἑΓνώρισο(
631 962 775 1006 αὐτοῖς
811 964 859 1006 τὸ
893 964 1028 1013 ὄνομά
1069 979 1143 1006 σου
1182 963 1246 1006 καὶ
1286 964 1494 1022 Γνωρίσω·
1545 965 1613 1006 ἵνα
1653 965 1676 1006 ἡ
1712 964 1854 1013 (isdum

466 1048 517 1089 ιῖν
555 1048 780 1095 ἐιΓάΠΗσάε
818 1063 869 1097 με
906 1048 950 1089 ἐν
989 1045 1135 1089 αὐτοῖς
1174 1045 1213 1106 ᾗ,
1253 1048 1371 1096 ndu-d>
1408 1049 1452 1090 ἐν
1491 1046 1651 1090 αὐτοῖς.
1879 1067 1928 1093 10

337 1162 624 1227 Ἐγνωκέναι
664 1164 788 1231 φησὶ
825 1161 907 1214 τὸν
948 1163 1142 1229 Πατέρα
1182 1165 1257 1213 καὶ
1285 1162 1425 1226 Θεὸν,
1464 1161 1628 1214 ἑαυτόν
1667 1186 1717 1214 τε
1759 1161 1856 1226 ἅμα

264 1245 341 1294 καὶ
370 1242 476 1298 τοὺς
516 1245 642 1314 αὐτῷ
672 1244 1076 1312 προσεδρεύοντας
1111 1243 1339 1310 μαθητάς.
1392 1245 1468 1296 ἵνα
1506 1244 1555 1296 δὲ
1584 1243 1650 1309 μή
1684 1268 1754 1299 τις
1793 1249 1856 1298 εἰς·

263 1326 482 1379 ὑπονοίας
515 1325 739 1380 ἐκτόπους
777 1327 835 1396 ἐξ
865 1326 1047 1391 ἀπάτης
1083 1329 1362 1394 ὑπενεχθεὶς,
1390 1328 1439 1378 ἐν
1469 1326 1562 1397 'lo-(5)
1589 1331 1656 1395 τῷ
1692 1325 1854 1397 τρόπῳ

261 1406 483 1472 γενέσθαι
521 1408 607 1473 τὴν
633 1413 815 1474 γνῶσιν
847 1410 1020 1474 οἰηθείη
1059 1409 1204 1477 τυχὸν
1237 1409 1285 1460 ε”ν
1310 1433 1359 1460 τε
1399 1410 1524 1479 αὐτῷ
1561 1413 1628 1479 τῷ
1655 1412 1857 1478 Χριστῷ

260 1491 336 1539 καὶ
382 1494 476 1544 τοῖς
515 1495 760 1555 μαθηταῖς,
805 1491 1082 1542 διαστέλλει
1129 1495 1420 1559 παραχρῆμα
1464 1494 1540 1542 καὶ
1581 1490 1855 1561 φανοτάτην
1879 1514 1926 1552 15

38 1571 502 1639 1009Α.ἱῑε’ργάζεται
542 1573 627 1638 τὴν
669 1573 915 1643 διαφορὰν,
960 1573 1124 1625 ἑαυτὸν
1164 1574 1249 1637 μὲν
1289 1573 1701 1636 ἀποκαλύπτοντα,
1748 1573 1856 1628 τοῦς

263 1654 312 1705 δὲ
347 1654 433 1719 τὴν
458 1660 640 1720 γνῶσιν
665 1656 862 1711 ἑλόντας
896 1657 950 1706 δι’
980 1657 1124 1708 αὐτοῦ
1149 1660 1440 1725 παραχρῆμα
1467 1656 1656 1710 δεικνύς.
1713 1657 1738 1707 ὁ
1771 1657 1856 1721 μὲν

262 1734 356 1803 γὰρ
379 1737 553 1804 Κύριος
580 1739 711 1803 ἡμῶν
734 1739 921 1803 Ἰησοῦς
948 1740 972 1790 ὁ
1000 1739 1229 1806 Χριστὸς,
1256 1740 1444 1806 ἐπείπερ
1470 1740 1573 1790 ἐστὶ
1600 1741 1676 1790 καὶ
1698 1738 1856 1806 Λόγος

262 1821 338 1869 καὶ
376 1819 532 1885 βουλὴ
564 1824 639 1872 καὶ
678 1822 831 1890 σοφία
868 1827 951 1872 τοῦ
991 1820 1197 1887 Πατρὸς,
1233 1819 1355 1873 οἶδεν
1396 1820 1657 1876 ἀδιδάκτως
1702 1821 1762 1873 τὰ
1806 1824 1856 1873 ἐν

262 1901 402 1971 αὐτῷ,
421 1904 496 1953 καὶ
520 1909 601 1954 τοῦ
628 1903 843 1958 τεκόντος
869 1902 1011 1954 αὐτὸν
1029 1902 1090 1954 τὰ
1112 1904 1241 1969 βοίθη
1260 1902 1621 1970 περιεργάζεται,
1642 1903 1855 1973 καθάπερ
1876 1928 1927 1952 20

261 1983 424 2047 ἀμέλει
464 1987 539 2036 καὶ
572 1987 597 2036 ὁ
629 1992 735 2040 νοῦς
766 1987 791 2037 ὁ
818 1985 1111 2052 ἀνθρώπινος
1149 1986 1208 2038 τὰ
1246 1988 1294 2037 ἐν
1329 1987 1468 2055 αὐτῷ,
1505 1987 1580 2037 καὶ
1615 1986 1643 2051 ἡ
1671 1989 1719 2038 ἐν
1745 1987 1856 2052 ἡμῖν

261 2089 312 2117 τε
351 2068 427 2118 καὶ
466 2069 574 2118 καθ’
616 2069 736 2133 ἡμᾶς
772 2068 997 2134 νοουμένη
1027 2068 1221 2123 σύνεσις
1254 2067 1387 2120 οὐδὲν
1411 2068 1466 2119 τὸ
1496 2068 1725 2136 παράπαν
1761 2074 1857 2121 τῶν

217 2149 310 2199 be'v
335 2149 446 2213 ἡμῖν
472 2152 716 2217 ἀγνοοῦσα
747 2152 979 2220 φαίνεται·
1032 2155 1075 2203 οἱ
1114 2151 1169 2203 δέ
1200 2173 1255 2217 γε
1286 2150 1533 2203 θεσπέσιοι
1558 2153 1766 2216 μαθηταὶ
1800 2150 1856 2203 τὸ

259 2230 345 2293 μὲν
372 2231 605 2285 δύνασθαι
631 2238 752 2285 νοεῖν
776 2256 821 2285 τι
846 2235 953 2300 περὶ
970 2237 1096 2285 Θεοῦ
1121 2232 1303 2300 καρπὸν
1328 2236 1412 2298 τῆς
1439 2233 1555 2287 ἰδίας
1581 2234 1665 2285 οὐκ
1690 2233 1855 2302 ἔχουσι

260 2313 498 2378 γνώσεως,
541 2316 972 2385 φωταγωγούμενοι
1017 2315 1066 2367 δὲ
1111 2315 1187 2367 διὰ
1224 2321 1308 2367 τοῦ
1348 2315 1625 2380 Πνεύματος
1662 2319 1722 2384 τῇ
1759 2321 1855 2369 τῶν
1875 2336 1925 2374 25

259 2398 536 2462 μυστηρίων
585 2399 799 2468 ἀκριβείᾳ
846 2398 1227 2465 προσβάλλουσι
1263 2403 1347 2450 τοῦ
1387 2402 1520 2462 Υἱοῦ,
1559 2397 1765 2449 συνιέναι
1806 2422 1855 2450 τε

261 2478 383 2529 οὕτω
422 2479 643 2531 δύνανται
680 2479 763 2531 τὸν
803 2481 1011 2548 Πατέρα.
1076 2481 1324 2549 χρησίμως
1365 2481 1447 2532 οὖν
1486 2480 1578 2548 ἄρα
1623 2482 1697 2532 καὶ
1743 2480 1855 2532 λίαν

259 2561 448 2614 εἰκότως
489 2560 744 2627 ἐπήνεγκεν
784 2563 808 2613 ὁ
849 2561 1065 2630 Χριστὸς
1116 2563 1188 2615 ὅτι
1236 2568 1313 2615 καὶ
1357 2563 1571 2635 ἐγνώρισα
1616 2566 1764 2619 αὐτοῖς
1808 2561 1855 2616 τδ

260 2643 396 2712 δ’νομοί
423 2668 499 2696 σου
528 2650 605 2696 καὶ
634 2647 842 2715 γνωρίσω.

331 2725 574 2791 Ἐπιτήρει
613 2726 660 2777 δὲ
700 2725 827 2781 ὅπως
861 2726 945 2792 ἰ’ση
976 2729 1030 2779 δι’
1060 2729 1239 2797 ἀμφοῖν
1263 2728 1481 2794 ἐνέργεια,
1510 2729 1633 2795 φημὶ
1672 2726 1730 2791 δὴ
1768 2732 1852 2779 τοῦ
1873 2751 1924 2787 30

262 2808 455 2876 Πατρός
494 2810 570 2860 καὶ
608 2814 692 2860 τοῦ
724 2813 861 2872 Υἱοῦ,
897 2809 1017 2876 πρὸς
1051 2809 1136 2873 τὴν
1177 2813 1260 2873 τῆς
1302 2810 1521 2863 θεοπτίας
1563 2807 1846 2878 κατάληψιν

452 2927 505 2963 16.
531 2927 591 2972 τὴν
608 2933 833 2973 assumptum
852 2939 894 2962 ex
914 2927 955 2961 Ε.
1275 2938 1332 2971 30.
1360 2927 1401 2971 δὴ
1420 2927 1461 2962 Ε.
1480 2927 1516 2961 δέ
1535 2927 1574 2971 δὴ
1595 2927 1662 2962 Ed.
