2012 3272
160 129 227 170 vii.
247 140 286 182 5.
491 128 561 168 IN
596 127 941 169 EPISTOLAM
978 128 1060 168 AD
1099 128 1407 169 ROMANOS.
1663 131 1741 170 195

1779 195 1949 238 [15M·]

156 237 322 302 ἑτέροις
349 237 501 304 φησίν
539 243 567 265 “
587 240 651 287 Οἱ
679 237 726 287 δὲ
758 239 805 287 ἐν
831 239 975 302 σαρκὶ
1001 236 1129 291 ὄντες
1157 241 1266 306 Θεῷ
1293 238 1460 302 ἀρέσαι
1488 237 1541 287 οὐ
1568 237 1736 288 δύναν-
1761 257 1853 288 Infra
1868 257 1936 288 viii.

156 325 183 348 ‘⁶
207 319 327 369 ται·”
376 320 524 369 καίτοι
562 323 662 373 πῶς
701 320 784 369 οὐκ
825 318 997 383 ἀληθὲς
1031 321 1093 372 ὡς
1131 320 1214 370 οὐκ
1253 319 1345 388 ἔξω
1385 318 1607 384 γεγονόσι
1645 325 1741 372 τοῖς
1760 301 1789 330 8’

154 402 262 466 παρ’
303 401 444 451 αὐτοῦ
482 402 958 466 μυσταγωγουμένοις
997 400 1056 451 τὰ
1095 401 1248 451 τοιάδε
1285 402 1565 468 παρεγγυᾷ,
1612 402 1661 451 τί
1695 400 1743 451 δὲ

153 483 376 543 βούλεται
427 485 616 546 δηλοῦν,
658 488 1077 549 πολυπραγμονεῖν
1122 484 1394 547 ἀναγκαῖον·
1461 482 1537 533 ὅτε
1589 484 1744 534 τοίνυν

112 569 389 630 5σαρκικῶς
427 563 812 627 ἐπολιτευόμεθα,
844 567 982 632 φησὶ,
1009 567 1085 615 καὶ
1123 563 1177 615 τὸ
1217 568 1389 629 γεῶδες
1427 567 1476 615 ἐν
1515 565 1624 628 ἡμῖν
1662 567 1740 615 ε’κ-

152 647 280 713 ράτει
319 645 554 714 φρόνημα,
586 644 690 696 τότε
730 648 805 696 καὶ
846 648 1082 712 ἐνηργεῖτο
1121 647 1169 696 ἐν
1208 647 1317 709 ἡμῖν
1356 645 1415 697 τὰ
1450 650 1533 710 τῆς
1566 646 1745 713 σαρκὸς

150 727 280 793 πάθη
308 725 384 779 διὰ
410 730 481 779 τοῦ
508 729 633 796 νόμου
658 728 777 793 πρὸς
800 726 845 779 n}
875 727 1211 798 κάρποφορῆσοιι
1238 734 1300 799 τῷ
1323 727 1511 798 θανάτῳ·
1556 729 1604 779 τί
1625 729 1706 778 οὖν
1727 750 1738 790 ;

153 811 269 880 φαιή
314 811 383 864 τίς
425 810 498 860 ἄν·
556 808 614 861 τὰ
658 809 788 873 πάθη
834 812 916 874 τῆς
961 809 1141 876 σαρκὸς
1185 811 1491 874 εἰσεκομίσθη
1541 808 1616 860 διὰ
1661 815 1743 860 τοῦ

152 892 326 956 νόμους
368 890 465 943 εἶτα
495 897 595 945 πῶς
630 891 771 943 αὐτὸν
802 890 1114 958 ἐγκλημάτων
1142 891 1534 961 ἀπαλλάξωμεν;
1577 891 1626 942 τί
1659 892 1742 942 οὖν

88 999 135 1024 10
152 973 270 1042 πρὸς
303 975 441 1026 τοῦτό
480 978 667 1043 φαμεν;
719 975 773 1025 οὐ
812 974 888 1025 διὰ
929 973 1073 1037 νόμου
1110 973 1170 1024 τὰ
1208 977 1290 1038 τῆς
1329 973 1508 1040 σαρκὸς
1547 976 1595 1024 ἐν
1633 974 1744 1037 ἡμῖν

153 1059 383 1121 κεκίνηται
427 1061 569 1121 πάθη,
612 1057 814 1107 τίκτεται
860 1056 907 1107 δὲ
948 1062 1140 1120 μᾶλλον
1188 1058 1264 1106 καὶ
1309 1056 1366 1125 ἐξ
1403 1055 1615 1124 ἐμφύτου
1658 1054 1745 1118 μὲν

152 1139 333 1203 ἡδονῆς,
372 1137 455 1190 τὸν
488 1138 536 1189 δὲ
575 1140 752 1202 ἀσθενῆ
792 1138 1118 1205 καταληΐζεται
1157 1144 1282 1189 νοῦν·
1338 1139 1416 1188 καὶ
1453 1143 1593 1188 τοῦτο
1635 1137 1745 1201 ἡμῖν

152 1220 354 1289 ἐμφανὲς
399 1222 656 1285 καθίστησι
701 1220 857 1286 λέγων
904 1228 930 1250 “
950 1221 1016 1271 Ἡ
1063 1219 1198 1289 σὰρξ
1239 1221 1455 1282 ἐπιθυμεῖ
1494 1217 1615 1269 κατὰ
1660 1223 1743 1269 τοῦ
1761 1241 1881 1274 Ga1.v.
1902 1249 1950 1282 17·

155 1309 182 1332 ‘⁶
205 1302 478 1366 πνεύματος,
505 1301 559 1353 τὸ
596 1302 644 1354 δὲ
678 1309 864 1366 πνεῦμα
899 1301 1020 1353 κατὰ
1053 1305 1136 1366 τῆς
1169 1301 1362 1367 σαρκὸς,
1393 1307 1542 1352 ταῦτα
1575 1300 1623 1351 δὲ
1650 1303 1740 1351 ἀλ-

89 1391 182 1447 15“
208 1385 375 1449 λήλοις
411 1386 704 1436 ἀντίκειται.”
759 1387 856 1436 νυνὶ
889 1385 937 1436 δὲ
971 1390 1109 1435 τοῦτο
1143 1386 1320 1451 παρεὶς,
1351 1383 1626 1452 ἀντεξάγειν
1656 1382 1744 1446 τὴν

154 1465 312 1533 σάρκα
350 1469 416 1536 τῷ
449 1467 684 1531 πνεύματί
716 1472 853 1535 φησι,
894 1467 969 1518 διὰ
1006 1466 1156 1530 με”σου
1195 1467 1334 1520 τιθεὶς
1372 1466 1519 1517 οὐδέν.
1577 1466 1745 1516 οὐκοῦν

155 1550 208 1600 οὐ
234 1549 311 1600 διά
347 1572 401 1614 γε
440 1555 522 1600 τοῦ
562 1548 706 1612 νόμου
740 1549 800 1600 τὰ
838 1552 919 1613 τῆς
946 1547 1124 1614 σαρκὸς
1162 1550 1210 1599 ἐν
1236 1548 1346 1611 ἡμῖν
1385 1552 1575 1598 κινεῖται
1599 1545 1744 1611 πάθη,

154 1635 344 1694 μᾶλλον
383 1631 430 1682 δὲ
469 1635 701 1699 φυσικῶς·
756 1634 831 1682 καὶ
870 1632 923 1682 τό
962 1653 1015 1696 γε
1054 1629 1325 1698 παράδοξον
1352 1635 1448 1683 τοῖς
1478 1636 1562 1681 τοῦ
1600 1629 1744 1693 νόμου

99 1769 105 1774 ,
152 1713 418 1777 θελήμασιν
446 1713 796 1776 ἀντανίσταται,
825 1715 888 1766 ὡς
922 1711 1061 1766 αὐτός
1092 1735 1186 1763 που
1214 1714 1364 1781 φησὶν
1392 1713 1417 1762 ὁ
1449 1715 1647 1764 Παῦλος
1671 1710 1743 1762 ὅτι
1762 1731 1811 1764 16
1834 1730 1895 1766 Μ.

88 1821 137 1847 20
156 1802 182 1824 ‘⁶
207 1794 261 1845 τὸ
300 1794 522 1863 φρόνημα
559 1797 642 1859 τῆς
679 1794 859 1860 σαρκὸς
898 1795 1045 1862 ἔχθρα
1084 1798 1147 1847 εἷς
1186 1793 1326 1845 Θεόν·
1380 1795 1446 1863 τῷ
1484 1791 1577 1859 γὰρ
1617 1791 1743 1862 νόμῳ
1762 1808 1854 1840 Infra
1869 1808 1937 1840 viii.

156 1883 182 1906 “
208 1882 290 1928 τοῦ
335 1880 458 1928 Θεοῦ
503 1878 590 1944 οὐχ
641 1876 980 1939 ὑποτάσσεται,
1027 1875 1131 1927 οὐδὲ
1182 1874 1276 1941 γὰρ
1322 1874 1561 1926 δύναται.”
1615 1878 1653 1925 εἰ
1695 1873 1743 1925 δὲ
1784 1875 1793 1884 ’

155 1959 354 2027 μοῖχεται
393 1962 460 2027 τῷ
500 1958 628 2028 νόμω
663 1956 717 2009 τὸ
751 1957 973 2026 φρόνημα
1005 1961 1088 2022 τῆς
1127 1955 1322 2023 σαρκὸς,
1356 1961 1458 2010 πῶς
1497 1957 1580 2006 οὐκ
1618 1955 1738 2007 ἀπό-

153 2049 366 2106 πληκτον
389 2041 558 2091 ἐννοεῖν
585 2041 638 2090 δι’
668 2041 811 2090 αὐτοῦ
842 2043 1071 2091 κινεῖσθαι
1106 2037 1225 2105 πρὸς
1252 2038 1484 2105 ἐνέργειαν
1509 2036 1569 2088 τὰ
1596 2037 1743 2089 οὕτως

155 2121 478 2185 ἀνθεστηκότα
497 2143 510 2184 ;
572 2121 622 2172 τί
657 2121 738 2172 οῦν
778 2122 802 2171 ὁ
844 2121 1040 2175 Παῦλός
1083 2124 1268 2188 φησιν,
1327 2121 1389 2173 ὡς
1428 2123 1650 2170 τεθνεῶσι
1684 2117 1744 2184 τῇ

90 2223 139 2262 25
157 2204 359 2272 ἁμαρτίᾳ
404 2203 668 2268 διαλέγεται
713 2207 807 2256 τοῖς
849 2202 923 2253 διὰ
969 2208 1051 2252 τοῦ
1094 2201 1428 2264 βαπτίσματος
1468 2203 1738 2262 συντεθαμ-

156 2284 308 2348 μένοις
342 2288 556 2353 Χριστῲ,
597 2286 672 2335 καὶ
712 2286 774 2338 ὡς
812 2283 901 2348 ἤδη
939 2282 1027 2347 τὴν
1062 2287 1157 2333 τῶν
1191 2286 1359 2333 παθῶν
1395 2282 1624 2347 νέκρωσιν
1661 2302 1744 2331 πε-

156 2366 494 2431 πλουτηκόσιν,
521 2364 589 2419 οἷς
616 2364 675 2415 ἂν
700 2365 869 2430 πρέποι
907 2367 982 2415 καὶ
1016 2363 1070 2415 τὸ
1097 2363 1187 2432 ἔξω
1214 2366 1308 2414 δεῖν
1335 2363 1449 2414 ἱέναι
1473 2368 1557 2413 τοῦ
1585 2361 1744 2424 νόμου,

158 2448 234 2499 διά
267 2471 322 2513 γε
353 2453 435 2498 τοῦ
461 2446 774 2515 ἀπηλλάχθαι
800 2450 967 2498 παθῶν
992 2451 1086 2497 τῶν
1114 2444 1190 2497 δίἀ
1215 2451 1299 2496 τοῦ
1327 2443 1470 2508 νόμου
1505 2446 1744 2495 καταδεδι-

159 2530 421 2594 κασμένων.
473 2529 640 2579 οὐκοῦν
670 2528 736 2579 ε”τι
767 2529 1004 2592 μενόντων
1030 2528 1161 2591 ἡμῶν
1186 2528 1234 2577 ἐν
1260 2531 1327 2596 τῷ
1360 2524 1629 2594 φρονήματι
1663 2526 1746 2588 τῆς

92 2635 142 2671 30
159 2611 350 2677 σαρκὸς,
377 2609 507 2674 πάθη
546 2608 605 2661 τοὶ
644 2607 719 2661 δια
750 2612 821 2661 τοῦ
856 2612 981 2677 νόμου
1015 2609 1319 2674 κατειρημένα
1357 2630 1407 2658 τε
1448 2609 1524 2658 καὶ
1563 2609 1744 2668 ὠνομα-

160 2693 325 2757 σμένα,
351 2693 516 2761 φησὶν,
548 2692 751 2760 ἐνηργεῖτο
791 2692 828 2742 ἐν
866 2691 992 2755 ἡμῖν·
1048 2688 1164 2754 ἦμεν
1203 2689 1251 2740 δὲ
1289 2690 1365 2740 καὶ
1405 2688 1651 2740 ὑπεύθυνοι
1689 2685 1743 2736 τὸ

160 2772 372 2837 τηνικάδε
403 2776 470 2842 τῷ
509 2771 652 2842 νόμῳ,
677 2771 756 2823 ἅτε
787 2771 843 2837 δὴ
870 2774 944 2822 καὶ
981 2771 1136 2837 ζώσης
1166 2773 1214 2821 ἐν
1250 2771 1359 2834 ἡμῖν
1398 2772 1480 2834 τῆς
1515 2767 1744 2834 ἁμαρτίας

162 2854 241 2905 ἔτι.

559 2937 590 2961 2.
617 2927 661 2962 ὡς
678 2927 737 2960 οὐκ
755 2925 938 2961 omittebat
955 2928 996 2959 ut
1013 2924 1157 2960 adnotat
1175 2924 1249 2970 ipse
1267 2924 1353 2958 Mai.

896 2992 918 3019 C
941 2993 961 3019 C
983 2991 1007 3020 2
