2012 3272
88 135 126 160 x.
151 133 195 160 11
222 134 323 173 sqq.‚
342 120 395 160 xi.
418 132 451 159 1.
514 118 582 158 IN
618 118 961 161 EPISTOLAM
998 119 1080 160 AD
1120 120 1428 161 ROMANOS.
1592 123 1675 164 237

1712 190 1726 231 [
1745 200 1787 230 40
1804 191 1851 221 M·
1870 190 1883 231 ]

89 236 116 259 “
141 230 260 292 ὑμῖν,
287 230 425 297 φησὶ,
456 229 529 278 καὶ
556 229 609 278 οὐ
635 228 897 291 πιστεύετε,
928 233 1027 282 πῶς
1060 228 1139 279 ἐὰν
1167 229 1279 280 ε’ίπω
1308 231 1415 292 ὑμῖν
1441 229 1499 280 τὰ
1531 231 1670 281 ε’που-

89 318 115 340 “
140 309 275 377 ράνια
314 311 594 362 πιστεύσετε
614 312 651 372 ;”
692 312 961 376 προσετίθει
1000 310 1047 361 δὲ
1083 310 1262 364 τούτοις
1302 318 1329 340 “
1355 311 1511 376 Ἀμὴν
1550 311 1676 377 ἀμὴν
1695 323 1897 354 sakan-iii-

88 400 115 422 “
142 393 269 459 λε’γω
309 394 415 456 ὑμῖν
455 391 479 443 ὃ
513 392 701 455 οἴδαμεν
740 398 983 455 λαλοῦμεν
1021 394 1096 444 καὶ
1136 392 1160 443 ὃ
1198 393 1468 458 ἑωροίκαμεν
1497 417 1676 460 μαρτυ-
1700 375 1746 397 η’

88 481 115 504 “
140 480 312 541 ροῦμεν
338 477 412 526 καὶ
443 474 529 538 τὴν
554 475 812 540 μαρτυρίαν
838 475 970 538 ἡμῶν
996 476 1142 529 οὐδεὶς
1179 473 1455 537 λαμβάνει.”
1510 477 1677 527 οὐκοῦν
1696 483 1743 514 Cf.
1762 483 1803 513 ib.
1822 492 1872 522 32-

46 557 396 618 5ἀβασάνιστα
434 556 494 608 τὰ
530 556 643 623 ὑπὲρ
683 557 820 620 ἡμᾶς·
874 560 912 607 εἰ
951 556 1044 623 γάρ
1087 558 1218 607 ἐστιν
1258 556 1429 621 ἀληθὲς
1476 558 1547 608 ὅτι
1588 581 1676 625 περ

88 646 115 669 “
141 639 200 690 τὰ
225 641 273 690 ἐν
299 642 463 707 χερσὶν
490 640 767 705 εὑρίσκομεν
793 637 912 701 μετὰ
933 639 1080 702 βίας,”
1108 638 1228 689 κατὰ
1253 638 1306 690 τὸ
1333 640 1673 705 γεγραμμένον,
1695 651 1770 691 S11‘-
1787 650 1829 680 ix.
1850 650 1898 681 1⁶·

87 726 186 775 πῶς
226 723 308 772 οὐκ
347 724 602 788 ἀναγκαῖον
643 722 827 783 ἐννοεῖν,
855 723 916 774 ὡς
944 720 992 771 ἕν
1019 744 1072 785 γε
1099 725 1195 774 τοῖς
1230 721 1345 788 ὑπὲρ
1373 721 1534 786 λόγον,
1561 745 1677 789 χρη-

89 803 335 868 σιμωτάτη
387 804 494 854 λίαν
546 803 572 866 ἡ
620 802 794 865 πίστις,
841 803 924 853 οὐκ
976 803 1335 867 ἀκολουθούσης
1381 803 1579 869 ἐρεύνης,
1625 805 1678 854 οὐ

88 885 322 952 ζητήσεως
350 886 519 938 εἰκαίας
543 885 905 951 ἐπενηνεγμένης
927 907 938 946 ;
979 885 1171 937 συνέσει
1197 884 1292 950 γὰρ
1318 885 1377 936 τὰ
1404 884 1558 936 τοιάδε
1584 890 1678 937 τῶν

23 993 70 1018 10
88 967 382 1035 πραγμάτων
405 972 594 1031 τιμᾶται
620 971 866 1033 λαμπρῶς.

203 1126 294 1167 Πᾶς
331 1127 353 1168 ὀ
392 1127 603 1167 Πιστεύων
641 1126 702 1166 ἐπ’
745 1125 862 1181 αὐτῷ
895 1126 943 1167 οὐ
983 1127 1393 1183 καταισχυνθήσεται
1430 1130 1570 1171 κ.τ.λ.
1702 1143 1743 1168 11
1765 1145 1844 1181 sqq.

165 1231 251 1296 Μὴ
290 1232 516 1284 ποιείσθω
556 1231 671 1282 ’ίδιον
697 1231 877 1297 ἀγαθὸν
908 1231 994 1295 τὴν
1022 1231 1097 1282 διὰ
1134 1233 1341 1286 πίστεως
1377 1231 1619 1297 σωτηρίαν
1653 1233 1678 1282 ὁ

89 1314 307 1379 Ἰσραήλ·
361 1316 459 1369 πῖις
493 1313 584 1382 γέιρ
620 1315 664 1367 ὂς
701 1311 752 1365 ὀὲν
779 1312 1113 1374 ἐπικαλέσηταιί
1138 1321 1261 1382 φησι
1288 1316 1335 1366 τί)
1366 1315 1501 1383 ὄνομα
1531 1316 1678 1382 Κυρίου
1696 1335 1763 1356 ver.
1783 1333 1830 1364 13-

90 1395 345 1459 σωθήσεται,
371 1395 456 1447 κᾶν
483 1396 682 1448 Ξουδαίος
720 1393 748 1463 ᾗ
782 1393 868 1445 κᾶν
909 1393 1070 1459 ἕλλτγν,
1098 1394 1185 1447 κᾶν
1216 1400 1386 1450 δοῦλος
1425 1396 1510 1446 κᾶν
1537 1397 1674 1446 ἐλεύ-

24 1494 71 1532 15
91 1483 238 1546 θερος·
297 1477 565 1546 ἀδιαφόρως
617 1477 755 1543 σώζει
806 1478 830 1527 ὁ
878 1476 1001 1530 Θεὸς
1051 1482 1146 1528 τῶν
1196 1478 1336 1541 ὅλων,
1389 1479 1532 1529 αὐτοῦ
1583 1478 1676 1543 γὰρ
1695 1494 1746 1528 41
1767 1493 1829 1529 Μ.

91 1561 289 1612 ἅπαντα·
357 1561 478 1611 οὕτω
518 1557 675 1628 φαμὲν
714 1561 1187 1627 ἀνακεφαλαιοῦσθαι
1233 1560 1291 1611 τὰ
1330 1560 1486 1612 ποίντα
1525 1562 1573 1611 ἐν
1614 1561 1679 1630 τῷ
1699 1571 1886 1612 Eph.i.10.

91 1647 306 1712 Χριστῷ.

237 1785 309 1828 Ma
350 1785 558 1828 ἀπώσατο
595 1786 617 1828 ὁ
656 1784 764 1827 Θεὸς
802 1784 874 1827 τὸν
913 1783 1019 1827 Λαὸν
1058 1785 1210 1838 αὐτοῦς
1260 1785 1316 1834 μὴ
1357 1785 1534 1833 Γὲνοιτο,
1704 1782 1805 1832 Κεφ.
1831 1777 1896 1820 ια’·

164 1899 447 1969 Ἐμφρόνως
472 1901 496 1949 ὁ
525 1903 720 1952 Παῦλος
758 1899 906 1950 καίτοι
937 1897 1152 1950 παθόντα
1185 1899 1268 1950 τὸν
1302 1898 1569 1962 σκοτισμὸν
1599 1899 1682 1949 οὐκ

25 2004 74 2029 20
93 1984 145 2051 ἐᾷ
184 1981 402 2049 μειζόνως
439 1980 917 2047 κατασκληρύνεσθαι
951 1979 1035 2032 τὸν
1069 1981 1274 2048 Ἰσραὴλ
1312 1987 1412 2035 ταῖς
1451 1986 1514 2035 εἷς
1556 1981 1683 2032 ἅπαν

92 2064 415 2130 ἀπογνώσεσι,
441 2064 619 2127 με’τεισι
653 2063 701 2114 δὲ
735 2062 898 2130 ὥσπερ
923 2065 1146 2131 ἐντέχνως
1181 2068 1281 2117 ταῖς
1307 2063 1681 2131 χρηστοεπείαις.

92 2145 196 2213 ἄρτι
234 2145 318 2210 μὲν
359 2146 452 2212 γὰρ
493 2148 555 2199 ὡς
591 2147 759 2209 ἀπειθῆ
802 2150 1054 2214 κατῃτιᾶτο
1091 2145 1175 2196 τὸν
1214 2145 1436 2212 Ἰσραήλ·
1491 2146 1683 2198 ἐλπίδος

92 2228 240 2294 γεμὴν
265 2231 348 2291 τῆς
386 2228 566 2279 ἄνωθεν
599 2229 681 2278 οὐκ
715 2229 993 2293 ἀπογυμνοῖ,
1021 2228 1126 2278 οὔτε
1163 2227 1258 2291 μὴν
1285 2226 1560 2293 ὁλοτρόπως
1598 2230 1680 2290 τῆς

92 2309 211 2376 πρὸς
227 2309 352 2361 Θεὸν
378 2309 653 2374 οἰκειότητος
674 2308 948 2376 ἐξωσθῆναί
971 2315 1108 2377 φησι.
1154 2312 1229 2360 καὶ
1254 2312 1392 2381 σαφῆ
1419 2314 1502 2359 τοῦ
1527 2307 1681 2375 πράγ-

28 2411 75 2450 25
93 2414 239 2455 ματος
264 2397 461 2443 ποιεῖται
487 2391 573 2456 τὴν
598 2391 851 2460 ἀπόδειξιν,
878 2389 1042 2442 ἑαυτὸν
1066 2395 1291 2458 παραθεὶς
1316 2391 1430 2443 ὅντα
1456 2393 1678 2461 Ἰσραηλί-

94 2497 172 2534 την
197 2476 273 2524 καὶ
299 2475 350 2525 ἐκ
378 2472 633 2544 σπέρματος
657 2472 894 2543 Ἄβραέιμ,
919 2473 1218 2542 εὐφυέστατα
1243 2497 1291 2525 τε
1319 2476 1393 2526 καὶ
1421 2477 1545 2524 Θεοῦ
1572 2473 1682 2525 λαὶν

95 2557 350 2607 ἀποκαλῶν
388 2556 468 2619 ἔτι,
508 2557 583 2606 καὶ
622 2557 894 2622 προστιθεῖς
930 2555 983 2606 τό
1021 2557 1096 2616 Μὴ
1128 2555 1288 2622 γένοιτο
1327 2562 1422 2610 τοῖς
1455 2559 1560 2623 περὶ
1599 2563 1682 2607 τοῦ

96 2639 340 2689 ἀπεῶσθαι
380 2636 558 2703 λόγοις.
616 2643 764 2688 ταῦτα
809 2637 856 2688 δὲ
898 2636 956 2702 ἦν
1000 2640 1138 2689 οἱονεὶ
1179 2640 1533 2704 περισαίνοντος
1574 2637 1682 2692 τοὺς

146 2800 198 2823 12.
225 2789 299 2824 Inc.
320 2790 375 2833 Μὴ
394 2790 504 2824 τοίνυν
519 2791 655 2824 ποιείτω
673 2789 758 2824 ἰ’διον
776 2790 819 2824 Α,
1022 2801 1074 2834 13.
1101 2791 1190 2835 φησι
1209 2803 1277 2825 om.
1298 2791 1340 2825 A.
1544 2802 1596 2831 14.
1623 2787 1682 2821 κᾶν

97 2835 219 2870 δοῦλος
236 2834 295 2870 κᾶν
311 2836 490 2880 ἐλεύθερος
507 2849 577 2870 om.
597 2837 640 2870 A.
836 2835 888 2870 16.
916 2839 961 2882 τῷ
981 2849 1050 2870 om.
1069 2837 1113 2870 A.
1309 2848 1360 2882 19.
1391 2837 1463 2871 Ine.
1482 2836 1682 2880 Ἐμφρόνως

97 2881 207 2916 τοίνυν
228 2887 264 2923 -1-
286 2882 329 2917 A.
483 2894 536 2917 21.
565 2882 728 2926 εὐτέχνως
746 2883 789 2916 A.
952 2894 1006 2925 24.
1035 2885 1157 2929 σαφῶς
1176 2883 1219 2917 Α.
1390 2894 1442 2927 25.
1471 2883 1530 2925 τὴν
1548 2893 1618 2915 om.
1637 2882 1680 2915 A.

100 2928 154 2962 26.
181 2943 215 2962 τε
233 2940 302 2963 om.
324 2930 365 2964 A.
543 2930 598 2963 28.
625 2929 783 2964 ἀπῶσθαι
802 2930 845 2963 A.
