1986 3282
120 140 203 181 xix.
229 155 290 197 13,
318 156 380 195 14.
488 144 558 184 IN
600 144 643 186 S.
678 144 1018 186 JOANNEM‚
1082 144 1207 184 LIB.
1241 143 1344 184 XII.
1656 142 1706 182 75

120 254 147 278 ‘⁶
172 250 505 319 προσαγάγετε
530 251 632 317 ὧδε,
659 255 746 305 υἱοὶ
779 253 958 317 ἄνομοι,
985 253 1179 319 σπέρμα
1205 257 1385 320 μοιχῶν
1411 253 1486 302 καὶ
1512 250 1707 316 πόρνης,

120 336 147 361 “
171 332 220 382 ἐν
244 332 334 384 τίνι
362 335 711 404 ἐνετρυφήσατε
731 358 743 398 ;
786 340 862 387 καὶ
888 337 963 387 ἐπὶ
989 336 1092 386 τίνα
1119 333 1389 403 ἐχαλάσατε
1424 333 1509 398 τὴν
1535 337 1707 399 γλῶσ-

120 418 148 442 “
172 435 269 464 σαν
308 416 452 480 ὑμῶν,
491 418 566 468 καὶ
604 419 678 469 ἐπὶ
718 418 808 469 τίνι
849 418 1066 487 ἠνοίξατε
1106 417 1161 469 τὸ
1205 416 1366 481 στόμα
1408 418 1567 480 ὑμῶν;
1624 415 1757 481 οὐχά

121 502 148 525 “
175 496 301 560 ὑμεῖς
327 500 435 550 ἐστε
460 499 598 550 τε’κνα
624 501 875 563 ἀπωλείας,
902 498 1097 565 σπέρμα
1121 499 1298 564 ἄνομον
1321 500 1364 561 ;”
1405 499 1459 550 οὐ
1485 497 1578 564 γὰρ
1603 495 1710 547 καθ’

79 577 222 632 5ἑνὸς
259 584 355 631 τῶν
383 580 624 650 τυχόντων
659 584 902 634 ἐποιοῦντο
940 581 1026 646 τὴν
1061 581 1316 646 καταβοὴν,
1354 583 1427 632 καὶ
1466 579 1552 645 τὴν
1587 578 1709 630 ἀπύ-

122 668 280 713 λωτον
315 663 632 719 ἀπλώσαντες
671 670 927 731 γλῶσσαν,
958 669 1054 716 πᾶν
1085 663 1204 719 εἶδος
1240 665 1406 717 ἁπλῶς
1443 661 1716 726 ἐπετήδευον

122 747 458 813 συκοφαντίας,
486 746 619 798 ἀλλὰ
657 749 757 799 κατ’
786 748 930 798 αὐτοῦ
965 753 1048 798 τοῦ
1087 748 1204 798 ἰδίου
1231 745 1486 797 Δεσπότου
1522 746 1598 795 καὶ
1633 748 1718 794 τοῦ

122 825 315 879 πάντων
340 834 624 895 κρατοῦντος
649 829 768 894 μετὰ
793 835 878 881 τοῦ
907 827 1111 896 Πατρός.
1163 828 1403 895 τοιγάρτοι
1430 827 1614 880 δικαίως
1641 827 1718 876 καὶ

123 908 262 960 τέκνα
299 911 540 966 ἀπωλείας
578 914 653 963 καὶ
692 912 871 977 ἄνομον
909 912 1103 979 σπέρμα
1141 909 1519 979 κεχρηματίκασί
1553 931 1602 960 τε
1641 909 1718 958 καὶ

57 1013 106 1039 10
123 989 384 1058 γεγόνασιν
414 994 624 1058 ἀληθῶς.

118 1164 174 1206 ‘O
223 1162 296 1206 οὖν
339 1165 525 1208 Πιλάτος
574 1167 760 1209 ἀκούσας
808 1168 882 1209 τὸν
931 1168 1057 1215 λόΓον
1107 1170 1259 1209 τοῦτον
1310 1166 1464 1214 dmm-ev
1507 1164 1594 1208 ἔξω
1642 1164 1715 1207 τὸν
1741 1179 1785 1214 13

189 1248 370 1300 ἸΗσοῦν,
402 1250 471 1290 καὶ
507 1250 705 1293 ἐκάθισεν
737 1251 809 1292 ἐπὶ
848 1253 1036 1301 βήματος
1075 1248 1135 1292 εἰς
1172 1250 1307 1293 τόπον
1344 1250 1574 1298 λεΓόμε-ῑνον
1600 1248 1719 1290 Λιθό-

195 1332 643 1390 στρωτον,“Εβραί“στὶ
679 1333 725 1375 δὲ
759 1333 970 1384 Γαββαθά·
1010 1331 1060 1375 εἶν
1088 1333 1134 1375 δὲ
1168 1332 1419 1390 Παρασκευὴ
1454 1336 1528 1374 τοῦ
1564 1331 1717 1385 Πάσχα,
1742 1348 1786 1382 14

195 1415 289 1470 ὥρα
329 1413 378 1456 i’iv
416 1416 520 1457 ὡσεὶ
557 1418 673 1468 ἕκτΗ,
705 1416 773 1457 καὶ
811 1417 924 1464 ΛὲΓει
960 1414 1050 1458 τοῖς
1082 1415 1308 1458 Ἰουδαίοις
1339 1415 1424 1457 Ἴδε
1461 1416 1483 1458 ὁ
1523 1412 1759 1465 βασιλεὺςς

62 1508 109 1547 15
198 1497 331 1546 ὑμῶν.

194 1603 357 1656 ᾶΟλον
384 1605 549 1673 ὥσπερ
577 1606 829 1676 ἐπιγράφει
855 1612 956 1661 ταῖς
981 1609 1220 1659 Ἰουδαίων
1245 1607 1461 1671 μάλιστα
1493 1609 1723 1673 κεφαλαῖς

129 1690 213 1751 τῆς
258 1689 333 1739 ἐπὶ
374 1692 576 1758 Χριστῷ
626 1691 898 1758 μιαιφονίας
943 1690 997 1741 τὸ
1043 1691 1261 1757 ε”γκλημα
1304 1695 1452 1741 ταῦτα
1496 1688 1652 1753 λέγων
1697 1687 1722 1736 ὁ

133 1769 513 1835 Εὐαγγελιστής.
580 1774 852 1835 νενικῆσθαι
891 1772 985 1838 γὰρ
1024 1774 1274 1840 μονονουχὶ
1314 1774 1389 1823 καὶ
1430 1772 1517 1839 οὐχ
1557 1770 1723 1820 ἑκόντα

134 1851 351 1902 Πιλάτον
376 1857 476 1906 ταῖς
510 1854 620 1918 παρ’
649 1854 802 1903 αὐτῶν
828 1853 1117 1905 ἐνστάσεσιν
1144 1853 1419 1922 ἀναφανδὸν
1449 1853 1538 1918 ἤδη
1574 1853 1719 1920 φησὶ,

63 1957 112 1982 20
132 1935 208 1986 καὶ
257 1933 341 1985 τὸν
392 1933 476 1998 μὲν
524 1940 608 1986 τοῦ
661 1937 840 1986 δικαίου
889 1936 1214 2002 παρώσασθαι
1268 1934 1430 2002 λόγον,
1481 1935 1624 2000 ὀλίγα
1675 1932 1725 1984 δὲ

131 2017 326 2085 σφόδρα
352 2020 436 2080 τῆς
468 2017 749 2072 ἀκολουθίας
783 2020 1055 2087 φροντίσαι·
1112 2018 1189 2069 διά
1224 2041 1272 2069 τε
1307 2023 1446 2068 τοῦτο
1481 2015 1722 2068 κατεσπά-

131 2103 247 2149 σθαι
285 2098 404 2164 πρὸς
443 2099 497 2150 τὸ
536 2104 633 2154 τοῖς
672 2105 860 2168 φονῶσι
900 2104 1079 2163 δοκοῦν,
1109 2102 1258 2151 καίτοι
1295 2097 1532 2153 πολλάκις
1571 2099 1726 2151 αὐτοῖς

131 2180 556 2246 προσλαλήσαντα
604 2184 680 2232 καὶ
726 2181 978 2249 διαρῥήδην
1021 2181 1482 2250 προσπεφωνηκότα,
1527 2180 1724 2246 μηδενὸς
1743 2195 1951 2230 a1054A.

132 2261 187 2313 τὸ
213 2261 441 2328 παράπαν
466 2264 678 2314 ὑπαίτιον
706 2265 941 2329 ηὑρῆσθαι
973 2263 1057 2315 τὸν
1082 2266 1288 2328 Ἰησοῦν,
1317 2262 1341 2314 ὃ
1378 2261 1435 2327 δὴ
1473 2265 1548 2314 καὶ
1584 2261 1726 2313 αὐτὸν

65 2364 113 2403 25
133 2348 234 2398 ταῖς
266 2344 491 2412 ἐσχάταις
527 2344 757 2409 ὑποθήσει
792 2347 953 2399 δίκαις.
1011 2345 1209 2397 κατόπιν
1235 2344 1328 2412 γὰρ
1363 2351 1446 2396 τοῦ
1481 2343 1729 2398 δοκοῦντός

133 2448 233 2476 τισι
266 2425 351 2490 τὴν
383 2432 466 2477 τοῦ
505 2426 684 2478 δικαίου
719 2427 916 2495 πέμψας
951 2427 1105 2492 τιμὴν,
1137 2430 1211 2478 καὶ
1248 2427 1330 2478 τὸν
1357 2429 1425 2478 ἐπ’
1454 2428 1602 2478 οὐδενὶ
1635 2432 1730 2478 τῶν

135 2507 325 2559 ἀτόπων
375 2508 695 2574 ἐληλεγμένου
741 2515 842 2563 ταῖς
893 2511 1134 2561 Ἰουδαίων
1178 2510 1364 2574 μανίαις
1416 2509 1726 2576 δωρούμενος,

135 2591 432 2656 αὐτομάρτυς
490 2593 573 2654 τῆς
630 2592 796 2642 ἑαυτοῦ
855 2593 1142 2652 δυσσεβείας
1200 2591 1443 2643 ἁλώσεται
1504 2592 1725 2658 γεγονώς.

136 2670 289 2722 ἄνεισι
315 2673 472 2723 τοίνυν
500 2673 571 2723 ἐπὶ
608 2678 691 2723 τοῦ
727 2673 963 2737 συνήθους
989 2675 1212 2742 βήματος,
1241 2676 1302 2727 ὡς
1333 2672 1391 2724 ἂν
1417 2674 1505 2738 ἤδη
1532 2674 1730 2743 φονικὴν

68 2774 118 2810 30
138 2752 340 2822 ἐξοίσων
369 2752 490 2804 κατὰ
513 2757 732 2820 Χριστοῦ
757 2753 843 2819 τὴν
870 2757 1057 2824 ψῆφον.
1112 2755 1468 2819 ἐπισημαίνεται
1493 2755 1541 2807 δὲ
1568 2754 1654 2819 τήν
1680 2777 1730 2805 τε

168 2906 218 2958 IS.
245 2906 540 2987 xizgdassumptum
558 2918 600 2940 ex
618 2905 661 2940 E.
974 2918 1030 2953 27.
1059 2908 1288 2954 ἐληλεγμένου
1306 2908 1390 2942 E.F.
1412 2907 1478 2942 Ed.
1498 2919 1569 2952 mg.
1588 2906 1730 2951 ἐληλεγ-

137 2966 246 2996 μενων
323 2979 330 2988 .

898 3022 967 3049 L2
