2012 3272
376 132 617 174 CONTRA
649 131 984 174 DIODORUM
1016 132 1181 175 TARS.
1214 133 1397 174 EPISC.
1596 136 1678 174 495

89 241 265 290 ‚imm
310 231 450 291 :uk-au
500 241 708 291 zaim<
771 240 838 290 ‘H
885 239 980 307 γὰρ
1028 242 1079 292 ἐκ
1123 243 1206 305 τῆς
1259 242 1396 307 ἁγίας
1446 241 1683 308 παρθένου

89 321 324 386 γέννησις,
364 321 451 389 οὐχ
492 320 598 375 ὁδὸς
636 325 699 376 εἰς
738 321 942 391 ὕπαρξιν
980 322 1142 389 εὑρέθη
1177 327 1244 392 τῷ
1282 321 1428 394 Λόγῳ
1467 324 1579 374 ἀλλ’
1621 327 1683 377 εὶς

90 403 363 472 φανέρωσιν
397 403 484 468 τὴν
518 402 637 467 μετὰ
674 402 869 471 σαρκός·
931 405 1007 454 καὶ
1041 404 1216 469 ἥκιστα
1254 406 1340 469 μέν
1376 406 1480 456 ἐστι
1515 404 1684 470 θνητὸς

89 487 140 537 ἐκ
177 490 375 550 θνητῶν,
414 485 505 553 ζωὴ
545 486 593 537 δὲ
630 490 823 549 μᾶλλον
858 488 920 539 ὡς
961 488 1009 537 ἐκ
1049 486 1166 553 ζωῆς
1201 492 1284 538 τοῦ
1313 485 1519 553 Πατρός.
1569 487 1680 537 ἀλλ’

47 583 69 622 5
90 568 206 619 ἴδιον
230 568 395 634 γε’γονε
427 570 509 632 τῆς
535 567 653 634 ζωῆς
690 567 744 618 τὸ
784 566 955 633 θνητὸν
982 570 1032 619 ἐκ
1071 573 1254 633 θνητῶν
1282 570 1357 619 καὶ
1396 573 1463 638 τῷ
1496 568 1683 638 θανάτῳ

89 649 292 717 κάτοχον
334 655 492 713 σῶμα,
531 650 605 701 ἵνα
645 651 699 700 δι’
741 650 885 701 αὐτοῦ
923 655 990 720 τῷ
1029 650 1218 720 θανάτῳ
1261 651 1564 718 προσβαλὼν
1606 654 1683 703 καὶ

89 731 397 798 ἐγηγερμένος
448 733 498 783 ἐκ
539 736 713 798 νεκρῶν
757 732 1087 801 ἀναμορφώσῃ
1124 733 1243 799 πρὸς
1286 735 1563 803 ἀφθαρσίαν
1607 735 1682 784 καὶ

91 813 295 866 θανάτου
326 818 534 880 κρεῖττον
559 812 785 882 ἀποφήνῃ
819 814 874 865 τὸ
912 818 979 884 τῷ
1019 814 1208 885 θανοίτῳ
1248 816 1602 881 κεκρατημένον,
1629 815 1684 867 τό

90 918 146 961 γε
183 895 298 960 ἧκον
336 900 397 950 εἷς
433 896 553 947 ἰδίαν
591 895 754 964 φύσιν·
807 895 1011 962 ἠτόνησε
1046 895 1142 963 γὰρ
1176 896 1402 961 ἐμβαλὼν
1429 898 1453 948 ὁ
1482 896 1684 952 θάνατος

25 996 73 1023 10
92 981 157 1047 τῷ
181 977 370 1043 σώματι
396 981 478 1042 τῆς
504 978 635 1045 ζωῆς.

852 1112 902 1179 ζῙ

159 1237 276 1289 ’Ότι
324 1237 418 1304 γὰρ
465 1245 492 1268 “
511 1241 689 1305 τροπῆς
737 1239 1056 1302 ἀποσκίασμα
1071 1238 1096 1254 ”
1141 1242 1310 1289 παθεῖν
1360 1239 1385 1289 ὁ
1436 1243 1520 1289 τοῦ
1558 1242 1684 1290 Θεοῦ
1702 1251 1907 1291 S-Jac-i·17·

96 1319 254 1386 Λόγος
280 1321 363 1371 οὐκ
389 1319 614 1388 ἀνέχεται,
641 1321 753 1370 ἀλλ’
776 1321 875 1371 οὐδ’
905 1318 963 1371 ἂν
989 1320 1017 1383 ἡ
1044 1319 1179 1389 σὰρξ
1202 1321 1381 1388 ἀφεῖσα
1407 1322 1538 1372 τοῦθ’
1569 1321 1684 1388 ὅπερ

96 1402 241 1465 ἐστὶν,
275 1406 336 1455 εἷς
368 1401 454 1466 τὴν
487 1407 569 1452 τοῦ
607 1402 856 1455 ἑνωθέντος
894 1403 1012 1470 αὐτῇ
1040 1402 1202 1468 Λόγου
1241 1402 1493 1472 μεταβάλῃ
1534 1403 1684 1472 φύσιν

29 1505 75 1541 15
98 1484 400 1535 ἁπαστισοῦν
426 1481 551 1547 οἶμαι
576 1488 671 1534 τῶν
698 1484 747 1534 εὖ
774 1483 1078 1551 φρονούντων
1105 1486 1208 1551 ἐρεῖ.

859 1651 899 1716 η]

170 1774 333 1845 Βραχὺ
359 1775 452 1843 γὰρ
479 1775 809 1842 ἀπενεγκόντες
834 1779 870 1827 εἷ
899 1779 1027 1828 δοκεῖ
1045 1782 1129 1828 τοῦ
1156 1778 1422 1844 προσώπου
1449 1785 1532 1831 τοῦ
1557 1779 1680 1831 ποίν-

95 1882 189 1910 των
223 1860 355 1923 ἡμῶν
382 1861 601 1925 Σωτῆρος
628 1862 846 1925 Χριστοῦ
880 1858 967 1923 τὴν
997 1858 1230 1923 βάσανον,
1257 1859 1371 1911 ὅταν
1402 1860 1548 1926 αὐτὴν
1575 1864 1682 1914 καθ’

95 1940 261 2005 ἑαυτὴν
294 1940 366 1992 ὅτι
403 1941 524 1992 ποτέ
554 1942 658 1992 ἐστι
690 1940 1252 2007 πολυπραγμονήσωμεν,
1279 1940 1329 1993 ἓν
1362 1948 1458 1994 τῶν
1497 1946 1683 2006 ὠνομα-

29 2047 79 2073 20
97 2021 282 2085 σμένων
305 2021 388 2087 τὴν
415 2022 564 2091 φύσιν
589 2022 745 2089 ἕτερον
771 2020 829 2073 ἂν
850 2021 918 2086 ε’ίη
933 2027 1181 2077 παντελῶς
1201 2026 1277 2075 καὶ
1297 2023 1467 2089 ἕτερον,
1490 2023 1684 2089 δουλικὴ

95 2105 259 2173 μορφὴ
285 2107 360 2155 καὶ
391 2103 663 2169 δεσποτικὴ,
689 2105 836 2170 ἤγουν
861 2105 1133 2172 ἀνθρωπίνη
1160 2108 1236 2157 καὶ
1270 2106 1412 2171 θεϊκὴ,
1438 2107 1583 2171 ἀμνὸς
1610 2109 1685 2158 καὶ

98 2185 347 2254 ἀρχιερεὺς,
373 2186 569 2251 ποιήτης
595 2188 669 2237 καὶ
696 2185 893 2251 ποίημα.

860 2346 917 2400 θ’.

171 2471 314 2521 Ἀλλ’
342 2470 459 2524 ἰ’σως
497 2471 640 2522 ἐκεῖνο
679 2471 793 2537 ε’ρεῖς
823 2472 1013 2522 Οὐκοῦν
1044 2472 1098 2523 οὐ
1132 2469 1400 2541 κατῴκηκεν
1439 2479 1466 2502 “
1486 2473 1534 2523 ἐν
1559 2473 1683 2543 αὐτῷ
1702 2489 1772 2521 001.
1790 2489 1823 2521 ii.
1840 2497 1872 2531 9.

32 2572 81 2612 25
100 2559 127 2583 “
151 2557 246 2605 πᾶν
279 2551 333 2604 τὸ
362 2550 602 2619 πλήρωμα
639 2555 722 2616 τῆς
755 2551 973 2618 θεότητος
1011 2554 1353 2618 σωματικῶς;”
1394 2554 1568 2619 ἀληθὲς
1606 2557 1684 2607 καὶ

99 2702 232 2746 reliqua
261 2700 448 2735 exhibent:
485 2699 564 2735 vide
582 2705 615 2734 et
638 2700 674 2734 in
693 2699 789 2734 Maio
808 2712 843 2735 n.
858 2711 913 2741 20,
932 2700 1041 2735 codex
1065 2701 1220 2746 syriacus
1241 2702 1321 2737 add.
1339 2703 1450 2748 14629
1469 2703 1528 2737 fol.
1552 2702 1593 2737 16
1612 2715 1632 2737 v
1649 2702 1685 2736 id

99 2747 195 2794 quod
223 2747 354 2781 Graece
382 2753 475 2781 extat
492 2746 642 2780 exhibet.
800 2758 829 2781 Ι.
858 2748 892 2781 ἐκ
909 2751 969 2782 τοῦ
987 2748 1089 2781 αὐτοῦ
1106 2750 1212 2793 λόγου
1231 2748 1298 2784 b.c.
1452 2761 1486 2795 3.
1511 2749 1572 2794 μέν
1589 2748 1681 2793 ἐστι]

99 2794 212 2838 μέντοι
229 2806 259 2828 c.
512 2793 545 2826 6.
571 2795 617 2839 τῷ
635 2793 765 2840 θανάτῳ
783 2794 976 2829 emendavi.
994 2797 1054 2828 τοῦ
1072 2794 1266 2839 θανάτου(ῖ’)
1284 2796 1351 2830 b.c.
1586 2807 1618 2838 9.
1645 2796 1685 2828 τό

100 2855 140 2885 γε
165 2839 358 2874 emendavi.
377 2841 415 2874 τὸ
442 2839 477 2873 δέ
502 2839 570 2873 b.c.
662 2838 806 2885 ἦτόνησε
831 2840 1015 2875 emendavi
1042 2841 1180 2875 favente
1208 2847 1242 2875 et
1271 2854 1341 2887 syr.
1372 2840 1530 2885 ἠτονῆσαι
1550 2842 1595 2886 (?)
1613 2841 1683 2874 b.c.

100 2886 255 2927 ἐκβαλὼν
271 2886 307 2921 b.
431 2897 482 2920 12.
508 2886 545 2919 ἐκ
561 2889 621 2920 τοῦ
638 2887 741 2920 αὐτοῦ
758 2889 866 2932 λόγου
883 2887 951 2921 b.c.
1087 2896 1141 2929 15.
1167 2888 1254 2922 ἅπας
1270 2889 1320 2924 τίς
1337 2900 1367 2922 c.
1490 2897 1543 2931 17.
1570 2887 1606 2921 ἐκ
1623 2889 1684 2921 τοῦ

101 2934 204 2968 αὐτοῦ
220 2935 327 2978 λόγου
344 2932 413 2968 b.c.
573 2943 628 2975 24.
654 2935 716 2967 τοῦ
733 2934 836 2969 αὐτοῦ
853 2934 888 2968 ἐκ
904 2936 964 2968 τοῦ
981 2934 1084 2968 αὐτοῦ
1101 2935 1209 2979 λόγου
1227 2934 1293 2969 b.c.
1366 2933 1558 2980 κατῴκησεν
1575 2945 1605 2968 c.
