2012 3272
92 165 160 192 xx.
181 164 247 202 22,
265 164 329 206 23.
393 150 467 191 IN
502 150 544 191 S.
569 147 908 190 JOANNEM.
973 146 1096 187 LIB.
1121 145 1228 187 XII.
1289 144 1424 185 CAP.
1449 144 1484 184 I.
1596 143 1675 182 135

92 260 246 315 καθὼς
288 258 409 311 οἶδεν
447 258 585 313 αὐτὸς
627 260 702 310 καὶ
746 259 804 326 τῇ
850 262 933 308 τοῦ
978 257 1094 307 ἰδίου
1135 254 1411 318 Πνεύματος
1450 251 1681 318 μετουσίᾳ

90 342 470 412 καταφαιδρύνας
511 339 668 392 αὐτόν·
727 347 753 369 “
774 338 1041 407 ἐνεφύσησε
1082 337 1175 404 γὰρ
1217 341 1279 390 εἰς
1318 334 1371 387 τὸ
1415 332 1680 399 πρόσωπον
1743 344 1905 385 Gen.ii.7.

91 432 117 454 “
144 426 286 475 αὐτοῦ
321 425 472 488 πνοὴν
509 424 665 491 ζωῆς,”
706 421 829 472 καθὰ
873 421 1152 487 γέγραπται.
1211 417 1368 482 ἐπειδὴ
1407 416 1455 467 δὲ
1497 415 1679 479 σύνεβη

90 511 253 558 πεσεῖν
279 508 328 557 ἐκ
353 509 596 574 παρακοῆς
620 508 683 559 εἰς
709 502 792 555 τὸν
819 504 1037 565 θάνατον,
1065 504 1141 553 καὶ
1171 504 1254 566 τῆς
1284 500 1481 568 ἀρχαίας
1507 498 1680 561 ἐκείνης
1700 502 1727 544 d

48 601 70 639 5
91 592 400 653 διολισθῆσαι
438 591 574 653 τιμῆς
612 586 695 638 τὸν
729 585 992 652 ἄνθρωπον,
1017 586 1261 636 ἀνέκτισεν
1294 582 1442 635 πάλιν
1476 579 1618 631 αὐτὸν
1654 581 1679 630 ὁ

92 670 213 724 Θεὸς
238 673 314 722 καὶ
341 670 510 737 Πατὴρ
544 671 618 721 καὶ
653 673 714 722 εἰς
743 667 995 732 καινότητα
1019 666 1136 733 ζωῆς
1173 666 1421 730 ἀνεκόμισε
1454 664 1508 714 δι’
1538 666 1675 724 Υἱοῦ,

91 753 303 820 καθάπερ
330 755 377 803 ἐν
401 755 541 820 ἀρχῇ·
585 749 834 815 ἀνεκόμισε
862 749 912 800 δὲ
937 754 1038 804 πῶς
1065 751 1090 800 ὁ
1117 748 1261 809 Υἱός;
1291 751 1356 816 τῷ
1384 744 1570 815 θανάτῳ
1597 747 1680 808 τῆς

91 837 229 902 ἁγίας
279 834 456 902 σαρκὸς
507 834 748 900 νεκρώσας
790 832 873 884 τὸν
918 831 1135 895 θάνατον,
1175 833 1251 882 καὶ
1302 834 1364 883 εἰς
1412 826 1680 893 ἀναδρομὴν

91 919 364 987 ἀφθαρσίας
399 915 454 968 τὸ
488 915 784 983 ἀνθρώπινον
809 915 942 980 γένος
977 913 1252 980 ἀνενεγκών·
1307 911 1554 978 ἐγήγερται
1585 909 1680 975 γὰρ

24 1017 71 1042 10
92 1000 207 1067 ὑπὲρ
245 1001 377 1065 ἡμῶν
409 1001 433 1051 ὁ
463 998 694 1066 Χριστός.
750 998 826 1049 ἵνα
860 998 1015 1049 τοίνυν
1042 995 1184 1048 αὐτὸν
1211 997 1383 1047 ἐκεῖνον
1407 993 1521 1045 ὅντα
1554 1015 1675 1056 μαν-

91 1082 306 1147 θάνωμεν
356 1082 437 1133 τὸν
488 1081 546 1150 ἐξ
592 1083 739 1148 ἀρχῆς
789 1083 872 1144 τῆς
931 1080 1155 1146 ἡμετέρας
1207 1077 1399 1148 φύσεως
1450 1074 1682 1142 γεγονότα

90 1164 388 1233 δημιουργὸν,
417 1166 493 1215 καὶ
519 1166 585 1233 τῷ
611 1163 762 1233 “Αγίῳ
789 1161 837 1213 δὲ
870 1163 990 1227 ἡμᾶς
1025 1159 1493 1230 κατασφραγίσαντα
1522 1157 1675 1208 Πνεύ-

89 1271 215 1312 ματι,
247 1247 396 1299 πάλιν
430 1248 539 1311 ἡμῖν
578 1247 603 1297 ὁ
644 1242 813 1312 Σωτὴρ
852 1247 912 1299 ὡς
952 1246 1000 1296 ἐν
1034 1246 1227 1312 ἀπαρχῇ
1264 1246 1348 1307 τῆς
1386 1240 1673 1307 ἀνακαινιζο-
1698 1259 1720 1286 e

90 1331 231 1396 με’νης
265 1330 457 1400 φύσεως
492 1334 589 1383 τοῖς
625 1329 775 1394 ἁγίοις
810 1331 1041 1393 μαθηταῖς
1076 1328 1130 1377 δι’
1159 1324 1502 1395 ἐμφυσήματος
1540 1325 1676 1388 ἐναρ-

25 1428 70 1467 15
91 1419 205 1480 γοῦς
232 1412 284 1464 τὸ
313 1416 509 1476 Πνεῦμα
536 1410 785 1479 χαρίζεται.
839 1409 1014 1479 γροίφει
1040 1408 1133 1476 γὰρ
1160 1410 1185 1459 ὁ
1215 1410 1432 1472 Μωυσῆς
1458 1408 1563 1472 περὶ
1597 1408 1680 1470 τῆς

90 1496 288 1563 ἀρχαίας
314 1495 446 1559 ἡμῶν
473 1493 791 1560 δημιουργίας,
820 1491 890 1543 ὅτι
916 1491 1212 1561 ἐνεφύσησεν
1238 1494 1299 1544 εἰς
1330 1488 1384 1541 τὸ
1417 1487 1680 1556 πρόσωπον
1741 1508 1795 1541 lb.

92 1580 235 1629 αὑτοῦ
261 1576 410 1642 πνοὴν
436 1575 567 1642 ζωῆς.
624 1578 685 1629 ὡς
721 1576 802 1625 οῦν
828 1574 885 1643 ἐξ
915 1576 1064 1642 ἀρχῆς
1098 1573 1321 1637 ἐπλάσθη
1357 1573 1434 1623 καὶ
1467 1571 1676 1637 γέγονεν,

91 1662 213 1712 οὕτω
264 1661 339 1711 καὶ
386 1657 734 1725 ἀνακαινίζεται,
778 1659 854 1708 καὶ
903 1655 1065 1722 ὥσπερ
1116 1655 1371 1725 ἐμορφώθη
1423 1652 1529 1705 τότε
1578 1653 1679 1704 κατ’

90 1741 245 1794 εἰκόνα
294 1747 377 1793 τοῦ
427 1742 693 1801 κτίσαντος,
736 1741 856 1791 οὕτω
907 1741 983 1790 καὶ
1036 1745 1118 1790 νῦν
1160 1743 1218 1807 τῇ
1269 1742 1353 1789 τοῦ
1404 1736 1682 1801 Πνεύματος

21 1841 71 1867 20
90 1825 318 1894 μετουσίᾳ
352 1822 470 1890 πρὸς
509 1822 757 1892 ἐμφέρειαν
783 1820 1163 1886 μεταπλάττεται
1196 1825 1280 1872 τοῦ
1314 1819 1431 1871 ἰδίου
1465 1824 1678 1883 ποιητοῦ.

92 1907 163 1959 ὅτι
206 1906 301 1973 γὰρ
344 1911 427 1957 τοῦ
471 1907 692 1971 Σωτῆρος
730 1903 816 1968 τὴν
851 1901 1106 1972 μόρφωσιν
1145 1903 1352 1964 ἐνθλίβει
1390 1901 1445 1953 τὸ
1485 1905 1684 1963 Πνεῦμα
1718 1912 1726 1917 '

90 1995 192 2043 ταῖς
236 1993 330 2040 τῶν
372 1987 633 2055 δεχομένων
675 1985 789 2037 αὐτὸ
834 1989 1028 2055 ψυχαῖς,
1069 1990 1170 2039 πῶς
1215 1985 1299 2036 οὐκ
1344 1983 1682 2053 ἀναμφίλογον
1699 1997 1906 2033 a1098A.

90 2076 187 2126 τοῖς
235 2075 298 2125 εἰς
347 2068 540 2134 νομικὴν
590 2067 867 2134 ἐπιτήρησιν
919 2067 1294 2132 διωλισθηκόσιν
1345 2067 1395 2118 ἐκ
1451 2067 1682 2136 ῥᾳθυμίας

92 2153 461 2206 ἐπιστέλλοντος
488 2157 571 2202 τοῦ
599 2149 800 2202 Παύλου
833 2154 1007 2217 σαφῶς
1032 2157 1059 2179 “
1080 2149 1253 2201 Τεκνία
1290 2172 1394 2213 μου,
1422 2148 1500 2202 οὒς
1533 2147 1681 2200 πάλιν
1743 2153 1818 2228 ξᾶῙ·
1834 2154 1879 2186 iv.

23 2243 121 2289 25“
147 2236 311 2298 ὠδίνω,
338 2234 472 2302 ἄχρις
511 2233 564 2284 οὗ
602 2235 837 2300 μορφωθῇ
870 2230 1085 2299 Χριστὸς
1125 2232 1173 2282 ἐν
1200 2232 1350 2295 ὑμῖν.”
1392 2232 1479 2298 οὐχ
1517 2230 1682 2297 ἑτέρως
1765 2206 1798 2239 9·

95 2316 186 2384 γὰρ
225 2319 273 2368 ἐν
311 2317 466 2370 αὐτοῖς
511 2313 925 2382 μορφωθήσεσθαι
969 2314 1098 2380 λέγει
1136 2312 1368 2379 Χριστὸν,
1411 2310 1438 2377 ἢ
1482 2311 1557 2363 διὰ
1599 2317 1682 2364 τοῦ

93 2405 349 2468 μετασχεῖν
386 2399 553 2465 ζΑγίου
594 2397 885 2461 Πνεύματος,
922 2395 1262 2448 πολιτεύεσθαί
1295 2418 1345 2447 τε
1380 2394 1500 2446 κατὰ
1539 2393 1683 2459 νόμον

93 2481 177 2534 τὸν
215 2479 538 2548 εὐαγγελικόν.
596 2480 776 2542 οὐκοῦν,
813 2481 874 2533 ὡς
913 2481 960 2529 ἐν
995 2480 1188 2546 ἀπαρχῇ
1225 2481 1308 2541 τῆς
1347 2477 1684 2541 ἀνανεουμένης

96 2565 292 2617 κτίσεως
343 2567 406 2616 εἰς
449 2563 728 2631 ἀφθαρσίαν
772 2584 821 2612 τε
869 2562 945 2612 καὶ
989 2559 1136 2629 δόξαν
1177 2561 1253 2611 καὶ
1296 2563 1358 2613 εἰς
1402 2558 1555 2610 εἰκόνα
1597 2558 1683 2623 τὴν

28 2666 77 2702 30
97 2648 274 2710 θεοειδῆ
317 2644 558 2711 κατοικίζει
595 2644 745 2696 πάλιν
783 2642 837 2694 τὸ
877 2643 993 2694 ’ίδιον
1030 2647 1214 2706 πνεῦμα
1250 2640 1464 2707 Χριστὸς
1501 2643 1550 2692 ἐν
1587 2645 1728 2695 τοῖςὶ)

147 2819 212 2854 1—6
237 2826 270 2854 et
297 2828 408 2865 13-15
434 2820 516 2854 citat
542 2818 675 2854 catena
698 2818 734 2852 in
761 2818 828 2863 Ep.
849 2817 892 2852 ad
921 2818 1098 2851 Romanos
1123 2816 1159 2850 in
1187 2816 1279 2850 Bibl.
1298 2815 1473 2860 Imperiali
1490 2813 1684 2849 Viennensi

98 2878 255 2901 conserv.
277 2867 414 2911 (Theol.
435 2866 540 2901 Ness.
556 2865 633 2899 166.
653 2864 777 2899 Lamb.
794 2864 867 2909 46.)
884 2864 1006 2898 bomb.
1025 2864 1085 2897 fol.
1103 2862 1156 2897 16.
1316 2874 1349 2905 4.
1374 2862 1586 2905 παραπεσεῖν
1605 2859 1682 2894 Cat.

98 2913 156 2947 τὸν
173 2924 243 2947 om.
263 2912 340 2947 Cat.
501 2922 534 2958 5.
560 2913 656 2956 τιμῆς
673 2911 861 2955 ὀλισθῆσαι
879 2911 956 2945 Cat.
1123 2910 1157 2943 6.
1182 2907 1379 2953 ἀνεκόμισε]
1400 2908 1586 2949 ἀνεβίβασε
1606 2906 1683 2941 Cat.

104 2970 156 3001 14.
182 2959 336 3004 ἐνεργοῦς
356 2959 432 2993 Cat.
579 2970 634 3003 29.
661 2959 714 2992 καὶ
731 2958 790 2993 alt.
810 2962 1032 3002 assumptum
1052 2968 1092 2991 ex
1112 2956 1192 3000 E.p.
