2027 3257
95 251 108 291 [
128 258 166 290 74
184 249 234 281 M·
253 248 267 290 ]

80 305 174 335 Rom.
185 315 215 335 v.
234 312 283 345 19.

147 469 212 489 Vssl'.
232 467 247 490 2
254 469 269 490 2
276 483 281 490 .

83 871 132 901 lb.
149 871 191 901 iv.
212 878 260 909 25.

86 1367 154 1397 Col.
171 1366 191 1396 i.
208 1374 220 1395 1
228 1365 257 1397 8.

156 1612 208 1646 75
231 1608 292 1643 M.

92 1669 104 1690 1
120 1661 232 1690 Thess.
247 1659 290 1689 iv.

93 1704 141 1734 16.

159 1757 226 1777 ver.
246 1754 296 1785 23·

99 2507 196 2537 Rom.
211 2505 278 2537 viii.

103 2558 151 2589 15.

299 173 384 214 304
457 171 506 213 Β.
532 169 780 212 CYRILLI
811 165 1161 208 ALEXANDR.
1195 160 1566 204 FRAGMENTA
1629 172 1696 198 xv.
1718 168 1770 199 20
1791 169 1877 209 sqq.

302 282 378 331 καὶ
412 277 702 345 μαρτυρήσει
736 276 889 343 λέγων
917 274 1055 328 αὐτὸς
1082 275 1106 324 ὁ
1134 272 1388 324 θεσπέσιος
1416 273 1611 320 Παῦλος
1649 263 1880 328 ““Ώσπερ

303 369 330 393 “
356 361 449 428 γὰρ
476 360 550 412 διὰ
574 363 657 424 τῆς
690 360 929 424 παρακοῆς
955 361 1037 407 τοῦ
1065 354 1164 407 ἑνὸς
1190 352 1438 419 ἀνθρώπου
1465 349 1737 415 ἁμαρτωλοὶ
1763 367 1873 396 κατ-

302 451 331 473 “
356 441 632 507 εστάθησαν
659 444 701 491 οὶ
735 439 957 491 πολλοί.”
1006 438 1173 487 οὐκοῦν
1197 435 1343 502 ὥσπερ
1380 434 1417 483 ἐν
1443 437 1503 500 τῷ
1526 428 1681 496 Ἀὃέιμ
1719 425 1882 480 πάντες

303 523 633 585 ἀποθνήσκουσι,
657 519 1109 581 καταδεδικασμένης
1136 519 1198 570 ὡς
1223 516 1342 584 ε”φην
1369 515 1417 564 ἐν
1436 514 1561 580 αὐτῷ
1584 513 1667 574 τῆς
1694 508 1883 576 φύσεως

303 607 379 658 διὰ
404 606 489 670 τὴν
514 603 804 670 παράβασιν,
829 601 958 655 οὕτως
986 602 1022 652 ἐν
1049 605 1109 669 τῷ
1132 603 1300 667 Χριστῷ
1326 592 1718 667 ζωοποιηθήσονται,
1738 588 1884 641 πάλιν
1904 605 1926 642 5

303 686 644 753 εὐλογουμένης
689 687 736 735 ἐν
771 684 896 751 αὐτῷ
936 684 1019 746 τῆς
1057 680 1248 749 φύσεως
1289 677 1407 729 κατὰ
1446 675 1528 727 τὸν
1566 675 1673 725 ἰ’σον
1710 671 1886 737 τρόπον

305 770 380 822 διὰ
418 769 503 834 τὴν
530 768 788 819 δικαίωσιν.
834 764 974 818 λύσις
1006 763 1086 814 οὖν
1113 761 1203 827 ἄρα
1235 765 1330 813 τῶν
1355 758 1555 824 πρώτων
1581 755 1639 807 τὰ
1679 752 1883 818 δεύτερα·

305 861 331 884 “
360 849 608 918 Παρεδόθη
643 847 737 914 γὰρ
765 846 838 898 διὰ
866 845 923 896 τὰ
948 842 1311 911 παραπτώματα
1341 841 1472 904 ἡμῶν
1499 839 1574 889 καὶ
1608 836 1784 902 ἠγέρθη
1812 832 1887 884 διὰ

305 942 334 966 “
360 933 444 998 τὴν
475 932 717 983 δικαίωσιν
749 928 925 992 ἡμῶν·”
978 924 1271 993 ἐγηγερμένῳ
1304 922 1359 986 δὴ
1399 922 1479 972 οὖν
1505 916 1889 984 συνεγηγέρμεθα

307 1018 383 1068 καὶ
407 1016 550 1079 ἡμεῖς·
604 1010 694 1078 ζωὴ
721 1016 814 1077 γοίρ
837 1011 939 1060 ἐστι
966 1007 1085 1059 κατὰ
1111 1007 1260 1075 φύσιν
1287 1006 1312 1055 ὁ
1337 1005 1386 1054 ἐκ
1412 1007 1536 1054 Θεοῦ
1564 1001 1734 1064 Λόγος·
1787 997 1888 1063 οὐχὶ

308 1097 458 1162 δήπου
501 1094 621 1162 μόνῃ
667 1097 725 1161 τῇ
769 1093 860 1160 ἰδίᾳ
901 1091 1044 1156 σαρκὶ
1082 1088 1136 1139 τὸ
1177 1090 1259 1151 τῆς
1298 1087 1440 1136 αὑτοῦ
1481 1083 1671 1151 φύσεως
1710 1077 1891 1145 ἀγαθὸν

308 1178 614 1245 δωρούμενος,
645 1176 767 1244 φημὶ
806 1172 861 1236 δὴ
902 1171 988 1236 τὴν
1027 1170 1166 1238 ζωὴν,
1198 1170 1308 1220 ἀλλ’
1338 1172 1400 1221 εἰς
1440 1166 1557 1229 ὅλην
1584 1161 1697 1214 αὐτὸ
1734 1183 1887 1227 παρα-

307 1260 503 1324 πέμπων
523 1257 609 1321 τὴν
634 1262 716 1308 τοῦ
743 1255 995 1321 ἀνθρώπου
1016 1252 1179 1321 φύσιν.
1220 1249 1466 1316 ἐγήγερται
1492 1246 1575 1311 μὲν
1600 1244 1692 1311 γὰρ
1719 1245 1892 1306 ὁμολο-

308 1340 544 1409 γουμένως
581 1342 642 1393 ὡς
677 1336 869 1404 ἀπαρχὴ
896 1333 1123 1402 Χριστὸς,
1150 1341 1176 1364 “
1194 1333 1268 1383 ἵνα
1294 1332 1484 1397 γένηται
1509 1331 1556 1380 ἐν
1580 1332 1730 1379 πᾶσιν
1755 1322 1893 1377 αὐτὸς

309 1432 337 1454 “
362 1421 656 1489 πρωτεύων,”
693 1418 812 1471 κατὰ
838 1419 891 1469 τὸ
923 1415 1260 1484 γεγραμμένον·
1302 1414 1467 1481 ἕψεται
1504 1408 1653 1476 γεμὴν
1677 1409 1724 1458 ἐν
1751 1413 1894 1473 καιρῷ

309 1507 363 1557 τὸ
403 1507 660 1564 ἀναβιῶναι
700 1500 808 1555 τοὺς
846 1499 1039 1561 ἄλλους,
1066 1497 1195 1560 πλὴν
1228 1494 1347 1547 κατὰ
1384 1493 1438 1544 τὸ
1478 1491 1595 1544 εἰκὸς
1636 1491 1688 1541 οὐ
1727 1487 1891 1555 χύδην,

312 1589 421 1638 ἀλλ’
450 1588 497 1637 ἐν
524 1584 692 1654 κόσμῳ
719 1607 766 1634 τε
796 1585 868 1633 καὶ
896 1578 1249 1647 διακεκριμένως
1285 1579 1360 1628 καὶ
1396 1575 1493 1626 οἷον
1518 1575 1566 1624 ἐν
1592 1570 1892 1633 κελεύσματι.

312 1668 430 1733 μετὰ
468 1667 561 1734 γοῖρ
599 1689 671 1717 τοι
709 1664 795 1730 τὴν
830 1661 1068 1729 ἀπαρχὴν,
1107 1659 1321 1712 τουτέστι
1347 1654 1577 1723 Χριστὸν,
1611 1652 1718 1706 τοὺς
1754 1652 1896 1701 αὐτοῦ

315 1756 466 1820 φησιν
493 1747 851 1815 ἐγερθήσεσθαι·
893 1748 1038 1808 δῆλον
1065 1742 1112 1793 δὲ
1145 1741 1216 1792 ὅτι
1249 1738 1356 1793 τοὺς
1382 1740 1430 1789 ἐν
1457 1740 1600 1805 καιρῷ
1625 1738 1706 1798 τῆς
1732 1734 1891 1795 ἐπιδη-

314 1833 436 1896 μίας,
472 1831 617 1897 ἠΙγουν
655 1827 908 1895 γεγονότας
947 1825 1062 1886 μετὰ
1102 1823 1188 1887 τὴν
1226 1820 1599 1886 ἐνανθρώπησιν,
1635 1817 1709 1866 καὶ
1750 1816 1810 1867 ὡς
1849 1814 1898 1864 ἐν

315 1915 473 1966 πίστει
513 1910 884 1975 κεκοιμημένους.
938 1907 1064 1972 ἦσαν
1102 1904 1186 1969 μὲν
1225 1902 1318 1970 γὰρ
1355 1897 1738 1966 ὁμολογουμένως
1774 1895 1899 1962 ἅγιοι

317 1995 437 2047 κατὰ
472 1992 657 2061 καιροὺς
684 1994 732 2043 ἐν
758 1995 824 2060 τῷ
849 1988 1066 2055 Ἰσραὴλ,
1091 1991 1175 2051 τῆς
1202 1987 1250 2036 ἐν
1277 1983 1403 2053 νόμῳ
1430 1983 1547 2049 ζωῆς
1573 1979 1900 2042 ἐπαινουμένης

318 2101 366 2130 τε
394 2079 469 2129 καὶ
496 2075 760 2142 κρατούσης
790 2073 871 2123 ἔτι·
924 2070 1054 2134 πλὴν
1081 2069 1293 2133 ἀμείνους
1322 2070 1364 2117 οἱ
1391 2067 1439 2116 ἐν
1464 2066 1679 2131 Χριστῷ,
1707 2060 1900 2111 δεδικαί-

319 2182 460 2211 ωνται
505 2157 597 2224 γὰρ
644 2156 719 2207 διὰ
763 2155 978 2214 πίστεως,
1025 2154 1100 2202 καὶ
1141 2153 1224 2214 τῆς
1273 2148 1397 2202 θείας
1442 2145 1633 2215 φύσεως
1676 2141 1901 2209 γεγόνασι

320 2243 541 2302 κοινωνοὶ,
595 2240 670 2289 καὶ
721 2236 774 2287 τὸ
825 2238 906 2299 τῆς
958 2234 1191 2285 υἱοθεσίας
1239 2226 1650 2291 ἐκπεπλουτήκασι
1697 2229 1897 2287 πνεῦμα·

320 2326 568 2388 κέκληνται
595 2320 643 2371 δὲ
676 2323 750 2370 καὶ
777 2322 839 2372 εἷς
866 2316 1169 2384 ἀδελφότητα
1196 2312 1314 2365 κατὰ
1339 2311 1476 2379 χάριν
1499 2314 1581 2360 τοῦ
1607 2305 1726 2358 κατὰ
1752 2305 1901 2374 φύσιν

322 2429 369 2456 τε
409 2406 483 2455 καὶ
521 2405 709 2467 ἀληθῶς
744 2404 875 2451 Υἱοῦ·
923 2400 998 2449 καὶ
1033 2396 1091 2461 ἧν
1127 2396 1211 2460 μὲν
1248 2400 1432 2456 πνεῦμα
1470 2389 1681 2442 δουλείας
1722 2390 1769 2438 ἐν
1807 2391 1902 2439 τοῖς

1102 2484 1121 2492 Α

335 2490 346 2503 f
391 2487 405 2502 x
493 2485 504 2501 s
725 2482 737 2496 Ι
956 2480 967 2497 x
1027 2481 1036 2493 f
1229 2478 1239 2493 ‚
1359 2480 1378 2489 Α
1431 2475 1440 2488 f
1596 2472 1607 2487 ι
1656 2471 1680 2486 ,,
1777 2470 1786 2483 ,
1854 2473 1874 2483 Α

325 2511 413 2539 υπο
453 2508 609 2550 νόμον,
649 2483 875 2550 κραζομεν
920 2483 967 2531 δε
1013 2502 1140 2543 ημεις
1180 2485 1206 2508 “
1232 2482 1380 2538 Αββα
1423 2497 1446 2524 ο
1485 2494 1654 2536 πατηρ.
1737 2491 1903 2520 ουκουν

376 2644 452 2680 1—7.
479 2632 753 2668 καὶ-δικαίωσιν
770 2642 840 2664 om.
861 2629 911 2663 H.
1216 2634 1247 2670 7.
1273 2623 1410 2666 δεύτερα
1428 2621 1480 2656 καὶ
1499 2621 1516 2664 ἡ
1536 2621 1570 2654 ἐν
1587 2621 1725 2665 Χριστῷ
1744 2618 1902 2663 νοουμένη

325 2683 497 2716 δικαίωσις
515 2680 567 2713 καὶ
582 2678 708 2720 ὑπακοὴ
726 2676 916 2720 ἀνατροπὴν
933 2675 1108 2719 ἐργάζεται
1124 2675 1191 2707 τῶν
1209 2672 1246 2715 ἐξ
1263 2670 1425 2714 ἁμαρτίας
1442 2671 1480 2711 τῇ
1501 2666 1607 2712 φύσει
1627 2667 1904 2709 συμβεβηκότων·

325 2727 537 2774 ἐγηγερμένῳ
572 2725 630 2759 οὖν
648 2726 785 2769 Χριστῷ
810 2737 927 2766 συνεγ.
947 2722 999 2765 (9)
1021 2720 1068 2753 H.
1306 2727 1408 2761 9-13.
1434 2712 1802 2760 ἐγηγερμένῳ-φύσιν
1820 2712 1904 2745 citat

327 2782 360 2809 et
380 2776 528 2808 Severus
550 2778 669 2806 contra
687 2770 923 2804 additamenta
940 2767 1013 2801 Jul.
1036 2763 1353 2799 Halicarnassensis
1380 2774 1454 2806 cap.
1473 2772 1529 2805 33.
1570 2760 1726 2804 (Syriace
1750 2759 1787 2792 in
1814 2758 1903 2792 Brit.

327 2822 423 2855 Mus.
446 2819 535 2854 Cod.
552 2817 645 2852 Add.
669 2817 778 2858 12158
797 2815 855 2848 fol.
876 2814 917 2848 26
936 2826 956 2847 v
975 2824 1066 2846 anno
1084 2813 1151 2855 588
1170 2812 1323 2853 exarato)
1343 2809 1394 2843 tit.
1421 2807 1646 2852 praemittens
1673 2810 1759 2839 tomo
1787 2805 1904 2849 quinto

324 2865 617 2912 interpretationis
634 2864 794 2908 epistolae
807 2862 938 2906 primae
956 2859 1002 2893 ιιιί
1024 2858 1221 2892 corinthios.
1390 2866 1442 2888 10.
1469 2855 1514 2887 ὢν
1533 2865 1594 2897 pro
1611 2853 1686 2887 ἐστι
1707 2852 1753 2885 H.
1828 2851 1904 2895 οὐχὶ

325 2914 433 2957 δήπου
451 2911 552 2956 μόνῃ]
574 2912 612 2944 οὐ
630 2912 731 2953 μόνον
752 2910 798 2942 Η.
947 2919 998 2940 11.
1024 2907 1144 2938 ἑαυτοῦ
1166 2903 1211 2937 Π.
1360 2913 1410 2935 12.
1436 2901 1524 2945 φημὶ
1545 2900 1583 2942 δὴ
1601 2899 1660 2941 τὴν
1678 2898 1761 2940 ζωὴν
1778 2897 1903 2940 ἐδωρὴ-

326 2976 411 2995 (raro
435 2960 478 2993 Π.
552 2958 640 3002 αὐτῷ
663 2957 708 2989 Η.
854 2965 904 2998 13.
932 2953 991 2994 τὴν
1008 2954 1066 2986 τοῦ
1085 2951 1261 2994 ἀνθρώπου
1279 2947 1480 2992 παρέπεμψε
1501 2946 1610 2991 φύσιν
1628 2945 1789 2978 desinens
1809 2944 1855 2977 H.

1911 1019 1960 1045 10

1919 1834 1968 1858 20
