2001 3257
92 199 234 240 [5M·]

66 1155 81 1176 2
93 1146 165 1177 Cor.
174 1157 204 1176 v.
219 1150 268 1185 17.

287 135 368 174 182
506 134 558 174 Β.
593 134 841 174 CYRILLI
881 134 1231 174 ALEXANDR.
1271 135 1643 176 FRAGMENTA
1739 151 1777 176 v.
1801 150 1864 176 11.

1201 240 1226 258 ³,

283 247 310 270 “
331 241 498 309 ἔχοντα
524 248 607 293 τοῦ
629 242 846 303 θανάτου,
867 241 1081 292 τουτέστι
1107 241 1189 292 τὸν
1255 248 1481 294 σοιτανᾶν·
1523 245 1597 294 καὶ
1618 243 1763 311 ἀνέλῃ
1783 241 1868 306 μὲν

282 321 367 386 τὴν
406 323 606 391 φθορὰν,
645 322 903 390 ἀποστήσῃ
947 323 995 373 δὲ
1034 321 1126 373 σὺν
1170 324 1287 391 αὐτῇ
1330 326 1404 374 καὶ
1450 324 1536 387 τὴν
1579 325 1688 375 καθ’
1737 325 1869 388 ἡμῶν

282 404 651 469 τυραννήσασαν
684 405 930 470 ἁμαρτίαν·
972 403 1214 469 ἄπρακτόν
1239 427 1286 454 τε
1322 406 1468 458 οὕτως
1503 405 1727 474 ἀποφήνῃ
1765 413 1865 456 λοι-

282 484 374 536 πὸν
412 485 498 549 τὴν
536 487 735 553 ἀρχαίαν
774 486 949 548 ἐκείνην
987 485 1118 551 ἀρὰν,
1152 484 1210 548 ἣν
1249 486 1276 548 ἡ
1315 492 1397 536 τοῦ
1436 486 1686 551 ἀνθρώπου
1723 486 1869 554 φύσις

284 567 523 629 ὑπέμεινεν
554 569 602 617 ἐν
627 566 784 629 Ἀδὰμ
812 569 873 621 ὡς
900 568 948 616 ἐν
974 568 1165 633 ἀπαρχῇ
1200 571 1282 616 τοῦ
1317 566 1476 631 γένους
1507 569 1582 618 καὶ
1609 569 1670 621 ὡς
1696 569 1743 618 ἐν
1768 568 1868 636 ῥίζῃ
1889 589 1911 627 5

283 650 342 713 τῇ
367 647 545 715 πρώτῃ.
590 647 812 714 παραβὰς
837 646 929 713 γὰρ
953 645 1038 710 τὴν
1064 647 1260 711 ἐντολὴν
1283 648 1307 697 ὁ
1334 647 1505 711 Ἀδὰμ,
1521 648 1868 714 προσκέκρουκε

283 730 350 796 τῷ
377 730 661 797 δημιουργῷ·
709 728 856 797 ταύτῃ
883 752 953 779 τοι
988 729 1152 793 γέγονε
1193 732 1268 779 καὶ
1302 729 1533 794 ἐπάρατος
1571 731 1645 780 καὶ
1683 730 1869 798 θανάτῳ

284 808 500 877 κάτοχος.
573 810 846 877 ὀλοτρόπως
890 810 938 861 δὲ
981 809 1295 863 ἀπολωλότας
1343 811 1606 875 κατηλέησε
1651 810 1799 862 πάλιν
1843 813 1868 861 ὁ

284 895 378 941 τῶν
403 891 530 942 ὅλων
557 890 808 956 δεσπότης·
857 892 1070 943 καθίκετο
1096 890 1189 957 γὰρ
1214 891 1271 959 ἐξ
1293 893 1503 956 οὐρανῶν
1528 892 1552 941 ὁ
1579 891 1706 953 Υἱὸς,
1733 893 1870 946 ἀνιεὶς

284 972 573 1036 ἐγκλήματα,
601 975 789 1024 δικαιῶν
820 975 866 1024 ἐν
900 974 1059 1025 πίστει
1093 972 1174 1024 τὸν
1213 974 1381 1036 ἀσεβῆ,
1408 973 1772 1041 μεταχαλκεύων
1808 975 1869 1027 ὡς
1891 1000 1941 1024 10

286 1053 408 1107 Θεὸς
441 1053 526 1118 τὴν
565 1055 814 1120 ἀνθρώπου
854 1054 1004 1122 φύσιν
1042 1058 1104 1108 εἷς
1142 1054 1431 1122 ἀφθαρσίαν,
1469 1057 1543 1105 καὶ
1580 1055 1870 1121 ἀνακομίζων

286 1138 348 1188 εἶς
378 1134 432 1185 τὸ
464 1137 542 1187 ἀπ’
571 1137 733 1203 ἀρχῆς·
776 1136 908 1199 καινὴ
947 1135 1040 1202 γὰρ
1079 1136 1231 1189 κτίσις
1268 1134 1327 1186 τὰ
1366 1138 1413 1186 ἐν
1438 1139 1653 1204 Χριστῷ,
1688 1135 1758 1186 ὅτι
1794 1138 1870 1186 καὶ

159 1192 335 1233 6Μ.,Ι

69 2281 175 2321 Supra
187 2280 232 2312 iii.

73 2332 123 2355 12.

71 2443 155 2473 Gen.
168 2443 235 2473 viii.

69 2494 123 2518 21.

7 2570 9 2572 .
72 2540 127 2572 Es.
141 2550 218 2571 xxv.
234 2540 265 2571 8.

72 2698 124 2728 Ib.
136 2709 166 2729 v.
182 2707 229 2738 14.

284 1215 386 1281 ριζα
411 1216 607 1268 τέθειται
648 1218 796 1282 καινή·
845 1218 1009 1283 γέγονε
1044 1216 1092 1268 δὲ
1125 1219 1199 1267 καὶ
1225 1217 1434 1283 δεύτερος
1460 1215 1632 1281 Ἀδάμ·
1684 1218 1871 1285 καὶούχ

285 1297 447 1363 ὥσπερ
474 1299 640 1353 ἐκεῖνος
676 1300 820 1365 ὀργῆς
853 1300 1095 1365 παραίτιος
1134 1301 1208 1349 καὶ
1242 1300 1553 1366 ἀποστροφῆς
1584 1301 1666 1362 τῆς
1693 1298 1871 1349 ἄνωθεν

286 1384 382 1434 τοῖς
420 1379 474 1448 ἐξ
508 1380 650 1431 αὐτοῦ
683 1381 927 1446 γεγονόσι,
956 1379 1184 1449 πρόξενος
1211 1378 1260 1431 δὲ
1287 1384 1478 1443 μᾶλλον
1505 1381 1580 1430 καὶ
1619 1379 1764 1446 δοτὴρ
1789 1382 1871 1443 τῆς
1894 1399 1941 1437 15

287 1459 405 1526 πρὸς
431 1459 554 1512 Θεὸν
593 1461 883 1527 οἰκειότητος,
917 1461 972 1512 δι’
1007 1463 1249 1528 ἀγιασμοῦ
1287 1484 1337 1512 τε
1377 1464 1452 1513 καὶ
1486 1462 1760 1529 ἀφθαρσίας
1797 1463 1872 1512 καὶ

289 1544 372 1605 τῆς
409 1544 457 1593 ἐν
493 1543 653 1594 πίστει
692 1543 1000 1608 δικαιοσύνης.
1049 1550 1196 1595 ταῦτα
1234 1543 1344 1606 ἡμῖν
1384 1544 1409 1593 ὁ
1449 1541 1604 1611 σοφὸς
1639 1542 1873 1610 ἐξηγεῖται

292 1629 487 1679 Παῦλος
531 1625 607 1676 διὰ
647 1629 729 1689 τῆς
770 1626 1072 1692 προκειμένης
1115 1624 1314 1692 ῥήσεως·
1378 1625 1543 1674 οὐκοῦν
1589 1626 1645 1679 ὡς
1691 1622 1742 1674 δι’
1789 1624 1873 1678 ἑνὲς

291 1705 508 1775 ἀνθρώπου
539 1708 690 1774 φησὶν
717 1710 738 1768 ἦ
764 1712 971 1775 ἁμαρτία,
1002 1713 1060 1761 εἷς
1093 1708 1160 1758 τὶν
1189 1708 1350 1774 κόσμον
1378 1704 1556 1767 εἰσ-ἦλθε,
1587 1710 1664 1756 καὶ
1699 1702 1775 1756 διὰ
1801 1704 1874 1764 τῆς

293 1787 522 1857 ἁμαρτίας
549 1794 566 1839 ὁ
594 1787 792 1851 θάνατος,
824 1795 900 1840 καὶ
931 1788 1060 1843 οὕτως
1088 1793 1147 1842 εἷς
1173 1787 1352 1842 πάντας
1379 1785 1619 1854 ἀνθρώπους
1646 1793 1663 1838 o‘
1693 1786 1874 1841 θάνατος
1894 1808 1944 1833 20

295 1866 456 1929 ὃιῆλθεν
482 1870 550 1937 ἐφ’
579 1868 613 1940 ᾧ
647 1869 812 1925 πάντες
850 1871 1050 1939 ἥμαρτον·
1101 1869 1253 1920 εἱσέδυ
1291 1868 1375 1932 μὲν
1405 1867 1512 1934 γὰρ,
1540 1870 1602 1922 ὡς
1640 1868 1773 1936 ἔφην,
1799 1866 1875 1918 διὰ

293 1953 376 2013 τῆς
410 1951 636 2016 ἁμαρτίας
662 1952 686 2000 ὁ
713 1951 912 2004 θάνατος
943 1952 991 2001 ἐν
1021 1955 1087 2020 τῷ
1122 1949 1491 2018 πρωτοπλάστῳ
1524 1951 1598 2000 καὶ
1631 1950 1680 1999 ἐν
1706 1952 1764 2016 τῇ
1791 1954 1875 1999 τοῦ

294 2031 456 2097 γένους
482 2033 617 2099 ἀρχῇ·
660 2030 759 2083 εἶτα
797 2032 912 2082 ὅλον
951 2032 1122 2100 ἐφεξῆς
1164 2031 1451 2095 κατενεμήθη
1478 2030 1532 2081 τὸ
1559 2031 1702 2096 γένος.
1745 2028 1877 2080 ἀλλὰ

295 2115 370 2163 καὶ
397 2114 422 2162 ὁ
455 2116 535 2177 τῆς
574 2114 803 2179 ἁμαρτίας
841 2113 1022 2178 εὑρετὴς
1062 2112 1246 2178 δράκων
1274 2112 1479 2179 ἰσχύσας
1512 2113 1559 2162 ἐν
1590 2109 1747 2174 Ἀδὰμ
1781 2116 1876 2164 τοῖς

293 2198 375 2258 τῆς
421 2194 720 2262 φαυλότητος
763 2194 968 2261 τρόποις,
1010 2193 1164 2257 βατὴν
1207 2194 1451 2261 εἴργασται
1496 2193 1581 2257 τὴν
1626 2192 1876 2257 ἀνθρώπου
1895 2213 1944 2251 25

294 2276 515 2327 διάνοιαν·
571 2284 599 2305 “
620 2275 805 2330 Πάντες
838 2276 931 2342 γὰρ
969 2275 1224 2345 ἐξέκλιναν,
1263 2274 1361 2339 ἅμα
1399 2274 1775 2342 ἠχρειώθησαν.”
1826 2276 1876 2325 ἐκ

293 2358 554 2423 προσώπου
592 2358 649 2421 δὴ
688 2359 770 2408 οὖν
795 2358 1038 2423 γεγονότες
1074 2363 1156 2408 τοῦ
1194 2357 1426 2422 παναγίου
1454 2360 1578 2407 Θεοῦ
1616 2355 1691 2405 διά
1722 2378 1792 2405 τοι
1822 2354 1876 2405 τὸ

294 2440 525 2501 ἐπιμελῶς
559 2441 797 2505 ἐγκεῖσθαι
833 2438 918 2502 τὴν
945 2439 1194 2504 ἀνθρώπου
1221 2438 1428 2489 διάνοιαν
1463 2444 1490 2466 “
1509 2439 1582 2488 ἐπι
1609 2436 1668 2487 τὰ
1692 2436 1876 2503 πονηρὰ

311 2521 395 2570 ίἐκ
441 2519 691 2584 νεότητος,”
738 2520 1038 2586 ἀλογώτερον
1076 2520 1290 2586 διέζωμεν
1329 2521 1450 2580 βιον·
1506 2542 1581 2569 και
1635 2517 1877 2569 ζκατεπιεν

296 2600 430 2664 “μεν
456 2602 480 2651 ὁ
506 2601 705 2654 θάνατος
742 2601 990 2669 ἰσχύσας,”
1023 2604 1085 2654 ὡς
1112 2602 1136 2651 ὁ
1163 2601 1411 2669 προφήτης
1445 2603 1616 2668 φησιν,
1647 2598 1875 2651 ἐπλάτυνε
1895 2625 1946 2661 30

441 2682 560 2711 *cc

295 2680 343 2732 δὲ
381 2704 456 2731 και
542 2705 566 2731 ο
597 2680 709 2750 ἇδης
745 2682 829 2746 τὴν
869 2682 1034 2750 ψυχὴν
1075 2683 1217 2733 αὐτοῦ
1261 2685 1336 2732 καὶ
1378 2681 1579 2750 διήνοιξε
1621 2705 1675 2732 το
1715 2681 1875 2744 στόμα

295 2769 323 2792 “
348 2764 488 2813 αὐτοῦ
514 2769 597 2813 τοῦ
632 2761 698 2826 μὴ
735 2762 1007 2812 διαλιπεῖν·”
1054 2762 1210 2825 ἐπειδὴ
1237 2785 1330 2828 γαρ
1357 2765 1439 2825 τῆς
1466 2766 1514 2812 ἐν
1538 2761 1695 2826 Ἀδὰμ
1721 2785 1874 2829 παρα-

724 2930 777 2953 20.
804 2919 835 2952 A
853 2918 994 2954 θάνατος
1011 2917 1054 2952 ad
1073 2918 1214 2953 θάνατος
1231 2918 1381 2951 transilit
1401 2917 1442 2951 B.
