2012 3272
66 724 87 761 Ul

43 1184 90 1208 10

45 1590 91 1628 15

470 142 546 182 DE
581 142 931 183 DOGMATUM
967 142 1323 183 SOLUTIONE.
1610 145 1692 183 559

99 335 190 376 ’Ότι
219 336 261 376 ἐν
282 337 326 391 τῇ
358 337 562 391 μελλούσῃ
596 336 833 377 καταστάσει
864 336 907 376 τὸ
941 337 1167 389 λογιστικὸν
1200 337 1349 390 ἔχουσα
1380 337 1507 390 ψυχὴ,
1540 336 1600 377 καὶ
1632 339 1693 377 διὰ

179 411 291 448 τοῦτο
321 410 504 461 γνώσεως
539 410 606 449 οὐκ
629 411 857 461 ἀμοιροῦσα,
889 412 1112 462 προκόπτει·
1155 413 1191 450 οἱ
1222 410 1252 450 δ’
1277 411 1403 460 ἕτεροι
1431 412 1464 450 εἰ
1495 410 1694 461 προκοπὴν

182 481 260 532 ἕξει
290 483 413 534 φασὶν
434 483 455 532 ἡ
478 484 602 536 ψυχὴ,
624 483 777 527 πάντως
808 485 868 524 ὅτι
901 484 961 524 καὶ
991 486 1155 535 μείωσιν
1186 485 1246 525 καὶ
1278 483 1400 527 πάθος
1431 484 1494 525 καὶ
1525 483 1691 537 φθοράν·

183 557 224 596 ἐκ
246 557 380 598 τούτου
404 557 466 597 καὶ
488 559 670 608 θάνατον,
694 558 755 598 καὶ
777 558 996 608 ἀναβίωσιν
1018 558 1136 601 αὖθις.

730 719 1077 757 ΕΠΙΛΎΣΙΣ.

181 837 245 885 Οἱ
273 840 419 886 ταῦτα
454 835 844 898 διενθυμούμενοι,
872 836 1058 899 ἀγνοεῖν
1093 834 1274 885 ἐοίκασι
1305 833 1391 898 τὴν
1426 835 1690 897 δοθησομέ-

107 939 191 980 νην
228 915 366 983 χάριν
391 921 449 985 τῇ
476 923 559 968 τοῦ
586 917 836 982 ἀνθρώπου
872 917 1016 984 φύσει
1040 916 1159 979 μετὰ
1193 916 1278 980 τὴν
1305 919 1353 967 ἐκ
1382 920 1556 982 νεκρῶν
1582 917 1693 966 ἀνα-

106 998 293 1057 βίωσιν.
354 1003 391 1048 εὶ
435 998 528 1065 γὰρ
575 1003 646 1050 δεῖ
682 1006 709 1028 “
730 998 783 1049 τὸ
830 997 1046 1066 φθαρτὸν
1086 1003 1224 1048 τοῦτο
1270 998 1562 1049 ἐνδύσασθαι
1608 998 1694 1062 τὴν

107 1087 134 1109 “
155 1081 469 1148 ἀφθαρσίαν,”
489 1082 562 1131 καὶ
580 1079 919 1132 ἀποδύσασθαι
935 1079 1020 1144 τὴν
1040 1079 1242 1149 φθορὰν,
1259 1084 1694 1142 συναποβαλοῦμεν

109 1162 327 1225 δηλονότι
365 1165 422 1229 τῇ
462 1165 622 1230 φθορᾷ
660 1163 736 1212 καὶ
762 1160 821 1212 τὰ
847 1161 904 1230 ἐξ
929 1162 1071 1224 αὐτῆς
1106 1160 1249 1224 πάθη·
1295 1167 1442 1212 ταῦτα
1476 1161 1533 1212 δέ
1563 1162 1694 1212 ἐστιν

107 1244 326 1307 ἐπιθυμιά
369 1248 507 1294 πᾶσα
553 1242 773 1307 σαρκική·
845 1244 920 1293 καὶ
969 1241 1370 1307 μεταστησόμεθα
1420 1241 1591 1294 λοιπὸν
1633 1246 1695 1296 εἷς

109 1326 248 1390 ἁγίαν
286 1326 361 1375 καὶ
404 1324 720 1388 πνευματικὴν
759 1323 892 1390 ζωὴν,
933 1324 1151 1388 νεᾷιοντος
1196 1325 1305 1387 ἡμῖν
1343 1323 1397 1375 τὸ
1433 1324 1606 1390 ἀραρὸς
1646 1326 1697 1375 ἐν

108 1406 286 1460 τούτοις
314 1412 396 1457 τοῦ
421 1406 612 1457 πάντων
637 1406 769 1470 ἡμῶν
796 1409 1016 1472 Σωτῆρος
1043 1410 1274 1471 Χριστοῦ.
1323 1410 1358 1456 εἰ
1385 1406 1478 1472 γὰρ
1504 1411 1587 1456 νῦν
1612 1404 1695 1456 τὸν

109 1490 363 1555 ἀῤῥαβῶνα
389 1493 470 1539 τοῦ
499 1487 776 1550 Πνεύματος
809 1488 993 1554 ἔχοντες
1018 1488 1164 1553 ἁγίως
1190 1487 1547 1550 πολιτευόμεθα,
1575 1489 1693 1540 τίνες

110 1569 315 1633 ἐσόμεθα
358 1569 587 1629 λαβόντες
628 1569 681 1620 τὸ
715 1573 930 1635 πλῆρες;
993 1569 1112 1620 ὅπου
1157 1568 1207 1620 δὲ
1248 1569 1498 1636 πλήρωσις
1546 1569 1693 1620 Πνεύ-

109 1675 269 1714 ματος,
290 1652 384 1702 ἐκεῖ
404 1674 496 1702 που
515 1650 702 1704 πάντως
724 1654 800 1701 καὶ
825 1651 1070 1718 ἀσφάλεια
1089 1657 1170 1701 νοῦ
1198 1653 1274 1702 καὶ
1300 1653 1489 1718 καρδίας
1517 1652 1694 1716 ἑδραιό-

109 1758 206 1799 της,
232 1738 315 1799 τῆς
354 1735 540 1801 ὁρώσης
580 1739 642 1789 εἷς
672 1736 726 1787 τὸ
757 1735 939 1800 ἀγαθὸν
966 1737 1041 1786 καὶ
1079 1740 1139 1790 εἷς
1178 1738 1413 1804 ἀκραιφνῆ
1453 1737 1690 1788 θεοπτιάν.

109 1818 276 1867 οὐκοῦν
323 1817 530 1880 ἐσόμεθα
580 1817 663 1880 μὲν
707 1818 884 1868 ἑαυτῶν
934 1817 1161 1880 ἀμείνους,
1207 1818 1560 1880 ἀποδυσάμενοι
1609 1817 1693 1882 τὴν

111 1898 310 1966 φθορὰν,
353 1901 427 1949 καὶ
467 1899 780 1962 πνευματικὸν
825 1899 1009 1966 ἔχοντες
1050 1899 1104 1950 τὸ
1149 1904 1305 1963 σῶμα,
1347 1900 1591 1950 τουτέστιν
1631 1902 1694 1952 εἷς

110 1980 231 2043 μόνα
268 1980 452 2039 βλέπον
490 1980 549 2031 τὰ
582 1987 664 2032 τοῦ
693 1981 983 2043 Πνεύματος·
1037 1980 1207 2035 κλόνος
1239 1981 1287 2032 δὲ
1315 1982 1340 2031 ὁ
1366 1979 1695 2047 καταβιβάζων

109 2063 230 2127 ἡμᾶς
270 2067 332 2117 εἷς
373 2063 652 2131 φαυλότητα
694 2065 840 2118 οὐδεὶς
882 2064 1017 2115 ἔσται
1056 2065 1110 2116 τὸ
1149 2065 1374 2129 τηνικάδε,
1413 2065 1695 2132 συνέχοντος

110 2144 230 2207 ἡμᾶς
269 2149 329 2198 εἷς
355 2144 409 2196 τὸ
436 2147 600 2196 ἑαυτοῦ
634 2145 819 2208 θέλημα
855 2152 937 2197 τοῦ
964 2152 1270 2213 Δημιουργοῦ
1309 2147 1383 2198 διὰ
1421 2153 1504 2198 τοῦ
1528 2148 1694 2212 Ἀγίου

113 2225 401 2289 Πνεύματος,
419 2226 627 2292 καθάπερ
647 2225 812 2289 ἀμέλει
832 2231 907 2277 καὶ
933 2225 1040 2280 τοὺς
1067 2228 1226 2293 ἁγίους
1252 2226 1502 2293 ἀγγέλους.
1542 2233 1694 2279 τοιοῦκ

110 2306 192 2357 τόν
222 2330 266 2357 τι
291 2307 503 2373 Χριστὸς
542 2306 814 2375 ἀπεφήνατο
853 2307 994 2358 εἰπών
1033 2309 1165 2359 “’Ev
1190 2310 1248 2376 τῇ
1287 2308 1550 2361 ἀναστάσει
1588 2311 1692 2362 οὔτε

160 2478 191 2501 Ι.
218 2465 261 2512 Ε]
283 2466 338 2501 Ita
355 2467 398 2501 A.
470 2468 555 2511 πρὸς
572 2467 649 2503 τοὺς
668 2468 830 2513 λέγοντας
847 2467 1035 2512 praemittit
1053 2467 1119 2503 Ed.
1138 2468 1247 2502 invito
1265 2469 1308 2503 A.
1381 2469 1580 2514 λογιστικὸν
1597 2469 1692 2503 A.D.

108 2514 247 2559 λογικὸν
265 2513 331 2547 Ed.
642 2525 673 2548 2.
699 2515 729 2547 οἱ
747 2513 775 2548 δ’
793 2514 968 2558 ἕτεροι-ἡ
986 2514 1085 2559 ψυχὴ
1103 2515 1146 2549 A.
1164 2515 1217 2548 καὶ
1235 2514 1286 2549 ὅτι
1303 2515 1333 2549 εἶ
1348 2515 1523 2559 προκοπὴν
1540 2515 1607 2558 ἕξει
1625 2516 1693 2550 Ed.

110 2572 144 2602 4.
168 2560 354 2600 ἀναβίωσιν
370 2559 465 2596 αὖθις
482 2559 548 2594 hoc
566 2560 688 2594 ordine
705 2561 750 2594 A.
862 2569 895 2603 5.
923 2560 976 2594 Ita
993 2562 1035 2594 A.
1054 2563 1178 2605 κεφαλ.
1197 2563 1218 2604 ζ
1232 2561 1298 2595 Ed.
1417 2562 1450 2596 6.
1475 2564 1579 2596 ταῦτα
1598 2563 1693 2596 Α.Ι).

110 2608 247 2640 τοιαῦτα
266 2605 331 2640 Ed.
601 2607 635 2641 8.
660 2606 867 2641 ἐνδύσασθαι
884 2607 944 2650 τὴν
960 2607 1157 2650 ἀφθαρσίαν
1174 2614 1207 2642 et
1224 2607 1464 2642 ἀποδύσασθαι
1482 2609 1542 2652 τὴν
1558 2608 1694 2653 φθορὰν

111 2652 178 2686 hoc
195 2652 316 2686 Ordine
333 2652 377 2685 A.
610 2664 664 2687 11.
688 2653 1107 2697 μεταστησάμεθα-ζωὴν
1124 2654 1190 2688 hoc
1208 2654 1329 2688 ordine
1347 2654 1390 2688 A.
1408 2655 1692 2699 μεταστησάμεθα

111 2705 190 2743 post
208 2698 292 2742 ζωὴν
308 2698 504 2742 transponit
522 2698 588 2733 Ed.
749 2711 802 2742 14.
827 2700 1073 2742 πολιτευόμεθα
1091 2700 1221 2734 habent
1238 2701 1332 2735 A.D.
1496 2702 1548 2734 18.
1567 2701 1692 2734 ἑαυτῶν

111 2745 264 2788 ἀμείνους
281 2750 314 2777 et
330 2744 580 2788 ἀποδυσάμενοι
597 2746 657 2789 τὴν
672 2745 807 2790 φθορὰν
824 2746 889 2780 hoc
906 2746 1026 2780 ordine
1043 2747 1087 2780 A.
1393 2758 1445 2792 19.
1471 2747 1693 2790 πνευματικὸν

109 2792 247 2836 ἔχοντες
263 2792 301 2824 τὸ
320 2793 418 2834 σῶμα
437 2791 501 2824 hoc
520 2791 640 2825 ordine
658 2793 701 2826 A.
720 2793 758 2826 τὸ
776 2796 874 2836 σῶμα
892 2798 971 2826 ante
987 2807 1106 2836 πνευμ.
1123 2798 1166 2827 tr.
1189 2793 1256 2828 Ed.
1479 2804 1534 2826 20.
1559 2792 1692 2832 βλέπον

112 2839 152 2871 τὰ
174 2839 233 2871 τοῦ
259 2836 453 2880 Πνεύματος
479 2837 582 2871 edidi.
607 2838 780 2879 βλέποντα
805 2840 845 2872 τὰ
862 2841 922 2872 τοῦ
938 2838 1125 2882 πνεύματος
1142 2839 1186 2874 Α.
1204 2840 1245 2873 τὰ
1263 2842 1321 2873 τοῦ
1341 2838 1527 2883 πνεύματος
1543 2837 1691 2878 βλέπον-

111 2899 166 2919 τες
185 2883 250 2917 Ed.
544 2895 598 2917 21.
625 2885 733 2919 οὐδεὶς
749 2886 846 2919 ἔσται
863 2886 901 2919 τὸ
918 2886 1070 2927 τηνικάδε
1088 2885 1154 2918 hoc
1171 2885 1292 2919 Ordine
1310 2886 1352 2920 A.
1370 2887 1408 2919 τὸ
1426 2885 1577 2928 τηνικάδε
1595 2885 1692 2918 ἕσται

113 2931 220 2965 οὐδεὶς
239 2930 303 2965 Ed.
552 2941 608 2964 22.
635 2931 764 2974 θέλημα
781 2937 1004 2976 assumptum
1021 2943 1061 2965 ex
1081 2932 1173 2965 A.D.
1195 2932 1299 2975 [inter
1317 2943 1426 2966 uncos
1446 2929 1597 2976 Migne.]

1718 341 1772 381 E'.

1762 1016 1771 1035 1
1791 1006 1863 1036 (for.

1758 1060 1809 1080 XV.
1823 1058 1873 1089 53.

1713 1181 1735 1204 a
1755 1172 1836 1206 375
1854 1170 1906 1206 A.

1714 1826 1739 1867 b

1757 2314 1828 2344 SM
1832 2314 1915 2345 atth.

1756 2368 1834 2389 xxn.
1850 2366 1901 2396 30.
