2012 3272
505 139 745 180 CONTRA
789 136 1252 179 SYNOUSIASTAS.
1590 138 1671 175 485

93 254 121 277 ‘⁶
145 269 311 300 ποντες
337 249 399 300 εἷς
426 244 507 296 τὸν
534 244 730 312 οὐρανόν
753 268 764 306 ;
811 245 944 299 οὗτος
977 246 1001 294 ὁ
1029 245 1319 311 ἀναληφθεὶς
1345 244 1425 310 ἀφ’
1455 244 1582 304 ὑμῶν
1613 247 1676 295 εἰς

93 336 119 358 “
145 329 227 379 τὸν
265 326 461 393 οὐρανὸν
500 329 646 380 οὕτως
684 327 927 377 ἐλεύσεται
953 325 1101 377 πάλιν
1128 324 1181 375 ὃν
1211 325 1387 390 τρόπον
1413 325 1676 375 ἐθεάσασθε

93 418 119 440 “
145 408 285 460 αὐτὸν
310 407 619 476 πορευόμενον
646 413 707 462 εἷς
734 407 816 459 τὸν
843 407 1070 473 οὐρανόν]
1061 406 1085 422 ”
1127 404 1196 473 ἆρ’
1226 408 1306 457 οὖν
1333 410 1374 457 οἱ
1400 405 1519 472 πρὸς
1546 406 1624 460 οὓς
1651 409 1676 457 ὁ

92 491 250 557 λόγος,
290 491 502 557 ἅσαρκον
540 489 682 541 αὐτὸν
720 490 959 541 τεθεάνται
992 488 1151 554 Λόγον
1190 490 1520 556 ἀναφοιτῶντα
1557 487 1676 553 πρὸς

51 595 72 632 5
92 573 174 624 τὸν
202 573 429 638 Πατεῇοας
479 571 626 637 ἤγουν
660 569 1032 635 ἀποβεβληκότα
1062 569 1147 635 τὴν
1190 568 1310 637 πρὸς
1349 571 1468 633 ἡμᾶς
1504 570 1674 633 ὁμοίω-

92 678 187 717 σιν,
234 656 310 705 καὶ
362 655 445 705 οὐκ
489 653 602 705 ὅντα
651 653 735 717 μὲν
780 654 828 703 ἐν
872 654 1007 721 ἁπτῲ
1055 674 1104 702 τε
1150 653 1226 703 καὶ
1271 653 1425 720 ὁρατῷ
1474 651 1676 715 σώματι,

91 736 529 800 μετεσκευασμένον
556 733 603 786 δὲ
629 739 821 798 μᾶλλον
845 738 907 788 εἶς
938 735 1096 801 ἀναφῆ
1123 756 1173 784 τε
1200 736 1275 784 καὶ
1300 732 1501 799 ἀόρατον
1522 755 1534 795 3
1579 730 1678 784 εἶτα

91 819 159 872 τίς
187 819 211 868 ὁ
239 816 385 886 φάναι
415 822 553 867 τοῦτο
579 821 772 880 τολμῶν
795 838 806 877 ;
847 819 885 866 εἰ
914 813 961 873 δὲ
996 816 1143 869 οὕτως
1169 814 1410 865 ἐλεύσεται
1446 813 1569 865 καθὰ
1602 815 1679 865 καὶ

92 899 250 964 ἀνέβη,
276 904 375 952 πῶς
402 900 485 949 οὐκ
511 897 685 962 ἀληθὲς
725 903 865 949 εἰπεῖν
892 899 954 951 ὡς
985 897 1087 966 ἥξει
1124 896 1182 961 δὴ
1219 897 1367 948 πάλιν
1405 896 1678 961 ἐνσώματος

28 1006 74 1030 10
92 983 167 1033 καὶ
193 982 247 1032 οὐ
272 979 447 1048 γυμνὸς
472 981 547 1031 καὶ
575 980 786 1047 ἄσαρκος
813 979 970 1046 Λόγος
996 1001 1008 1041 ;

849 1136 908 1188 θ’.

167 1264 385 1332 Γέγραφε
424 1265 529 1331 περὶ
555 1268 773 1331 Χριστοῦ
800 1265 824 1315 6
849 1263 1103 1332 πάνσοφος
1131 1268 1327 1318 Παῦλος
1363 1271 1390 1294 “
1407 1263 1504 1318 ὁΟς
1527 1287 1669 1328 μετα·
1697 1282 1781 1314 Phil.
1792 1283 1837 1315 iii.
1853 1292 1903 1316 21.

94 1348 452 1414 “σχηματίσειε
492 1345 547 1397 τὸ
585 1350 729 1410 σῶμα
765 1349 849 1410 τῆς
881 1346 1206 1399 ταπεινώσεως
1244 1346 1353 1409 ἡμῖν
1385 1347 1676 1415 σύμμορφον

897 1426 921 1444 99

109 1431 210 1498 ςτῷ
240 1428 428 1491 σώματι
463 1430 544 1491 τῆς
571 1427 712 1496 δόξης
738 1428 893 1478 αὐτου
954 1450 1052 1478 ειτα
1077 1450 1121 1478 τι
1116 1426 1264 1495 ’πρὸς
1289 1434 1428 1479 τοῦτο
1455 1433 1592 1495 φαῖεν
1619 1426 1678 1479 ἂν

25 1527 72 1565 15
92 1514 134 1560 οἱ
164 1514 451 1573 μεταβαλεῖν
476 1509 695 1574 λε’γοντες
729 1513 791 1563 εἷς
822 1509 907 1574 τὴν
934 1515 1016 1560 τοῦ
1043 1507 1205 1575 Λόγου
1232 1509 1381 1576 φύσιν
1407 1509 1492 1574 τὴν
1517 1533 1676 1576 σαρκα

91 1593 266 1642 αὐτοῦ·
255 1632 266 1653 ,
311 1588 402 1657 ἆρα
432 1594 506 1642 καὶ
537 1589 596 1641 τὰ
627 1595 720 1641 τῶν
746 1591 893 1656 ἁγίων
920 1589 1123 1653 σώματα
1157 1591 1518 1668 μετοιχήσονται
1553 1591 1674 1642 κατὰ

91 1672 269 1739 τροπὴν
296 1676 358 1725 εἰς
384 1670 534 1741 φύσιν
560 1669 826 1736 θεότητος”
808 1695 882 1723 ινα
917 1673 992 1722 καὶ
1029 1671 1296 1740 σύμμορφα
1333 1672 1582 1738 γενήσεται
1609 1674 1676 1742 τῷ

91 1755 277 1819 σώματι
316 1757 397 1818 τῆς
436 1753 577 1822 δόξης
612 1755 788 1816 αὐτοῦς
833 1753 981 1804 καίτοι
1006 1758 1107 1806 πῶς
1139 1754 1193 1804 οὐ
1217 1756 1524 1822 ψυχρολογία
1559 1756 1676 1819 αὕτη

91 1839 174 1900 τῆς
212 1835 417 1902 ἐσχοίτης
456 1835 658 1898 ἀμαθίας
702 1835 948 1898 ἕμπλεωςς
1001 1835 1368 1899 μεταβαλούσης
1407 1835 1499 1903 γὰρ
1539 1836 1676 1900 ὅλως,

25 1943 74 1970 20
91 1916 214 1968 καθά
246 1923 388 1985 φησι,
420 1920 502 1980 τῆς
538 1916 717 1983 σαρκὸς
748 1921 810 1970 εἷς
838 1917 987 1985 φύσιν
1013 1915 1246 1981 θεότητος,
1272 1917 1390 1986 ποίῳ
1415 1941 1468 1983 γε
1494 1917 1673 1985 χρήσε-

91 2021 166 2049 ται
203 1998 391 2063 σώματι
431 1998 550 2053 Θεὸς
588 1996 652 2048 ὧν
692 2000 716 2049 ὁ
758 1998 946 2064 Λόγος;
1009 1998 1267 2061 ἀσώματον
1301 1998 1394 2065 γάρ
1436 2023 1480 2050 τι
1518 2003 1678 2067 χρῆμα

531 2079 543 2097 Χ
598 2079 619 2098 (Ι

159 2078 168 2092 ,
353 2082 367 2099 χ
412 2082 422 2096 ,
824 2079 837 2094 x
940 2081 949 2095 ‚
1006 2081 1019 2097 χ
1084 2081 1093 2095 e
1116 2080 1129 2096 2
1331 2080 1343 2096 1
1484 2082 1508 2097 ‚‚
1712 2091 1717 2101 .
1859 2090 1866 2097 .

93 2083 267 2145 θεοτης,
294 2103 369 2131 και
396 2085 567 2144 αληθες
595 2103 666 2131 οτι
693 2087 720 2109 “
749 2083 873 2131 Θεον
900 2083 1046 2134 ουδεις
1073 2103 1245 2147 εωρακε
1270 2104 1478 2132 πωποτε.
1697 2090 1880 2164 {joan-1·

876 2236 886 2253 Ι

861 2260 875 2286 L
895 2277 904 2286 .

165 2359 291 2409 Ἀλλ’
321 2358 438 2413 ’ίσως
470 2361 659 2426 ἐροῦσιν
690 2361 773 2410 οὐκ
809 2362 1133 2429 ἀποφοιτῆσαι
1167 2360 1251 2424 μὲν
1280 2361 1554 2427 ὁλοτρόπως
1591 2362 1676 2426 τὴν

25 2462 73 2501 25
93 2438 250 2506 σάρκα
278 2446 361 2491 τοῦ
396 2439 508 2492 εἶναι
535 2440 560 2492 ὃ
585 2440 657 2505 ἦν,
683 2443 1002 2509 ἀνακραθῆναι
1029 2442 1076 2493 δὲ
1102 2441 1265 2508 ὥσπερ
1300 2448 1366 2512 τῷ
1398 2446 1506 2512 Θεῷ
1531 2443 1676 2513 Λόγῳ

92 2521 209 2586 πρὸς
234 2522 428 2585 ἑνότητα
451 2523 676 2591 φυσικήν.
727 2527 802 2575 καὶ
827 2524 877 2574 τί
898 2523 1016 2590 πρὸς
1042 2524 1179 2575 τοῦτό
1207 2530 1393 2592 φαμεν;
1439 2524 1677 2576 Μάλιστα

92 2603 189 2666 μὲν,
228 2601 265 2653 ὦ
298 2604 438 2667 οὗτοι,
476 2605 709 2669 πάμπολυ
746 2604 801 2657 τὸ
840 2605 1094 2674 ἀμήχανον,
1121 2606 1443 2673 ἀῤῥωστήσειε
1482 2608 1519 2657 δ’
1559 2605 1616 2657 ἂν
1650 2608 1676 2657 6

144 2752 173 2775 Ι.
199 2742 246 2777 εἷς
262 2742 320 2776 τὸν
337 2742 479 2786 οὐρανὸν
495 2744 554 2777 alt.
573 2755 643 2777 om.
662 2743 698 2778 b.
842 2745 916 2789 ,δὴ
935 2756 1004 2779 om.
1023 2757 1053 2779 c.
1169 2757 1222 2780 12.
1249 2748 1308 2780 τοῦ
1325 2747 1428 2780 αὐτοῦ
1445 2747 1481 2781 ἐκ
1498 2749 1557 2781 τοῦ
1574 2746 1677 2780 αὐτοῦ

93 2788 200 2832 λόγου
218 2788 285 2822 b.c.
307 2834 315 2844 Ι
352 2789 680 2835 μετασχηματίσειε]
702 2790 755 2824 Ita
772 2757 838 2825 b.c9.
1010 2802 1062 2836 13.
1087 2791 1180 2837 ἡμῖν]
1203 2792 1256 2826 Ita
1272 2793 1307 2827 b.
1310 2805 1340 2827 c.
1510 2803 1562 2836 17.
1589 2791 1676 2835 σύμ-

94 2835 224 2878 μορφοι
240 2849 440 2878 γενησονται
458 2847 487 2869 c.
669 2847 724 2870 20.
750 2839 841 2882 φασι
858 2838 893 2878 b,
906 2837 965 2871 sed
983 2839 1072 2882 φησι
1092 2839 1220 2872 retinui
1237 2851 1255 2872 e
1272 2851 1301 2879 c,
1322 2851 1384 2882 pro
1402 2850 1497 2872 more
1515 2838 1676 2872 dictionis

96 2880 132 2913 S.
152 2880 284 2925 Cyrilli.
349 2895 388 2925 γε
405 2881 570 2926 χρήσεται
590 2893 660 2915 non
679 2883 880 2927 κεχρὴσεται
899 2884 1047 2919 codices.
1200 2897 1254 2918 21.
1273 2884 1430 2929 χρῆμα]
1424 2897 1491 2919 lnc.
1507 2885 1528 2918 b
1546 2885 1676 2919 fol-11.

96 2936 150 2969 24.
176 2929 235 2961 τοῦ
253 2927 354 2961 αὐτοῦ
371 2928 406 2962 ἐκ
424 2943 483 2962 του
500 2928 602 2962 αὐτοῦ
619 2930 724 2973 λόγου
742 2929 775 2964 b.
780 2941 808 2964 c.
1002 2931 1056 2965 26
1081 2932 1234 2975 μάλιστα
1250 2932 1311 2975 μέν
1328 2943 1397 2965 om.
1417 2943 1446 2965 c.
