2012 3272
108 157 174 182 xv.
200 156 261 193 14.
372 142 439 182 IN
477 142 561 183 ΕΡ.
593 143 628 184 Ι.
666 142 747 182 AD
785 141 1171 183 CORINTHIOS.
1228 141 1342 183 LIB.
1368 142 1420 182 V.
1610 143 1690 183 301

106 250 340 318 ἑψομένης
389 252 514 320 αὐτῷ
557 254 640 315 τῆς
691 251 942 318 ἀνθρώπου
989 248 1195 318 φύσεως”
1261 249 1431 310 ἀνεβίω
1478 248 1572 315 γὰρ
1619 252 1694 300 καὶ

105 332 297 398 γέγονεν
323 330 487 399 ὥσπερ
514 356 582 386 τις
614 332 977 399 ἀνθρωπότητος
1013 331 1204 399 ἀπαρχὴ
1240 331 1605 399 μεταφοιτώσης
1632 335 1694 385 εἷς

105 413 225 480 ζωὴν
252 416 326 465 καὶ
354 413 711 480 ἀνακτιζομένης
738 419 800 468 εἷς
826 414 1102 483 ἀφθαρσίαν
1130 416 1204 464 καὶ
1234 413 1437 477 νικώσης
1463 413 1687 463 θοίνατον·

105 494 240 559 καινὴ
280 495 373 563 γὰρ
412 497 563 550 κτίσις
589 495 649 547 τὰ
674 498 722 547 ἐν
749 498 967 566 Χριστῷ·
1019 495 1254 556 λαβόντος
1292 500 1375 546 τοῦ
1413 492 1693 561 πράγματος

63 578 190 642 5τὴν
229 577 393 645 ἀρχὴν,
432 582 533 632 πῶς
571 580 895 642 ἀπομενοῦμεν
933 579 980 629 ἐν
1015 582 1107 646 γῇς
1163 577 1192 643 ἢ
1235 576 1334 632 mh}
1374 578 1410 628 ἐν
1450 580 1546 643 ὑμῖν
1585 600 1693 631 τινες

104 663 419 724 ἀποτολμῶσι
458 660 613 725 λε’γειν
644 661 726 711 οὐκ
761 660 1119 722 ἀναβιώσεσθαι
1157 659 1265 714 τοὺς
1305 659 1522 725 νεκρούς·
1511 700 1523 721 ,
1568 661 1692 709 Σαδ-

105 745 307 794 δουκαῖοι
334 741 381 793 δὲ
408 742 549 805 οῦτοι,
577 742 696 793 κατά
718 766 770 808 γε
796 743 850 794 τὸ
877 742 1011 796 εἰκός·
1063 743 1279 811 ἔφασκον
1302 741 1395 840 γὰρ
1422 742 1553 792 αὐτοὶ
1581 749 1607 771 “
1626 740 1691 804 μὴ

105 831 131 853 “
158 823 270 874 εἶναι
293 822 563 893 ἀνάστασιν
587 824 704 889 μήτε
731 825 940 891 ἄγγελον
965 824 1080 889 μήτε
1107 829 1306 888 πνεῦμα’
1327 825 1686 890 Ἣσεσυκοφαν

102 906 275 971 τήκασι
314 906 361 958 δὲ
400 910 480 970 τῆς
514 907 824 961 ἀναστάσεως
861 907 916 958 τὸ
954 906 1215 973 μυστήριον
1241 930 1316 957 και
1342 906 1591 969 Υμεναιος
1618 928 1693 955 και

37 989 422 1057 ΙΟἈλέξανδρος
467 989 729 1055 “λε’γοντες
774 990 1044 1040 ἀνάστασιν
1087 990 1177 1054 ἤδη
1223 988 1497 1055 γεγονεναι·’
1563 984 1694 1050 πλην

103 1071 402 1137 ἐναυάγησαν
428 1073 588 1122 ἐκεῖνοι
625 1074 730 1138 περὶ
769 1071 855 1136 τὴν
892 1072 1072 1135 πίστιν,
1109 1073 1184 1123 καὶ
1223 1071 1330 1122 ὅσοι
1370 1075 1471 1124 ταῖς
1510 1069 1693 1121 ἐκείνων

103 1152 356 1222 ἐξιτηλίαις
391 1153 588 1205 ἕπεσθαι
623 1153 894 1215 βούλονται.

107 1311 152 1355 Εἰ
186 1313 232 1355 δὲ
263 1314 440 1371 Χριστὸς
475 1314 551 1355 οὐκ
585 1314 821 1372 {sm-emm,
850 1315 972 1357 Κενόν
1008 1314 1090 1373 ἄρα
1131 1314 1200 1355 καὶ
1237 1314 1286 1356 τὸ
1326 1315 1517 1371 κήρυΓμα
1554 1314 1690 1363 ἡμῶν.

176 1418 457 1469 Ἀκολουθεῖ
490 1418 584 1485 γὰρ
623 1417 787 1485 ὥσπερ
828 1423 894 1488 τῷ
936 1419 1109 1488 πρώτῳ
1147 1419 1200 1470 τὸ
1241 1418 1473 1485 δεύτερον,
1512 1421 1587 1470 καὶ
1626 1424 1693 1490 τῷ

37 1519 84 1558 15
104 1500 298 1570 δευτέρῳ
335 1506 680 1567 συναναιρεῖται
710 1500 765 1552 τὸ
798 1506 1003 1567 πρῶτον·
1062 1501 1115 1552 οὗ
1155 1501 1210 1565 δὴ
1253 1499 1517 1567 γεγονότος,
1544 1503 1692 1566 ἤγουν

102 1582 219 1648 πρὸς
246 1583 377 1646 ἡμῶν
402 1582 774 1650 παραδεχθέντος
799 1587 859 1636 εἰς
885 1584 1062 1646 πίστιν,
1094 1582 1204 1634 κενον
1233 1586 1307 1634 καὶ
1335 1582 1529 1648 ἀδρανὲς
1557 1583 1691 1634 ἔσται

102 1669 195 1715 τῶν
229 1665 376 1730 ἀγίων
412 1664 701 1715 ἀποστόλων
732 1665 779 1716 τὶ
819 1666 1044 1732 κήρυγμα·
1090 1663 1182 1725 κενὴ
1216 1671 1292 1716 καὶ
1331 1691 1352 1725 η
1385 1664 1556 1720 πίστις·
1600 1665 1692 1733 ἔχει

101 1746 196 1813 γὰρ
222 1745 309 1797 ὧδε
344 1746 397 1797 τὸ
433 1749 560 1812 ῥῆμα
588 1749 670 1811 τῆς
696 1748 902 1801 πίστεως
934 1746 987 1798 τὸ
1022 1746 1098 1797 διὰ
1133 1751 1226 1798 τῶν
1253 1747 1400 1812 ἁγίων
1425 1770 1689 1813 μυσταγω-

102 1834 218 1893 γοῦν
243 1832 339 1882 τοῖς
375 1827 464 1879 ἀνά
495 1833 660 1880 πᾶσαν
686 1828 772 1893 τὴν
799 1832 889 1894 γῆν
916 1828 1444 1895 μεμυσταγωγημένοις·
1485 1833 1584 1882 πῶς
1611 1830 1693 1880 οῦν

35 1937 85 1962 20
103 1910 166 1960 ε”τι
192 1910 533 1974 πιστεύσομεν,
564 1914 600 1961 εἰ
634 1910 698 1975 μὴ
726 1911 897 1971 ἀνεβίω
933 1911 1053 1962 κατά
1085 1933 1243 1972 τινας;
1289 1911 1572 1980 εὑρισκόμεθα
1598 1911 1691 1978 γάρ

103 1995 225 2057 φησι
253 1995 330 2043 καὶ
359 1988 718 2062 ψευδομάρτυρες
748 1992 873 2045 marie.
900 1995 972 2044 τοῦ
999 1995 1110 2044 Θεοῦ
1135 1993 1195 2044 ’ότι
1224 1993 1378 2062 ἤγειρεν
1406 1993 1472 2045 τὶν
1494 1994 1688 2063 Χριστον,

102 2075 141 2125 ἓν
170 2078 245 2125 οὐκ
273 2073 429 2143 ἤγειρεν
457 2076 572 2144 εἴπερ
602 2080 729 2144 νεκροὶ
757 2078 833 2126 οὐκ
860 2076 1106 2145 ἐγείρονται.
1145 2073 1241 2126 εἶτα
1268 2075 1478 2139 τοσαύτη
1504 2074 1691 2139 πληθὺς

103 2155 248 2221 ἁγίων
284 2160 385 2210 πῶς
424 2155 480 2206 ἂν
519 2156 740 2224 διαφύγοι
771 2157 1094 2224 συκοφαντίας
1133 2157 1356 2224 γραφήνς
1398 2157 1564 2206 οὐκοῦν
1602 2154 1691 2207 εἶεν

102 2235 159 2287 ἂν
196 2237 299 2288 οὐδὲ
338 2237 477 2303 ἅγιοι·
531 2238 709 2298 πόθεν;
752 2237 818 2291 οἷς
861 2236 918 2289 ἂν
959 2238 1027 2302 ε’ίη
1072 2237 1125 2289 τὸ
1165 2237 1496 2302 πλημμέλημα
1535 2260 1686 2288 συκο-

36 2337 83 2378 25
103 2320 276 2387 φαντία
302 2319 422 2370 κατὰ
448 2326 530 2371 τοῦ
559 2323 698 2371 Θεοῦ·
741 2321 852 2370 ἀλλ’
901 2321 988 2388 οὐχ
1026 2318 1112 2371 ὧδε
1150 2325 1298 2370 ταῦτα
1334 2318 1440 2387 ἔχει,
1468 2322 1690 2388 ἀψευδεῖς

102 2400 193 2467 γὰρ
220 2405 260 2452 οἱ
285 2404 595 2467 μυσταγωγοὶ
622 2401 839 2468 Χριστὸν
865 2401 1114 2467 ἐγηγέρθαι
1140 2401 1373 2467 λε’γοντες.

152 2529 205 2553 ῐο.
221 2519 416 2564 λέγοντες’
398 2519 587 2553 ανάστασιν
604 2519 664 2563 ἤδη
682 2520 855 2575 γεγονέναι
870 2531 940 2554 om.
957 2519 1005 2552 H.
1107 2529 1162 2553 ΙΙ.
1178 2517 1312 2563 πίστιν]
1329 2518 1442 2563 pergit
1459 2519 1488 2552 εἰ
1506 2517 1564 2552 οὖν
1578 2518 1689 2563 νεκροὶ

103 2563 161 2598 οὒκ
175 2566 370 2610 ἐγείρονται,
385 2567 462 2599 οὐδε
477 2567 624 2611 Χριστὸς
638 2565 826 2612 ε’γὴγερται”
854 2566 1034 2600 ακολουθεῖ
1048 2567 1114 2611 γὰρ
1125 2568 1170 2612 τῷ
1185 2567 1307 2611 πρώτῳ
1321 2567 1396 2607 (14)
1412 2565 1459 2600 Η.
1535 2574 1587 2607 15.
1606 2579 1687 2599 συν-

102 2614 211 2656 ανερεῖ
230 2612 278 2646 Η.
344 2613 429 2656 δὴ-
433 2612 524 2657 ἡμῶν
541 2624 610 2646 om.
634 2612 682 2646 Η.
812 2612 864 2646 16.
891 2600 1166 2657 προσδεχθέντος
1185 2612 1233 2646 H.
1299 2613 1352 2646 καὶ
1369 2612 1537 2656 ἀδρανὲς
1527 2623 1687 2656 assump-

103 2662 179 2691 tum
201 2670 242 2692 ex
262 2658 311 2692 H.
512 2668 566 2703 17.
593 2658 696 2704 ἁγίων
713 2671 781 2693 om
802 2659 850 2693 H.
923 2659 1038 2694 πίστις
1055 2659 1108 2693 καὶ
1124 2658 1277 2703 ψεῦσται
1296 2659 1348 2692 καὶ
1366 2657 1570 2700 εἷκαιομυθοι
1589 2672 1687 2701 κατη-

103 2705 276 2748 γορηθεῖεν
293 2706 323 2738 οἶ
340 2705 531 2740 ἀπόστολοι
548 2705 596 2739 ita
613 2706 775 2739 desinens
797 2706 844 2740 H.
1029 2717 1085 2740 21.
1103 2705 1383 2756 ψευδομάρτυρες
1401 2706 1483 2739 κατὰ
1501 2707 1561 2739 τοῦ
1580 2704 1684 2749 Θεοῦ]

104 2750 136 2782 A
154 2753 242 2785 θεοῦ
259 2751 303 2785 ad
321 2754 409 2785 Θεοῦ
427 2752 575 2785 transilit
595 2752 649 2796 (ut
667 2752 736 2786 vid.
741 2751 758 2797 )
778 2751 867 2786 Cod.
935 2751 1010 2786 Ine.
1030 2752 1070 2785 Εἰ
1086 2754 1187 2786 τοῦτο
1202 2752 1283 2786 εἶναί
1301 2754 1414 2796 φαμεν
1429 2751 1554 2794 ἀληθὲς
1570 2751 1622 2784 καὶ
1641 2751 1688 2786 εἷς

103 2795 218 2840 ετέρας
243 2797 320 2842 ἡμῖν
342 2798 482 2834 ἀτοπίας
507 2800 524 2831 ὁ
545 2799 648 2843 λόγος
672 2798 982 2856 ffepteuexfflr'yffefat'
1014 2799 1226 2843 εὑρίσκονται
1251 2798 1316 2843 γὰρ
1343 2798 1396 2831 καὶ
1418 2797 1531 2839 πολλὴ
1556 2797 1688 2839 πληθὺς

104 2841 206 2900 ἁγίων
223 2845 453 2888 συκοφαντίας
473 2845 622 2905 γραφὴν
627 2845 865 2890 ὑποφέρουσα,
891 2845 920 2878 εἷ
944 2859 1220 2903 μεμαρτυρηκασι
1245 2846 1328 2879 κατὰ
1352 2846 1413 2878 τοῦ
1431 2846 1519 2878 Θεοῦ
1538 2843 1688 2886 Χριστὸν

105 2889 163 2922 οὐκ
181 2889 401 2935 ἐγηγερκότος
418 2891 496 2924 ἀλλ
516 2893 591 2925 οὕτε
608 2892 698 2936 ἅγιοι
723 2892 877 2935 κληθεῖεν
895 2890 943 2926 οἷς
968 2891 987 2934 ἡ
1012 2891 1156 2935 ἁμαρτια
1183 2891 1394 2936 συκοφαντία
1421 2891 1502 2923 κατὰ
1520 2891 1580 2923 τοῦ
1599 2891 1687 2923 Θεοῦ

105 2947 155 2968 και
174 2936 349 2971 ὑπεύθυνοι
364 2938 503 2982 τιμωρίᾳ
522 2938 552 2972 οἱ
570 2940 717 2972 τοιοῦτοι
730 2952 782 2972 και
799 2939 921 2983 ματαία
937 2938 954 2982 ἡ
969 2939 1094 2974 πίστις
1119 2941 1270 2983 Χριστοῦ
1285 2952 1349 2982 γαρ
1367 2938 1410 2980 μὴ
1426 2940 1474 2980 (p.
1491 2946 1570 2979 302,
1584 2936 1620 2979 4)
1638 2935 1687 2970 H.

1731 210 1904 250 [ΜΗ

1713 755 1800 785 Acta
1817 754 1873 784 ὃς.

1711 798 1777 873 8η).
1798 799 1889 828 xxiii.

1715 913 1820 943 lTim.
1836 913 1856 942 i
1871 921 1919 942 20.

1715 966 1729 986 2
1738 957 1821 986 ''.li1n
1830 956 1862 986 ii.
1873 956 1919 986 18.

1712 1003 1848 1040 73M.

1717 1096 1728 1117 1
1739 1087 1823 1119 Tim.
1837 1087 1857 1118 i.
1872 1097 1919 1129 19.

1715 1328 1761 1362 14

1711 1943 1777 1964 vor.
1799 1941 1846 1972 15.
