1986 3282
119 132 218 173 xvii.
239 141 307 187 25.
406 131 481 171 IN
519 130 561 172 S.
592 127 936 171 JOANNEM.
998 127 1125 169 LIB.
1160 128 1240 169 XI.
1302 128 1433 168 CAP.
1462 129 1566 170 XII.
1684 132 1710 171 9

119 244 214 291 τῶν
246 240 375 292 ὅλων
410 240 630 302 βασιλίδι
663 237 821 307 φύσει.
874 238 943 290 τίς
982 237 1064 288 οῦν
1099 237 1127 301 ἡ
1164 237 1289 287 αἰτία
1325 243 1408 287 τοῦ
1448 240 1711 301 κεκλῆσθαι

119 323 310 385 δίκαιον,
338 323 488 374 καίτοι
526 324 602 373 καὶ
637 321 804 388 ἑτέρως
840 319 950 389 ἐξὸν
977 318 1292 386 ὀνομάζεσθαι
1321 318 1451 385 παρὰ
1479 323 1709 385 Χριστοῦ,

120 403 383 473 φιλομαθὲς
421 404 567 458 ὅντως
606 407 733 455 ἰδεῖν.
787 401 840 454 τὸ
879 400 1047 469 γάρτοι
1082 400 1148 465 μὴ
1185 401 1440 453 διιππεύειν
1466 402 1546 451 ἐᾶν
1571 402 1630 452 τὰ
1662 404 1712 452 ἐν

121 488 179 554 τῇ
205 486 506 556 θεοπνεύστῳ
542 490 708 554 γραφῇ
743 483 1038 551 θεωρήματα,
1063 482 1259 547 πολλὴν
1295 482 1353 534 ἂν
1388 484 1498 548 ἡμῖν
1537 483 1709 534 ἐκτέκοι
1729 517 1751 543 0

79 567 207 633 5τὴν
248 568 430 633 ὄνησιν.
494 570 660 620 οὐκοῦν
701 567 844 619 ἐκεῖνό
888 571 1059 636 φαμεν,
1101 565 1184 617 τὸν
1227 567 1276 617 ἐν
1316 568 1382 634 τῷ
1423 565 1711 635 προκειμένῳ

120 651 523 718 περιαθρήσαντες
551 656 676 702 νοῦν.
723 649 799 701 ὅτε
826 650 983 701 τοίνυν
1009 649 1131 713 ἡμᾶς
1158 646 1433 714 ἁγιάζεσθαι
1460 646 1560 698 κατ’
1583 648 1712 698 εὐδο-

122 734 228 785 κίαν
253 733 394 798 ἤθελε
425 739 508 785 τοῦ
536 734 651 785 ἰδίου
679 731 886 799 Πατρὸς,
914 730 968 782 τὸ
1001 736 1084 782 τοῦ
1110 729 1421 796 παρακλήτου
1447 729 1713 796 πρόσωπον

121 818 198 867 καὶ
242 815 329 881 τὴν
366 822 449 868 τοῦ
492 816 690 881 μεσίτου
736 815 896 883 χρείαν
937 815 1233 879 ἀποπληρῶν
1277 813 1302 862 ὁ
1345 811 1580 879 Χριστὸς,
1627 810 1712 866 τὰς

122 897 239 965 ὑπὲρ
261 898 454 950 πάντων
479 899 611 963 ἡμῶν
636 898 895 966 πρεσβείας
924 898 1122 948 ἐποιεῖτο
1160 894 1316 963 λε’γων
1349 901 1375 924 “
1397 894 1559 961 Πάτερ
1591 893 1710 960 ἅγιε,
1772 902 1879 977 ῗέΐῐηιτ

56 987 151 1029 ιο“
175 980 389 1048 τήρησον
429 980 598 1036 αὐτοὺς
648 982 697 1032 ἐν
734 983 793 1047 τῇ
844 978 1042 1048 ἀληθείᾳ
1083 978 1215 1040 σου,”
1262 978 1351 1045 οὐχ
1392 976 1552 1044 ἑτεραν
1597 975 1711 1028 εἶναι
1808 970 1838 976 '⁸
1876 954 1904 986 7-

121 1062 278 1129 λέγων
310 1062 398 1127 τὴν
424 1062 650 1128 ἀλήθειαν
675 1062 704 1128 ὴ
739 1060 794 1114 τὸ
826 1061 942 1113 ἴδιον
971 1065 1184 1125 Πνεῦμα,
1211 1059 1267 1110 δι’
1296 1060 1351 1110 οὗ
1377 1059 1461 1113 τὰς
1488 1060 1714 1126 ἡμετέρας

121 1145 439 1214 ἀσφαλίζεται
474 1144 650 1214 ψυχὰς,
676 1143 1079 1214 κατασφραγίζων
1105 1146 1167 1196 εἰς
1200 1141 1455 1207 ὁμοιότητα
1485 1142 1571 1205 τὴν
1596 1140 1715 1208 πρὸς

123 1227 302 1291 ἑαυτὸν,
329 1229 405 1279 καὶ
437 1228 735 1296 ἀνατειχίζων
762 1226 927 1294 ὥσπερ
953 1224 1141 1295 άρῥήτῳ
1167 1223 1359 1288 δυνάμει
1383 1223 1502 1291 πρὸς
1529 1224 1717 1291 ἄμαχον

124 1311 390 1375 εὐτολμίαν,
416 1309 709 1376 παραθήγων
736 1309 784 1360 δὲ
820 1311 968 1373 δῆλον
994 1308 1065 1360 ὅτι
1099 1309 1177 1358 καὶ
1209 1310 1272 1362 εἷς
1297 1307 1563 1373 προθυμίαν
1589 1306 1709 1374 ἀχά·
1734 1322 1762 1363 (l

59 1412 104 1450 15
125 1400 258 1444 λινον
282 1391 369 1457 τὴν
398 1393 466 1444 ἐπ’
495 1392 713 1459 ἀκράτοις
752 1391 1101 1457 ἀγαθουργιάις,
1135 1391 1198 1444 ὡς
1235 1388 1433 1454 μηδενὸς
1471 1389 1525 1440 τὸ
1563 1388 1717 1455 παρά-

123 1498 221 1526 παν
265 1473 397 1541 παρὰ
446 1474 596 1528 πόδας
646 1473 853 1537 κειμένου
903 1475 979 1524 καὶ
1031 1473 1190 1524 ὀπίσω
1239 1476 1402 1522 καλεῖν
1453 1471 1717 1540 ἰσχύοντος,

123 1556 338 1627 ὀξυτάτῳ
363 1557 595 1625 φέρεσθαι
634 1555 793 1626 δρόμῳ
832 1554 950 1622 πρὸς
984 1555 1038 1606 τὸ
1075 1557 1241 1605 δοκοῦν
1267 1557 1334 1623 τῷ
1361 1557 1484 1623 Θεῷ,
1513 1556 1586 1604 καὶ
1622 1558 1718 1605 τῶν

124 1643 412 1701 διαβολικῶν
441 1637 758 1706 πολυτρόπων
789 1637 1143 1705 μηχανημάτων
1170 1635 1199 1701 ἢ
1237 1638 1313 1687 καὶ
1353 1639 1436 1699 τῆς
1475 1637 1523 1686 ἐν
1549 1635 1717 1706 κόσμῳ

125 1722 405 1789 φιληδονίας
446 1721 612 1772 οὐδένα
661 1725 898 1773 ποιεῖσθαι
938 1719 1103 1785 λόγον.
1174 1722 1214 1769 οἱ
1262 1717 1356 1785 γὰρ
1393 1717 1530 1787 ἅπαξ
1565 1741 1715 1769 κατα-

56 1831 106 1856 20
125 1804 508 1874 σφραγισθέντες
542 1805 609 1874 τῷ
641 1804 792 1873 Ἀγίῳ
823 1801 1067 1866 Πνεύματι
1106 1802 1182 1852 καὶ
1220 1800 1302 1852 τὸν
1341 1802 1598 1868 ἀῤῥαβῶνα
1636 1803 1720 1864 τῆς

125 1887 315 1955 χάριτος
340 1886 524 1954 ἔχοντες
551 1890 614 1941 εἰς
640 1892 769 1950 νοῦν,
798 1885 1172 1951 πεπυργωμένην
1200 1884 1363 1950 ε”χουσι
1396 1882 1483 1947 τὴν
1509 1884 1718 1949 καρδίαν,

125 1967 206 2021 ἇτε
238 1968 295 2034 δὴ
324 1972 399 2020 καὶ
438 1968 744 2032 ἐνδυσάμενοι
782 1967 868 2031 τὴν
899 1967 956 2036 ἐξ
992 1967 1145 2036 ὕψους
1185 1965 1397 2030 δύναμιν.
1451 1965 1527 2016 ἵνα
1564 1966 1720 2016 τοίνυν
1782 1981 1909 2030 &Luc-

126 2056 221 2103 τῶν
272 2053 420 2106 οὕτως
468 2050 764 2120 ἀξιεράστων
815 2048 1169 2112 ἀπολαύσωμεν
1220 2050 1429 2113 ἀγαθῶν,
1480 2048 1552 2115 ἐφ’
1599 2047 1720 2111 ἡμᾶς
1783 2033 1936 2065 mmm.

126 2133 282 2185 ἐκάλει
321 2134 404 2185 τὸν
438 2132 569 2198 παρὰ
602 2132 795 2200 Πατρὸς
834 2131 1076 2196 ἁγιασμὸν
1113 2132 1138 2181 ὁ
1174 2130 1405 2196 Χριστός.
1450 2130 1548 2181 νυνὶ
1589 2129 1644 2180 δέ
1676 2152 1722 2180 τι

59 2238 107 2276 25
128 2221 352 2279 τοιοῦτον,
389 2218 451 2269 ὡς
489 2217 680 2284 ἐγῷμαι,
720 2213 868 2266 πάλιν
907 2212 1135 2277 ἐννοήσας
1177 2213 1407 2281 φαίνεται.
1468 2211 1586 2278 πρὸς
1627 2210 1722 2278 γὰρ

129 2299 327 2361 ἐκείνοις,
379 2297 446 2352 οἷς
497 2298 589 2365 ἔφη
648 2299 754 2364 περὶ
805 2302 888 2347 τοῦ
940 2299 1034 2346 δεῖν
1083 2296 1205 2359 ἡμᾶς
1263 2294 1541 2361 ἁγιάζεσθαι
1591 2292 1723 2360 παρὰ

131 2379 337 2447 Πατρὸς,
364 2382 441 2431 καὶ
472 2378 581 2432 τάδε
612 2379 918 2446 προστέθεικε
944 2380 1050 2444 περὶ
1077 2378 1210 2442 ἡμῶν
1239 2384 1264 2406 “
1288 2375 1439 2441 Κάγὼ
1464 2375 1550 2440 τὴν
1576 2375 1724 2444 δόξαν
1741 2395 1945 2447 a1007A,

129 2469 157 2492 ‘⁴
182 2462 241 2527 ἢν
268 2461 469 2517 δέδωκάς
495 2485 574 2526 μοι
601 2462 779 2513 δέδωκα
806 2462 961 2514 αὐτοῖς
987 2459 1064 2510 ἵνα
1091 2457 1212 2510 οἶσιν
1238 2458 1287 2509 ἓν
1314 2458 1468 2511 καθὼς
1498 2458 1628 2521 ἡμεῖς
1654 2457 1718 2508 ἕν·
1785 2446 1917 2524 ῗὲᾆζζζ,

131 2553 158 2575 “
185 2544 444 2610 ἠγάπησας
478 2543 572 2610 γὰρ
611 2542 779 2596 αὐτοὺς
820 2541 974 2595 καθὼς
1013 2540 1091 2605 ἐμὲ
1128 2539 1428 2607 ἠγάπησας,”
1470 2542 1544 2590 καὶ
1575 2538 1725 2591 πάλιν
1788 2542 1840 2572 23·

62 2651 112 2687 30
131 2634 158 2657 “
188 2625 360 2694 Πάτερ,
389 2626 467 2681 οῦς
493 2625 696 2680 δέδωκάς
723 2648 818 2689 μοι,
845 2624 972 2676 θέλω
1000 2624 1076 2675 ἵνα
1111 2622 1231 2675 ὅπου
1258 2624 1347 2686 εἰμὶ
1372 2621 1465 2688 ἐγὼ
1492 2626 1566 2672 καὶ
1595 2623 1724 2672 αὐτοὶ
1787 2635 1837 2666 ΙΙ).
1854 2644 1902 2673 24-

132 2707 160 2731 “
185 2698 275 2752 ὧσι
300 2702 397 2764 μετ’
426 2701 585 2765 ἐμοῦ.”

182 2903 237 2934 24.
255 2892 424 2937 ἁγιασμὸν
440 2892 480 2926 Ε.
498 2892 558 2936 (cf.
571 2893 717 2935 ἁγίασον
736 2891 855 2926 αὐτοὺς
874 2890 908 2925 ἐν
926 2892 963 2934 τῇ
983 2890 1124 2934 ἀληθείᾳ
1143 2889 1236 2934 σου.)
1252 2888 1420 2933 ἁγνισμὸν
1436 2885 1502 2921 Ed.
1594 2885 1648 2918 28.
1668 2883 1724 2918 αὐ-

134 2940 180 2984 τῷ
206 2939 247 2974 Ε.

192 3005 283 3034 VOL.
308 3006 373 3033 111.
923 3004 944 3031 (ἲ
