2012 3272
114 146 166 185 iv.
185 159 224 196 4.
367 145 435 185 IN
471 145 556 186 ΕΡ.
590 145 652 186 ΙΙ.
689 145 771 185 AD
808 144 1195 186 CORINTHIOS.
1248 145 1448 187 LIB.11.
1616 148 1696 186 341

112 259 194 304 τοῦ
233 253 461 316 διαβόλου
504 254 587 306 τὸν
625 253 892 318 σκοτισμὸν
930 252 1210 318 ἀπόβλητον
1249 254 1447 322 ἔχοντες,
1486 256 1561 305 καὶ
1604 259 1700 305 τῶν

111 336 426 402 εὐαγγελικῶν
450 335 795 400 θεσπισμάτων
821 335 876 386 τὸ
903 339 1006 403 φῶς
1032 336 1272 388 ἀσυνέτως
1299 336 1352 386 οὐ
1378 335 1697 401 προσιέμενοι.

112 417 340 483 διηύγασε
356 417 449 484 γὰρ
465 416 522 468 ἂν
539 420 615 469 καὶ
633 419 787 472 αὐτοῖς
808 418 832 468 ὁ
855 418 1089 486 φωτισμδς
1110 419 1183 468 τοῦ
1199 419 1466 483 εὐαγγελίου
1483 417 1558 477 τ’ἦς
1576 415 1701 487 δόξης

111 502 182 551 τοῦ
207 502 390 569 Χριστοῦ
419 499 464 555 ὅς
498 501 609 551 ἐστιν
643 498 763 551 εἰκὼν
802 501 873 550 τοῦ
903 501 1028 550 Θεοῦ.
1082 501 1158 550 καὶ
1196 498 1302 550 θεὸν
1334 499 1418 563 μὲν
1447 501 1520 550 τοῦ
1551 499 1702 554 αἱῶνοε·

69 599 92 637 5
113 581 257 633 τούτου
295 581 593 648 κατονομάζει
632 581 714 632 τὸν
752 586 981 644 σατανᾶν,
1012 581 1100 648 οὐχ
1138 581 1209 632 ὅτι
1234 580 1356 634 Θεὸς
1394 580 1513 632 κατὰ
1552 582 1702 650 φύσιν

112 665 257 726 ἐστὶν,
301 665 411 714 ἀλλ’
453 663 525 714 ὅτι
565 669 704 714 τοῦτο
746 660 860 714 εἶναι
901 662 1173 727 νενόμισται
1213 664 1343 730 παρά
1384 686 1438 728 γε
1478 668 1575 717 τοῖς
1620 665 1702 715 οὐκ

113 744 261 796 εἰδόσι
302 746 370 800 τίς
407 747 432 796 ὁ
474 744 619 814 φύσει
660 747 736 796 καὶ
784 747 976 809 ἀληθῶς
1019 747 1123 796 ἐστι
1165 744 1301 798 Θεός·
1364 747 1508 796 ἐκεῖνο
1552 745 1703 811 γεμὴν

113 827 247 896 ἄξιον
273 825 635 890 καταθαυμάσαι
658 825 819 878 πάλιν·
868 830 1088 892 θεολογεῖ
1105 824 1198 893 γὰρ
1226 827 1250 876 ὁ
1279 830 1490 889 Παῦλος,
1517 830 1590 878 καὶ
1620 830 1703 890 τῆς

111 908 230 973 μετὰ
255 909 434 976 σαρκὸς
460 909 722 972 οἰκονομίας
747 913 831 959 τοῦ
849 911 1153 974 Μονογενοῦς
1180 911 1423 974 διατρανοῖ
1444 907 1498 960 τὸ
1518 909 1704 974 μυστή-

49 1015 94 1040 10
111 1015 227 1058 ριον.
283 991 382 1042 ἰδοῦ
426 989 519 1058 γὰρ
557 995 730 1059 σαφῶς
772 991 1000 1059 φιυτισμον
1039 993 1111 1041 τοῦ
1155 994 1424 1056 εὐαγγελίου
1463 990 1539 1051 τ’ἧς
1579 989 1703 1061 0⁰0²}ss

114 1076 295 1142 Χριστοῦ
332 1072 386 1124 τὸ
426 1072 751 1124 ἀποστολικὸν
786 1071 997 1138 ὀνομάζει
1029 1071 1263 1139 κήρυγμα·
1311 1073 1460 1124 καίτοι
1486 1077 1705 1139 Χριστοῦ

113 1156 398 1220 κεκλημένου
436 1161 519 1206 τοῦ
558 1156 607 1205 ἐκ
635 1158 760 1205 Θεοῦ
795 1153 914 1205 κατὰ
954 1154 1104 1223 φύσιν
1140 1154 1275 1209 ὄντος
1302 1158 1433 1218 Υἱοῦ,
1468 1154 1588 1206 κατὰ
1621 1155 1705 1206 τὸν

113 1241 195 1303 τῆς
234 1239 436 1305 χρίσεως
475 1236 647 1303 καιρὸν,
687 1237 795 1287 καθ’
830 1235 884 1287 ’ὸν
922 1237 1070 1287 καίτοι
1109 1243 1191 1287 τοῦ
1231 1237 1384 1303 Ἁγίου
1427 1238 1704 1300 Πνεύματος

115 1319 252 1374 αὐτὸς
292 1318 516 1386 ὑπάρχων
546 1317 763 1385 χορηγὸς,
789 1319 1035 1385 κεχρίσθαι
1071 1319 1260 1384 λέγεται
1299 1318 1428 1386 παρὰ
1467 1325 1549 1370 τοῦ
1577 1323 1703 1369 Θεοῦ

1734 213 1804 254 [9²
1824 212 1904 253 M]

49 1415 94 1454 15
116 1405 190 1454 καὶ
219 1400 410 1467 Πατρὸς
448 1404 514 1469 τῷ
548 1400 690 1470 ἐλαίῳ
725 1403 807 1464 τῆς
840 1400 1193 1465 ἀγαλλιάσεως.
1239 1402 1405 1451 οὐκοῦν
1432 1403 1481 1452 ἐν
1507 1400 1613 1451 εἴδει
1638 1404 1704 1470 τῷ
1722 1422 1776 1453 Ps.
1796 1421 1873 1452 xliv.
1891 1422 1919 1453 8.

50 1832 97 1857 20

116 1486 220 1536 καθ’
268 1485 388 1548 ἡμᾶς
433 1481 639 1548 γεγονὼς
680 1483 755 1532 καὶ
797 1483 960 1550 ὀφθεὶς
1005 1481 1253 1549 ἄνθρωπος
1297 1484 1371 1533 ἐπὶ
1416 1486 1499 1546 τῆς
1548 1485 1634 1548 γῆς
1678 1484 1702 1532 6

118 1564 398 1631 Μονογενὴς
428 1570 510 1615 τοῦ
538 1567 663 1614 Θεοῦ
691 1563 862 1628 Λόγος,
888 1563 992 1614 τότε
1029 1563 1085 1628 δὴ
1121 1565 1227 1615 τότε
1267 1568 1341 1615 καὶ
1379 1562 1512 1628 μάλα
1551 1565 1703 1630 ὀρθῶς

115 1647 329 1714 Χριστὸς
369 1651 537 1697 νοεῖται
575 1647 650 1696 καὶ
689 1645 891 1711 λέγεται.
939 1646 1020 1695 οὐκ
1061 1649 1122 1698 εἷς
1163 1646 1243 1696 ἕνα
1281 1647 1437 1696 τοίνυν
1468 1651 1562 1697 τῶν
1594 1647 1698 1697 καθ’
1723 1657 1779 1691 93
1803 1655 1864 1691 M·

115 1731 235 1795 ἡμᾶς
259 1730 287 1794 ἡ
314 1728 475 1782 πίστις
501 1732 567 1797 τῷ
602 1726 770 1797 κόσμῳ
797 1725 1146 1793 διακηρύττεται
1173 1730 1248 1778 καὶ
1274 1727 1427 1795 ψιλὸν
1453 1728 1705 1794 ἄνθρωπον

116 1811 206 1863 ὑπὸ
242 1816 337 1863 τῶν
367 1809 784 1877 πνευματοφόρων,
810 1810 1200 1875 καταγγέλλουσι
1237 1810 1285 1861 δὲ
1318 1815 1512 1874 μᾶλλον
1541 1810 1624 1862 τὸν
1657 1812 1706 1861 ἐκ

117 1898 242 1946 Θεοῦ
269 1891 429 1959 Λόγον
454 1894 502 1943 ἐν
526 1891 794 1961 ἀνθρωπεία
820 1896 984 1960 μορφῇ
1018 1891 1278 1960 πεφηνότα,
1307 1894 1382 1943 καὶ
1418 1896 1478 1947 ὡς
1514 1893 1703 1959 πρωτό-

115 1998 253 2027 τοκον
293 1977 342 2026 ἐν
383 1979 584 2028 πολλοῖς
626 1975 850 2041 ἀδελφοῖς
891 1973 974 2024 τὸν
1018 1977 1289 2040 Μονογενῆ.
1345 1976 1441 2025 ἐπεὶ
1480 1980 1612 2029 ποῖος
1650 1975 1708 2025 ἂν

118 2063 268 2109 νοοῖτο
294 2056 413 2123 πρὸς
440 2055 571 2121 ἡμῶν
599 2056 623 2106 6
645 2055 878 2125 φωτισμὶς
905 2057 978 2107 τοῦ
1006 2058 1275 2122 εὐαγγελίου
1299 2055 1374 2117 τ’ἦς
1400 2053 1523 2126 δόξης
1550 2058 1707 2120 αὐτοῦ,

168 2214 197 2238 1.
224 2203 421 2247 σκοτασμὸν
439 2201 489 2236 H.
546 2201 743 2245 ἀπόβλητον
760 2206 794 2234 et
811 2201 1131 2246 καὶ-προσιέμενοι
1149 2214 1220 2237 om.
1241 2202 1288 2236 H.
1397 2213 1430 2246 3.
1456 2202 1509 2236 καὶ
1526 2202 1639 2238 αὐτοῖς
1658 2202 1707 2237 Η.

118 2248 222 2285 οὕτως
240 2249 307 2284 Ed.
470 2248 581 2282 .θεὸν
598 2248 634 2281 δέ
653 2259 715 2291 pro
734 2249 786 2281 καὶ
805 2248 881 2282 θεὸν
897 2249 958 2290 μὲν
978 2249 1026 2282 H.
1163 2259 1196 2291 5.
1222 2249 1319 2307 λέγει
1337 2260 1400 2293 pro
1418 2250 1635 2292 κατονομάζει
1657 2250 1705 2284 H.

119 2296 152 2331 6.
174 2311 214 2342 γε
233 2308 303 2330 om.
325 2295 374 2329 H.
564 2303 595 2339 7.
622 2292 771 2338 ἀληθῶς]
796 2298 832 2334 4-
854 2294 906 2327 ἀεὶ
925 2294 973 2328 H.
1049 2294 1148 2340 Θεὸς]
1173 2300 1210 2335 -Ι-
1231 2297 1368 2329 καὶτῶν
1386 2294 1476 2328 ὅλων
1492 2295 1706 2340 δημιουργός

119 2349 152 2376 et
169 2349 282 2387 perglt
307 2356 513 2386 σημειωτεον
537 2339 617 2374 δέ”
598 2355 650 2374 οτι
675 2341 751 2374 τότε
776 2340 912 2385 λέγεται
936 2342 1081 2385 χριστὸς
1105 2343 1123 2374 6
1143 2342 1179 2375 ἐκ
1204 2342 1283 2375 θεοῦ
1308 2341 1390 2375 κατὰ
1407 2340 1517 2386 φυσιν
1534 2343 1603 2377 υἱὸς
1629 2342 1706 2376 καθ’

120 2388 158 2423 ὃν
177 2389 315 2434 (cf.13)
342 2388 530 2433 κεχρῆσθαι
559 2387 611 2431 (=
621 2386 814 2431 κεχρίσθαι)
833 2388 946 2431 καιρὸν
967 2387 1103 2433 λεγεται
1127 2387 1290 2431 πνεύματι
1307 2387 1391 2443 ἁγίῳ
1410 2388 1515 2422 καίτοι
1532 2391 1593 2422 τοῦ
1609 2388 1708 2445 ἁγίου

119 2435 306 2479 πνεύματος
322 2435 422 2470 αὐτὸς
441 2435 604 2479 ὑπάρχων
619 2434 777 2478 χορηγός.
811 2433 931 2467 οὐκοῦν
947 2435 978 2467 οἱ
995 2437 1054 2468 τοῦ
1073 2434 1273 2480 εὐαγγελίου
1292 2433 1430 2479 κήρυκες
1447 2435 1485 2468 οὐ
1504 2435 1645 2479 ψιλὸνί
1630 2437 1708 2479 ημῖν

120 2482 297 2526 ἄνθρωπον
314 2495 529 2525 κηρυσσουσι
546 2482 604 2514 τὸν
620 2481 765 2536 χριστὸν
781 2479 873 2513 ἅλλα
892 2481 950 2514 τὸν
968 2480 1047 2525 (20)
1071 2480 1118 2516 H.
1415 2492 1470 2515 21.
1497 2482 1550 2514 καὶ
1568 2493 1637 2516 om.
1658 2481 1706 2516 H.

123 2539 178 2563 22.
205 2527 399 2573 Μονογενῆ]
423 2532 461 2569 —{-
481 2528 537 2561 καὶ
563 2528 621 2561 τὸν
647 2525 855 2560 ἀσύντακτον
879 2529 919 2570 τῇ
949 2528 1056 2561 κτίσει
1087 2524 1287 2562 συντάσσοι
1290 2542 1327 2562 σι
1353 2529 1392 2571 τῇ
1423 2528 1532 2562 κτίσει
1557 2528 1609 2562 καὶ
1635 2529 1708 2562 υἱὸν

121 2575 317 2632 ὑπάρχοντα
341 2574 448 2620 φύσει
473 2576 533 2607 τοῦ
557 2573 685 2617 πατρὸς
709 2573 756 2608 εἷς
774 2574 846 2607 υἱὸν
868 2573 1036 2617 ὁρίζονται
1061 2574 1139 2607 θεοῦ
1168 2573 1278 2620 [legas
1304 2572 1499 2619 ἀνθρώπου]
1528 2589 1581 2608 και
1606 2576 1706 2608 τοῦτό

122 2621 217 2655 ἐστιν
233 2620 252 2664 ἡ
271 2635 410 2655 κενωσις
427 2635 480 2654 και
498 2622 515 2653 6
533 2621 591 2662 τῆς
607 2620 840 2654 ταπεινώσεως
856 2621 981 2664 τρόπος
1001 2620 1049 2654 H.
1277 2631 1331 2665 23.
1356 2622 1442 2665 πρὸς
1459 2620 1550 2663 ἡμῶν
1567 2633 1637 2655 om.
1658 2621 1707 2655 H.

122 2666 242 2712 αὐτοῦ]
269 2668 381 2711 pergit
406 2667 525 2711 paullo
550 2666 648 2700 ahter
672 2665 701 2698 εἷ
725 2666 833 2710 ψιλὸς
858 2667 969 2700 νοοῖτο
995 2666 1171 2711 ἅνθρωπος
1188 2667 1249 2724 'Kal
1274 2667 1389 2710 ἕτερον
1406 2667 1514 2700 οὐδέν·
1548 2670 1619 2703 τοῖς
1641 2668 1707 2712 γὰρ

121 2713 324 2748 πιστεύουσι
349 2714 402 2747 καὶ
427 2715 564 2747 νοοῦσιν
589 2711 640 2745 ὅτι
666 2711 773 2755 φυσει
795 2712 903 2747 θεὸς’
887 2727 904 2745 ο
923 2714 1066 2756 χριστὸς
1090 2714 1144 2747 καὶ
1169 2713 1265 2746 εἰκὼν
1289 2716 1348 2746 τοῦ
1372 2714 1510 2757 πατρὸς,
1528 2714 1663 2759 αὐγάζει
1689 2716 1707 2747 6

123 2761 311 2816 φωΗτισμὸς
330 2762 389 2794 τοῦ
415 2759 613 2804 εὐαγγελίου
637 2760 695 2802 τῆς
721 2759 823 2802 δόξης
850 2759 964 2792 αὐτοῦ.
999 2759 1095 2793 εἰκὼν
1120 2760 1156 2793 δέ
1182 2762 1305 2793 νοεῖται
1331 2760 1369 2793 οὐ
1394 2759 1472 2794 καθ’
1494 2761 1548 2803 (ut
1571 2771 1650 2804 342,
1671 2759 1706 2803 2)

124 2805 208 2849 ἡμᾶς
232 2805 311 2839 ἀλλ’
329 2806 502 2841 ουσιωδῶς
524 2806 576 2838 καὶ
598 2806 764 2850 φυσικῶς,
781 2805 834 2838 καὶ
858 2805 897 2839 οὐ
919 2805 1095 2850 λέγομεν’
1082 2805 1133 2840 ότι
1155 2806 1209 2839 καὶ
1227 2808 1244 2839 6
1261 2806 1370 2849 πατὴρ
1389 2807 1444 2840 διὰ
1461 2809 1560 2840 τοῦτο
1579 2807 1707 2848 σεσάρ-

125 2866 236 2895 κωτιιι,
254 2851 331 2886 ἀλλ’
350 2851 389 2895 ἣν
407 2854 424 2885 6
442 2853 510 2886 υἱὸς
528 2851 623 2885 εἰκὼν
640 2853 699 2884 τοῦ
723 2852 850 2895 πατρὸς
869 2852 936 2895 πρὸ
955 2853 1161 2896 σαρκώσεως
1185 2854 1314 2896 φυσικὴ
1343 2852 1422 2896 (Sic)
1450 2853 1503 2886 καὶ
1527 2865 1708 2895 μεμενηκεν

125 2899 228 2932 πάλιν
252 2898 412 2933 ὡσαύτως
437 2898 532 2931 εἰκὼν
549 2898 602 2930 καὶ
623 2897 707 2939 μετὰ
726 2897 785 2940 τὴν
803 2898 989 2941 σάρκωσιν.
1023 2900 1228 2943 λελόγισται
1251 2899 1316 2943 γὰρ
1335 2899 1378 2933 ὡς
1395 2899 1491 2942 (342,
1513 2899 1548 2942 9)
1574 2897 1608 2932 ἓν
1624 2898 1708 2941 μετὰ

126 2945 183 2988 τῆς
201 2944 285 2980 ι’διας
303 2946 437 2989 σαρκός·
473 2942 549 2977 ἀλλ’
570 2943 645 2977 οὐδὲ
673 2944 796 2988 κτίσμα
821 2944 962 2980 δυνατὸν
989 2945 1092 2979 εἰπεῖν
1117 2946 1175 2979 τὸν
1201 2946 1282 2979 υἱόν
1314 2945 1385 2979 ἐπει
1404 2948 1473 2979 πῶς
1492 2944 1670 2978 ἐσκότισεν
1689 2945 1706 2977 6
