1981 3247
271 129 348 165 636

271 247 557 283 Instaurationis
582 246 737 295 (Ephes.
759 246 782 281 i.
803 247 867 292 10)
895 245 1030 281 modus

326 314 402 348 819
420 313 585 348 e—823.

271 376 500 424 Interpretes
519 375 748 412 Testamenti
768 374 918 410 Veteris
938 386 1028 423 qua-

324 445 410 476 tuor
429 441 477 476 iii.
500 443 589 477 601.

269 505 617 554 Interpunctionem
650 503 818 539 nonnihil
852 507 959 538 notat
988 501 1029 538 S.

324 570 486 618 Cyrillus
506 569 550 604 M
574 572 610 611 7,
634 571 683 604 55
710 569 764 616 [p.
780 568 891 614 262].

268 634 509 682 Interrogare
539 646 616 669 non
652 645 798 680 semper
834 637 891 668 est
924 631 1031 679 igno-

322 699 465 735 rantiae
487 701 563 735 685
576 698 612 746 f.

268 763 413 800 Invidia
443 763 630 811 quomodo
660 768 770 798 nocet
791 764 866 798 578
890 774 922 805 a,
952 763 1025 797 611

322 842 342 864 c
382 841 474 876 quae
494 828 616 863 facere
637 827 731 863 solet
752 829 828 863 619
851 839 882 861 a.

266 892 290 929 J
296 905 435 929 oannes
457 892 638 940 Baptista,
660 893 738 928 vide
758 891 939 939 Baptista.

268 956 436 993 Joannes
497 956 738 1004 Evangelista
796 955 833 991 S.
901 960 1030 1002 utpote

322 1022 433 1057 corde
463 1034 575 1069 purus
606 1020 757 1057 Christo
787 1025 931 1055 amatus
954 1021 1029 1055 736

322 1099 356 1127 a,
389 1086 432 1121 cf.
460 1088 560 1121 1116
588 1085 611 1120 (1
658 1097 733 1120 non
766 1085 844 1120 sine
876 1084 1031 1120 consilio

322 1156 359 1186 et
374 1163 485 1197 parva
499 1149 680 1197 quaedam
697 1149 742 1184 de
763 1148 885 1196 seipso
906 1153 1032 1184 narrat

326 1216 427 1251 1022
450 1214 472 1250 b
489 1227 518 1251 c.

266 1279 456 1328 Josephus
476 1279 649 1315 laudatur
670 1280 745 1314 517
769 1291 799 1315 c.

267 1344 331 1380 Ira
360 1344 557 1391 aliquando
590 1344 808 1391 supplicium
844 1343 1030 1390 significat

325 1411 398 1444 175
421 1421 454 1444 a.

267 1473 348 1509 Irae
378 1486 573 1509 movemur
602 1473 711 1520 idque
742 1473 884 1514 acerbe,
908 1472 1029 1507 fratri-

322 1538 390 1574 bus
421 1537 619 1585 aliquando
648 1537 937 1585 provocantibus
967 1537 1028 1585 qui

320 1615 451 1638 sumus
471 1602 624 1638 Domini
645 1602 934 1638 mansuetissimi
955 1602 1028 1638 dis-

319 1667 432 1715 cipuli
457 1670 568 1704 1029.

266 1733 443 1769 Irascitur
464 1732 652 1780 quomodo
674 1731 779 1768 Deus
801 1733 876 1768 688
900 1732 934 1767 (1.

265 1797 382 1833 Israel
414 1797 537 1833 lavare
569 1810 608 1833 se
638 1797 933 1845 vestimentaque
962 1809 1028 1833 sua

319 1875 445 1897 coram
485 1861 576 1898 Sina
613 1867 740 1898 monte
780 1862 868 1909 quid
898 1864 974 1898 430
1004 1862 1028 1898 b

318 1927 356 1962 in
377 1927 525 1963 deserto
538 1927 770 1962 Judaeorum
790 1927 1026 1974 rejectorum,

317 1992 524 2027 Jordanem
590 1991 778 2027 transiens
840 1991 1028 2027 Ecclesiae

317 2062 430 2104 typus
460 2058 536 2092 436
561 2055 584 2091 d
600 2068 631 2092 e.

265 2122 287 2157 J
294 2121 399 2157 udaei
419 2121 464 2156 ab
485 2120 718 2156 immunditia
743 2132 782 2156 se
808 2132 1028 2156 conservare

318 2185 506 2233 praecepti
531 2187 604 2221 179
626 2185 650 2220 d
696 2185 818 2232 legem
840 2191 1030 2232 transgre-

319 2251 495 2296 dientem,
521 2250 712 2286 Christum
744 2249 1027 2293 damnaverunt,

319 2316 481 2364 Moysen
512 2328 586 2351 non
617 2315 888 2350 damnaverunt
909 2316 985 2350 242
1009 2327 1029 2349 a

318 2381 459 2428 palmes
488 2379 708 2426 infrugifera
738 2381 813 2415 869
838 2392 857 2414 e
899 2379 1028 2414 fideles

320 2451 443 2481 autem
471 2457 555 2480 cum
577 2444 762 2479 Gentibus
787 2443 927 2491 palmes
951 2444 1027 2479 fru-

320 2509 439 2558 gifera
478 2510 554 2545 869
594 2521 626 2549 e,
667 2510 743 2544 870
783 2520 804 2543 a

321 2573 418 2623 (cap.
436 2574 483 2609 vi.
503 2576 565 2614 30,
585 2570 651 2621 31)
674 2577 855 2619 petentes,
877 2571 1027 2619 signum

321 2639 463 2688 grande
484 2638 671 2686 petierunt
693 2639 768 2673 310
790 2636 812 2671 b
826 2648 845 2671 c
859 2636 893 2672 (1.

266 2704 494 2739 Judaeorum
536 2701 781 2738 murmuratio
827 2700 931 2748 quasi
969 2712 1027 2736 res

320 2774 476 2815 paterna
497 2769 572 2803 342
593 2779 623 2808 a,
648 2768 722 2803 374
745 2778 766 2801 a
783 2777 802 2801 c
841 2765 1027 2812 quomodo

320 2832 451 2879 punita
473 2834 547 2868 342
569 2831 603 2867 b.

267 2896 435 2933 Judaeos
464 2896 625 2944 paullum
656 2894 830 2943 relinquit
855 2893 1027 2929 Christus

878 2507 1026 2555 signum

802 126 1014 162 INDEX
1071 126 1320 164 RERUM.

1518 135 1856 161 INSTAURATIONIS

1154 257 1310 282 monens
1336 247 1383 282 Se
1412 250 1541 293 postea
1570 246 1722 281 omnino
1750 244 1858 281 relic-

1153 316 1280 347 turum
1327 311 1397 346 nisi
1435 310 1482 346 ad
1518 309 1651 358 1psum
1689 314 1859 346 convert-

1154 380 1218 411 ant
1242 377 1315 412 177
1336 376 1360 411 b
1376 388 1395 411 c
1443 387 1488 411 ex
1527 375 1579 411 eis
1616 374 1756 410 recedit
1794 374 1857 410 ali-

1154 440 1302 487 quando
1320 439 1505 484 Christus,
1520 439 1733 487 rejectionis
1748 444 1859 487 typus

1156 507 1232 541 675
1255 517 1273 541 c
1288 505 1321 541 d.

1099 569 1252 606 Judaeis
1283 570 1391 605 datur
1429 581 1577 610 manna,
1613 567 1685 604 Dei
1718 567 1857 603 benefi-

1154 634 1296 670 centiae
1318 633 1500 670 universis
1518 633 1733 681 largiendae
1748 637 1859 680 typus

1156 701 1231 736 312
1253 712 1274 735 a
1287 699 1322 735 b.

1099 764 1330 799 Judaeorum
1364 763 1402 799 in
1436 763 1584 799 deserto
1614 761 1770 796 historia
1803 773 1858 796 se-

1154 829 1317 864 cundum
1344 827 1689 875 interpretationem
1717 825 1861 873 spirita-

1154 893 1226 929 lem
1267 894 1451 929 313-319
1508 903 1573 927 cor
1613 891 1859 926 incrassatum

1154 970 1219 993 cur
1240 960 1316 994 326
1356 956 1511 992 historia
1538 961 1625 1003 post
1645 954 1859 1002 promissio-

1154 1021 1211 1056 nis
1243 1028 1380 1057 terram
1413 1020 1686 1068 perlustratam,
1717 1017 1857 1055 Christi

1154 1086 1282 1133 rejecti
1302 1091 1413 1134 typus
1436 1087 1525 1121 381.

1099 1151 1263 1187 Judaeos
1292 1149 1524 1186 Judaeorum
1554 1148 1738 1197 principes
1766 1160 1860 1183 nun-

1155 1222 1268 1264 cupat
1325 1214 1579 1262 Evangelista‚
1648 1212 1860 1248 sacerdotes

1153 1280 1345 1316 nominare
1366 1279 1574 1326 dedignans
1596 1279 1670 1314 408
1693 1290 1725 1313 a.

1100 1344 1330 1381 Judaeorum
1346 1344 1543 1391 principes,
1552 1342 1710 1378 scientes
1720 1340 1860 1378 Christi

1153 1414 1338 1457 parenteS‚
1353 1408 1561 1444 nescientes
1578 1407 1771 1443 Christum
1784 1418 1860 1441 non

1153 1486 1233 1511 esse
1273 1473 1491 1517 Galilaeum,
1529 1471 1746 1521 insipientes
1781 1472 1858 1506 484

1152 1538 1346 1576 Christum
1370 1549 1452 1574 esse
1470 1537 1601 1573 Jesum
1622 1540 1761 1571 norunt
1781 1537 1858 1571 620

1151 1604 1175 1640 b
1189 1616 1219 1640 e.

1097 1669 1324 1705 ,Iudaeorum
1345 1667 1450 1715 plebs
1471 1672 1508 1702 et
1526 1665 1727 1714 prophet-at
1746 1668 1836 1702 467.

1096 1733 1229 1770 Judaei
1249 1732 1382 1768 belluis
1403 1732 1513 1767 dorsa
1532 1730 1734 1767 incurvatis
1758 1743 1859 1766 com-

1151 1797 1269 1846 parati
1290 1798 1366 1833 494
1388 1796 1423 1832 d.

1095 1862 1327 1899 Judaeorum
1347 1866 1454 1908 pater
1475 1859 1568 1897 Cain
1591 1862 1667 1897 560
1689 1861 1855 1897 e—564.

1096 1927 1330 1964 Judaeorum
1349 1926 1518 1961 nonnulli
1538 1925 1625 1961 boni
1647 1926 1724 1961 566
1742 1925 1776 1961 d.

1094 1992 1117 2028 J
1123 1992 1239 2033 udaei,
1249 1990 1442 2028 Christum
1458 1990 1668 2038 rejicientes
1684 1995 1721 2025 et
1733 1990 1857 2038 legem

1150 2055 1429 2104 transgrediunt
1452 2057 1540 2096 715,
1565 2056 1651 2091 716.

1094 2121 1323 2157 Judaeorum
1346 2132 1471 2156 coram
1494 2118 1644 2155 Christo
1665 2124 1752 2154 ante
1772 2118 1859 2154 Pas-

1150 2187 1291 2222 sionem
1324 2197 1430 2222 casus
1459 2196 1565 2220 casus
1595 2183 1710 2219 totius
1734 2182 1858 2231 gentis

1151 2256 1261 2299 typus
1296 2252 1398 2287 1014
1429 2261 1448 2285 c
1491 2248 1670 2296 supplicio
1703 2247 1857 2283 tradunt

1151 2315 1309 2351 Romani
1335 2317 1436 2351 1034
1459 2326 1480 2349 a
1508 2313 1545 2348 in
1566 2312 1759 2348 Christum
1775 2323 1854 2347 sae-

1149 2380 1291 2416 vientes
1311 2379 1407 2415 male
1427 2379 1620 2427 perierunt
1639 2377 1688 2413 iii.
1710 2379 1801 2413 442.

1095 2444 1229 2480 Judaei
1259 2445 1357 2480 vitae
1395 2443 1598 2490 mortisque
1630 2446 1857 2489 potestatem

1151 2508 1333 2544 Romanis
1353 2512 1545 2544 cesserunt
1564 2506 1633 2554 ipsi
1657 2507 1755 2542 1041
1780 2505 1815 2540 d.

1094 2573 1326 2608 Judaeorum
1355 2571 1522 2607 adoratio
1552 2571 1589 2606 in
1612 2570 1770 2617 Templo
1798 2582 1858 2605 so-

1149 2636 1237 2678 lum,
1258 2642 1392 2672 nostra
1410 2636 1545 2683 ubique
1566 2635 1608 2670 M
1631 2637 1695 2671 48.

1094 2699 1119 2736 J
1125 2700 1213 2735 udas
1251 2705 1372 2736 totum
1412 2699 1590 2736 Satanam
1627 2700 1666 2735 in
1700 2712 1739 2736 se
1771 2704 1858 2747 post

1148 2764 1353 2800 buccellam
1398 2765 1540 2812 accepit
1573 2767 1647 2801 737
1669 2776 1701 2807 c,
1740 2766 1815 2801 738
1836 2776 1857 2800 e

1150 2829 1215 2864 sed
1241 2842 1314 2865 non
1341 2834 1493 2877 propter
1513 2829 1698 2877 eulogiam
1728 2827 1859 2877 mysti-

1150 2905 1229 2929 cam
1263 2896 1337 2930 737
1371 2894 1429 2930 de
1475 2893 1666 2930 arbitrium
1700 2893 1855 2929 liberum
