2017 3252
326 143 410 182 564
766 142 813 183 B.
848 140 1092 182 CYRILLI
1126 141 1470 182 ALEXANDP..

285 302 311 342 d
947 312 1296 350 ΕΠΙΛΎΣΙΣ.

404 418 508 483 Τὴν
534 419 690 486 κρίσιν
715 418 911 469 ε”σεσθαι
937 417 1055 482 μετὰ
1080 416 1166 481 τὴν
1192 419 1241 468 ἐκ
1267 422 1441 482 νεκρῶν
1467 416 1733 468 ἀνάστασιν
1757 416 1784 481 ἡ
1812 418 1912 468 θεία

329 506 574 567 πανταχοῦ
613 500 739 566 λέγει
777 499 958 568 γραφή.
1013 499 1277 552 ἀνάστασις
1308 498 1356 549 δὲ
1390 500 1472 549 οὐκ
1502 498 1650 560 ἔσται,
1682 498 1746 562 μὴ
1781 499 1912 551 αὖθις

329 582 441 646 ἡμῖν
474 582 868 650 ἐπιφοιτήσαντος
908 586 990 631 τοῦ
1025 584 1242 645 Χριστοῦ
1279 580 1335 648 ἐξ
1370 581 1579 645 οὐρανῶν
1618 581 1665 630 ἐν
1701 583 1759 647 τῇ
1795 578 1911 648 δόξῃ

329 668 413 713 τοῦ
435 663 624 729 Πατρὸς
649 661 767 726 μετὰ
793 667 887 713 τῶν
912 663 1058 728 ἁγίων
1079 660 1318 727 ἀγγέλων.
1358 663 1478 712 οὕτω
1506 663 1581 712 καὶ
1608 662 1632 711 ὁ
1659 661 1911 730 πάνσοφος
1932 672 1954 710 5

111 753 252 827 ,ῙΤΓὲΞΞ-
334 743 529 797 Παῦλός
552 751 703 811 φησιν
729 742 886 794 “”Ότι
913 743 1050 797 αὐτὸς
1078 745 1102 793 ὁ
1126 743 1297 809 Κύριος
1324 745 1371 793 ἐν
1397 742 1683 805 κελεύσματι
1709 744 1757 792 ἐν
1777 746 1913 809 φωνῇ

109 808 151 827 lv*
209 822 216 829 ’
330 832 359 855 “
385 825 691 893 ἀρχαγγέλου
730 827 804 876 καὶ
843 827 891 876 ἐν
925 824 1166 890 σάλπιγγι
1194 829 1319 875 Θεοῦ
1359 824 1680 889 καταβήσεται
1719 825 1797 875 ἀπ’
1827 826 1908 875 οὑ-

111 911 220 994 ξζνθοέἐ
292 914 359 951 θ“
382 913 539 974 ρανοῦ.
592 907 825 959 σαλπίσει
864 906 972 973 γὰρ,
1011 909 1086 957 καὶ
1127 910 1169 958 οἱ
1212 908 1360 972 νεκροὶ
1398 908 1446 957 ἐν
1472 910 1672 974 Χριστῷ
1714 905 1909 971 ἐγερθή-

332 996 360 1018 “
386 1012 554 1040 σονται
594 989 875 1056 ἄφθαρτοι.”
942 990 1072 1040 οὔπω
1111 989 1265 1040 τοίνυν
1307 989 1362 1056 ἐξ
1400 988 1597 1053 οὐρανοῦ
1637 991 1907 1050 καταβεβη-

332 1069 468 1124 κότος
493 1076 575 1121 τοῦ
601 1070 792 1122 πάντων
820 1074 1010 1136 Κριτοῦ,
1038 1069 1140 1120 οὐδὲ
1180 1070 1206 1133 ἡ
1245 1074 1339 1120 τῶν
1371 1073 1543 1135 νεκρῶν
1574 1069 1764 1134 γε’γονεν
1793 1067 1905 1118 ἀνά-
1937 1084 1985 1110 10

333 1174 522 1205 στασις.
577 1150 674 1202 εἶτα
717 1157 816 1205 πῶς
862 1152 944 1202 οὐκ
984 1152 1214 1202 ἀπίθανον
1256 1152 1438 1214 ἐννοεῖν,
1482 1150 1552 1201 ὅτι
1594 1151 1784 1216 γέγονεν
1825 1151 1913 1214 ἤδη

331 1235 458 1284 τισὶν
484 1232 801 1287 ἀνταπόδοσις
834 1232 861 1298 ἢ
887 1238 1106 1298 πονηρῶν
1133 1233 1282 1298 ε”ργων
1308 1231 1337 1296 ὴ
1364 1234 1556 1296 ἀγαθῶν
1578 1254 1590 1294 ;
1634 1232 1736 1282 ε”στι
1761 1233 1915 1283 τοίνυν

331 1317 613 1381 παραβολῆς
650 1313 824 1381 τρόπος
861 1315 1269 1382 ἐσχηματισμένος
1310 1315 1521 1376 ἀστείως,
1556 1313 1615 1364 τά
1653 1337 1702 1365 τε
1740 1315 1814 1365 ἐπὶ
1848 1318 1916 1383 τῷ

332 1397 553 1465 πλουσίῳ
611 1399 687 1447 καὶ
740 1401 806 1465 τῶ
858 1396 1058 1465 Λαζάρῳ
1103 1396 1318 1462 εἰρημένα
1360 1394 1490 1461 παρὰ
1528 1400 1757 1462 Χριστοῦ.
1821 1395 1914 1462 ε”χει

333 1476 380 1529 δὲ
419 1479 444 1528 ὁ
484 1477 641 1543 λόγος,
670 1480 731 1531 ὡς
769 1478 796 1541 ἡ
835 1479 1073 1543 Ἑβραίων
1110 1478 1375 1544 παράδοσις
1409 1477 1513 1544 ἔχει,
1548 1476 1763 1543 Λάζαρον
1801 1475 1919 1528 εἷναί
1939 1495 1985 1532 15

112 1577 200 1612 384
223 1577 274 1612 A.
295 1583 437 1611 ειτινα
474 1560 572 1610 κατ’
602 1561 746 1610 ἐκεῖνο
784 1566 945 1625 καιροῦ
984 1561 1032 1610 ἐν
1070 1565 1165 1612 τοῖς
1199 1558 1549 1625 Ἰεροσολύμοις
1587 1556 1795 1626 ἐσχάτην
1829 1581 1909 1609 νο-

334 1647 512 1692 σοῦντα
550 1642 786 1709 πτωχείαν
829 1645 903 1692 καὶ
942 1641 1223 1708 ἀρῥωστίαν,
1265 1641 1319 1691 οῦ
1360 1642 1436 1691 καὶ
1472 1646 1793 1704 μνημονεῦσαι
1835 1639 1918 1692 τὸν

337 1724 526 1789 Κύριον,
543 1725 605 1777 ὡς
631 1726 693 1776 εὶς
719 1724 1018 1789 παράδειγμα
1045 1722 1355 1786 λαμβάνοντα
1375 1724 1451 1772 καὶ
1474 1721 1615 1773 αὐτὸν
1633 1726 1694 1776 εἰς
1713 1724 1912 1791 ἐμφανε-

333 1805 508 1871 στέραν
533 1811 615 1856 τοῦ
646 1804 795 1869 λόγου
822 1803 1050 1868 δήλωσιν.
1100 1805 1230 1855 οὔπω
1268 1805 1423 1854 τοίνυν
1448 1803 1505 1871 ἐξ
1539 1804 1747 1870 οὐρανῶν
1773 1827 1916 1855 κατα-

335 1886 654 1953 φοιτήσαντος
680 1891 763 1936 τοῦ
797 1884 989 1937 πάντων
1017 1889 1237 1951 Σωτῆρος
1263 1889 1494 1950 Χριστοῦ,
1521 1886 1625 1936 οὔτε
1652 1883 1916 1940 ἀνάστασις
1937 1909 1987 1934 20

333 1966 539 2032 γέγονεν,
567 1968 670 2017 οὕτε
705 1965 924 2035 πράξεως
957 1967 1194 2020 ἀντίδοσις
1220 1966 1524 2031 ἠκολούθησέ
1551 1989 1691 2030 τισιν,
1717 1968 1826 2017 ἀλλ’
1854 1970 1918 2022 ὡς

334 2049 382 2098 ἐν
407 2048 558 2110 εἰκόνι,
585 2053 642 2116 τῇ
668 2052 925 2115 παραβολῇ
961 2047 1223 2113 γέγραπται
1254 2047 1486 2101 πλούσιος
1511 2051 1585 2099 καὶ
1622 2053 1815 2116 τρυφῶν
1841 2052 1918 2100 καὶ

290 2133 317 2175 b
336 2130 724 2198 ἀφιλοικτίρμων,
752 2132 825 2180 καὶ
854 2128 995 2194 πένης
1020 2131 1068 2180 ἐν
1095 2130 1355 2198 ἀρρωστία
1407 2130 1462 2180 ἵν’
1491 2133 1642 2180 εἰδεῖεν
1669 2134 1711 2181 οἱ
1737 2129 1820 2181 τὸν
1843 2131 1918 2182 ἐπὶ

385 2282 414 2305 1.
441 2271 598 2307 ἐπίλυσις
615 2272 752 2317 reposui
772 2284 834 2316 pro
852 2283 960 2306 more.
980 2273 1104 2316 κεφαλ.
1122 2283 1159 2306 ις·
1178 2273 1224 2307 D.
1245 2272 1312 2306 Ed.
1456 2283 1487 2306 2.
1515 2272 1551 2306 ἐκ
1571 2276 1694 2316 νεκρῶν
1710 2272 1915 2319 ἀνάστασιν]

333 2317 524 2352 ἀνάστασιν
543 2321 609 2352 τῶν
627 2322 750 2363 νεκρῶν
768 2319 854 2353 Nik.
875 2318 964 2353 Cod.
985 2319 1086 2354 Mon.
1282 2330 1314 2363 3.
1339 2321 1513 2363 πανταχοῦ
1531 2325 1752 2363 assumptum
1771 2331 1812 2353 ex
1830 2320 1916 2354 Nik.

336 2364 426 2398 Cod.
447 2364 547 2398 Mon.
565 2365 704 2399 favente
722 2371 754 2398 et
774 2365 852 2409 Syr.
1077 2378 1111 2407 4.
1136 2367 1197 2399 τοῦ
1214 2367 1361 2410 χριστοῦ
1379 2365 1417 2408 ἐξ
1434 2367 1583 2409 οὐρανῶν
1600 2366 1686 2399 Nik.
1707 2365 1796 2400 Cod.
1815 2366 1916 2400 Mon.

334 2411 373 2452 ἐξ
390 2411 533 2454 οὐρανοῦ
550 2413 609 2444 τοῦ
628 2413 780 2453 Χριστοῦ
800 2411 867 2445 Ed.
1040 2421 1073 2456 5.
1101 2410 1204 2456 οὕτω]
1229 2416 1265 2452 -Ι-
1287 2412 1352 2456 γὰρ
1370 2411 1448 2445 cod.
1467 2412 1568 2446 Mon.
1741 2411 1774 2445 6.
1801 2412 1917 2446 κελεύ-

335 2455 456 2500 σματι]
482 2461 516 2496 4-
539 2461 571 2489 et
590 2457 750 2491 Severus.
1009 2458 1042 2491 8.
1068 2457 1310 2509 ἐγερθήσονται
1330 2458 1364 2491 ἐν
1383 2460 1517 2503 χριστῷ
1535 2458 1672 2491 inverso
1690 2457 1812 2491 ordine
1830 2458 1916 2493 Nik.

336 2502 425 2536 cod.
447 2502 546 2536 Mon.
565 2503 625 2536 sed
644 2503 688 2537 cf.
706 2504 741 2536 in
761 2503 818 2536 xii.
838 2503 906 2537 Pro
910 2502 969 2547 p.h
990 2514 1051 2546 241
1074 2473 1108 2546 by
1126 2504 1159 2537 in
1181 2504 1218 2538 S.
1234 2504 1339 2538 Joan.
1357 2503 1425 2546 645
1445 2514 1475 2537 c.
1603 2515 1637 2547 9.
1664 2503 1813 2548 οὐρανῶν
1830 2504 1916 2539 Nik.

334 2548 621 2592 καταβεβηκότος]
646 2553 680 2589 -ὶ-
708 2549 837 2583 Christi
855 2549 1017 2584 Severus.
1270 2560 1322 2583 10.
1350 2550 1489 2594 γέγονεν
1505 2550 1691 2585 ἀνάστασις
1711 2550 1778 2584 hoc
1795 2550 1917 2585 ordine

335 2594 422 2628 Nik.
438 2594 527 2627 Cod.
548 2595 648 2627 Mon.
841 2606 893 2639 13.
913 2595 1207 2640 ἐσχηματισμένος
1224 2595 1367 2631 ἀστειως
1385 2595 1451 2630 hoc
1468 2596 1589 2630 ordine
1607 2596 1686 2630 Nic.
1707 2596 1796 2630 Cod.
1815 2598 1916 2631 Mon.

338 2650 392 2684 15.
418 2641 643 2684 παρ(ἱδοσις”
624 2655 694 2685 εχει
713 2641 798 2675 Nik.
817 2641 906 2675 (3.0(1
928 2642 1028 2675 Mon.
1045 2642 1112 2685 ἔφη
1130 2643 1318 2685 παράδοσις
1338 2641 1404 2675 Ed.
1706 2642 1759 2677 16.
1786 2643 1916 2688 ἐσχάτῃ

336 2688 481 2744 συνόντα
505 2687 652 2730 πτωχείᾳ
679 2702 732 2720 και
757 2686 930 2731 ιιῤῥωστιᾳ
957 2688 1041 2721 Nik.
1062 2688 1151 2721 Uod.
1173 2689 1274 2721 Mon.
1298 2688 1359 2722 Sed
1384 2688 1533 2733 ἐσχάτην
1558 2690 1723 2723 νοσοῦντα
1747 2689 1918 2734 πτωχείαν

336 2734 388 2766 καὶ
406 2732 599 2777 ἀρῥωστίαν
619 2733 721 2766 hahet
739 2733 768 2766 C
771 2734 827 2766 ml.
848 2734 965 2778 Mosq.
984 2735 1051 2776 384
1070 2735 1152 2775 (sec.
1172 2747 1206 2768 x.
1224 2735 1391 2778 ineuntis)
1411 2747 1520 2778 pauca
1537 2735 1659 2770 citans.
1757 2746 1810 2780 17.
1835 2750 1915 2779 μνη-

335 2782 496 2819 μονεῦσαι
513 2794 571 2814 τον
590 2779 712 2823 Κύριον
730 2779 795 2813 hoc
815 2780 936 2813 ordine
944 2747 1040 2813 lNik.
1061 2780 1149 2814 Cod.
1171 2781 1270 2815 R10n.
1418 2782 1470 2815 18.
1490 2782 1543 2814 καὶ
1561 2780 1676 2826 αὐτὸν]
1697 2783 1816 2816 τοῦτον
1830 2782 1915 2816 Nik.

337 2825 425 2859 Cod.
446 2825 546 2860 Mon.
701 2837 753 2869 19.
781 2826 929 2869 οἰρανῶν
948 2826 994 2860 D.
1014 2826 1098 2860 Nik.
1118 2826 1206 2861 Cod.
1227 2827 1325 2860 Mon.
1345 2826 1487 2871 ουρανοῦ
1506 2827 1572 2861 Ed.
1703 2838 1759 2862 20.
1784 2828 1917 2862 πάντων

336 2873 488 2913 σωτῆρος
506 2884 575 2905 om.
596 2871 680 2906 Nik.
701 2871 790 2905 Cod.
811 2872 911 2906 Mon.
1246 2884 1300 2907 22.
1327 2873 1379 2906 καὶ
1398 2874 1495 2918 prius
1513 2885 1584 2908 om.
1602 2873 1688 2908 Nik.
1707 2873 1795 2909 Cod.
1814 2874 1915 2908 Mon.

337 2929 392 2961 23.
417 2917 456 2951 ἵν’
478 2918 523 2952 D.
543 2918 628 2953 Nik.
647 2917 736 2951 Cod.
758 2918 858 2952 Mon.
877 2917 930 2952 ἵνα
949 2918 1016 2952 Ed.
