2027 3257
305 146 389 185 252
491 144 543 184 B.
576 142 824 184 CYRILLI
861 139 1211 181 ALEXANDR.
1250 138 1622 178 FRAGMENTA
1683 137 1710 177 i.
1736 147 1795 188 17,
1817 148 1883 178 20.

100 214 113 254 [
130 222 170 253 50
187 213 235 244 M.
253 212 268 254 ]

239 318 282 357 17
324 304 384 346 Οὐ
422 305 499 361 Γὰρ
538 303 788 345 ἀπέστειλέν
826 317 876 350 με
913 300 1091 357 Χριστὸς
1130 298 1351 356 βαπτίζειν,
1389 298 1476 339 ἀλλ’
1521 296 1868 355 εὑαῙ-Γελίςεσθαι.

378 425 707 476 Ἀπέσταλται
745 421 830 485 μὲν
862 420 1249 485 ὁμολογουμένως
1290 419 1581 487 διακηρύξων
1606 424 1702 472 τοῖς
1733 418 1889 469 ἔθνεσι

307 507 389 558 τὸν
415 508 624 570 Ἰησοῦν·
666 505 775 554 ἀλλ’
806 503 945 568 ἔργον
971 500 1089 552 εἷναί
1119 506 1275 569 φαμεν
1305 503 1387 564 τῆς
1419 502 1697 563 ἀποστολῆς
1735 499 1789 550 τὸ
1828 501 1890 553 ὡς

307 591 355 639 ἐν
382 590 525 656 καιρῷ
551 610 599 637 τε
627 589 700 637 καὶ
728 585 901 651 χρείαις
926 588 1154 649 πληροῦν,
1176 582 1253 633 εἴτ’
1277 583 1358 633 οῦν
1384 581 1554 643 ἕλοιτο,
1574 584 1648 632 καὶ
1674 579 1727 632 τὸ
1754 586 1887 642 βαπ-

308 671 439 720 τίσαι
478 667 621 721 τινάς.
680 668 755 717 ἵνα
796 665 844 716 δὲ
886 664 950 729 μὴ
992 665 1074 716 τὸν
1113 670 1197 715 τοῦ
1242 666 1410 731 χρῆναι
1449 662 1689 729 κηρύττειν
1732 661 1932 728 καιρὸν5

310 751 480 816 ἑτέροις
505 751 718 818 φαίνοιτο
745 751 966 799 δαπανῶν
992 746 1352 808 σπουδάσμασι,
1378 747 1540 810 παρεὶς
1565 745 1613 794 εὖ
1638 744 1771 804 μάλα
1797 748 1893 798 τοῖς

310 832 430 884 κατὰ
469 831 624 899 χώρας
663 833 737 881 καὶ
776 834 898 881 πᾶσι
935 827 1232 893 τεταγμένοις
1263 831 1325 882 εἷς
1359 826 1622 890 ἐπισκοπὴν
1659 825 1712 877 τὸ
1749 829 1812 881 ὡς
1846 828 1894 877 ἐν

311 918 471 982 σχολῇ
510 919 648 964 τοῦτο
688 915 816 978 δρᾶν,
844 910 1165 976 εὐηγγελίζετο
1203 913 1394 972 μᾶλλον
1426 908 1577 970 αὐτὸς,
1606 907 1685 959 ἅτε
1724 906 1780 971 δὴ
1819 909 1895 958 καὶ

313 997 463 1060 λόγου
502 996 663 1062 χρείαν
699 992 1065 1055 πεπιστευμένος·
1105 993 1180 1041 καὶ
1218 990 1345 1042 πολὺ
1383 991 1493 1040 λίαν
1531 988 1804 1056 ἠκριβωκὼς
1841 988 1895 1040 τὸ

314 1081 532 1142 Χριστοῦ
577 1074 851 1140 μυστήριον·
916 1072 1026 1123 ἀλλ’
1068 1071 1232 1138 ὥσπερ
1275 1073 1298 1122 ὁ
1339 1071 1595 1126 θεσπέσιος
1640 1071 1896 1140 Στέφανος,
1920 1087 1968 1113 10

314 1160 462 1209 καίτοι
498 1157 737 1224 τραπεζῶν
765 1156 978 1207 διάκονον
1013 1154 1443 1221 προχειρισάμενος,
1470 1154 1552 1203 οὐκ
1590 1151 1899 1222 ἀπόπεμπτον

314 1242 512 1291 ἐποιεῖτο
539 1239 591 1289 τὸ
619 1241 786 1306 χρῆναι
812 1241 1160 1301 μυσταγωγεῖν,
1185 1237 1306 1286 οὕτω
1334 1238 1408 1285 καὶ
1436 1236 1460 1285 ὁ
1487 1234 1740 1288 θεσπέσιος
1768 1237 1900 1284 Παῦ-

315 1329 400 1374 λος
436 1322 582 1371 καίτοι
617 1319 872 1380 τεθειμένος
903 1321 966 1371 εἷς
991 1317 1045 1368 τὸ
1077 1319 1170 1367 δεῖν
1198 1315 1570 1386 εὐαγγελίζεσθαι
1603 1314 1658 1366 τὸ
1683 1318 1900 1381 Χριστοῦ

316 1404 590 1469 μυστήριον,
618 1399 824 1467 ἐπλήρου
859 1399 978 1450 κατὰ
1013 1398 1173 1464 καιρὸν
1212 1401 1287 1448 καὶ
1324 1397 1410 1461 τὴν
1447 1403 1530 1448 τοῦ
1568 1398 1900 1460 βαπτίσματος

318 1486 491 1553 χρείαν,
518 1482 821 1549 προκειμένης
856 1482 924 1532 ἐπ’
954 1481 1099 1548 ἄμφω
1126 1482 1207 1543 τῆς
1239 1479 1457 1548 ἐξουσίας
1484 1480 1622 1548 αὐτῷ,
1650 1480 1725 1529 καὶ
1748 1478 1897 1548 ἐξείρ-
1922 1494 1969 1531 15

318 1590 486 1633 γοντος
513 1564 696 1618 οὐδενὸς
720 1564 847 1629 ε’ίπερ
872 1560 1028 1613 ἕλοιτο
1054 1567 1192 1613 τοῦτο
1219 1563 1348 1627 δρᾶν.

254 1763 301 1786 20
390 1743 476 1783 Ποῦ
516 1742 676 1797 σοφόε;
721 1743 800 1781 Ποῦ
841 1740 1136 1796 Γραμματεύε;
1179 1742 1259 1781 Ποῦ
1299 1740 1528 1796 συζΗτΗτέιε
1565 1743 1639 1781 τοῦ
1679 1736 1836 1779 αἰῶνος

1026 1824 1202 1874 τούτου,

398 1941 509 1990 Τοῖς
554 1934 636 1999 μὲν
676 1935 797 2000 μέγα
838 1938 1099 2002 φρονοῦσιν
1140 1934 1214 1983 ἐπὶ
1254 1932 1406 2001 σοφίᾳ
1452 1936 1655 2000 κοσμικῇ
1699 1934 1775 1983 καὶ
1818 1930 1906 1995 τὴν

101 2034 206 2089 Ξιμπει
223 2044 289 2064 ver.
323 2018 486 2070 πίστιν
513 2019 566 2068 οὐ
590 2016 929 2084 προσιεμένοις,
958 2017 1104 2078 δῆλον
1130 2013 1178 2065 δὲ
1205 2013 1274 2065 ὅτι
1300 2013 1386 2078 τὴν
1411 2018 1473 2067 εἷς
1497 2013 1728 2079 Χριστὸν,
1753 2012 1905 2079 μωρία
1924 2043 1974 2068 20

104 2079 153 2109 ἡ
324 2100 378 2151 τὸ
405 2100 696 2165 εὐαγγέλιον·
751 2099 859 2162 ἡμῖν
886 2095 934 2148 δὲ
961 2097 1049 2163 οὐχ
1074 2097 1235 2158 οὕτως,
1264 2101 1453 2146 πολλοῦ
1478 2118 1532 2161 γε
1559 2097 1634 2146 καὶ
1661 2098 1743 2146 δεῖ·
1799 2097 1901 2145 δια-

325 2182 565 2245 τεθείμεθα
605 2180 699 2246 γὰρ
740 2179 809 2231 ὅτι
852 2179 1043 2242 δύναμις
1085 2181 1211 2228 Θεοῦ
1251 2179 1366 2239 ἐστι,
1408 2180 1483 2227 καὶ
1524 2177 1761 2243 σωτηρίας
1800 2175 1907 2230 ὁδὸς

326 2263 638 2331 ἀποφέρουσα
676 2261 794 2327 πρὸς
832 2259 1085 2326 ἁγιασμόν,
1114 2261 1188 2310 καὶ
1229 2263 1291 2312 εἷς
1328 2258 1413 2323 τὴν
1436 2262 1519 2322 τῆς
1550 2259 1772 2323 ἀληθείας
1801 2258 1904 2309 ἐπί-

327 2367 508 2409 γνωσιν
533 2346 912 2408 παιδαγωγοῦσα
947 2345 1114 2410 σοφῶς
1154 2343 1376 2409 δαψιλῶν
1402 2339 1729 2406 κηρυγμάτων.
1781 2338 1907 2403 οἶμαι

328 2425 376 2476 δὲ
411 2425 559 2490 ε”γωγε
598 2424 770 2493 σοφοὺς
809 2430 891 2474 νῦν
924 2423 1065 2474 αὐτὸν
1099 2425 1356 2473 ἀποκαλεῖν
1389 2420 1495 2474 τοὺς
1528 2421 1746 2488 ῥήτορας,
1775 2420 1819 2472 οἳ
1848 2424 1906 2489 τῇ
1927 2444 1976 2483 25

329 2511 423 2557 τῶν
462 2506 622 2571 λόγων
661 2505 885 2568 δεινότητι
923 2503 977 2555 τὸ
1016 2502 1214 2555 πιθανὸν
1254 2505 1322 2553 ἀεὶ
1367 2506 1433 2572 τῷ
1477 2503 1639 2570 ψεύδει
1683 2503 1903 2566 συμπλέ-

331 2610 500 2649 κοντες,
536 2590 617 2650 τῆς
656 2586 877 2650 ἀληθείας
916 2586 1041 2654 αὐτῷ
1079 2584 1165 2647 τὴν
1203 2584 1397 2648 δόκησιν
1434 2589 1689 2649 περιποιεῖν
1726 2582 1905 2636 ἐστι-ου’-

331 2667 484 2733 δαζον
537 2666 842 2736 γραμματεάς
869 2666 916 2717 δὲ
943 2664 1069 2729 οἶμαι
1103 2665 1209 2719 τοὺς
1235 2664 1596 2731 γραμματιστὰς
1621 2665 1723 2729 ἤτοι
1748 2688 1903 2731 γραμ-

332 2747 570 2813 ματικοὺς,
619 2748 685 2801 οἷς
736 2747 793 2811 ἧν
837 2748 939 2800 ε”θος
990 2746 1074 2800 τὰς
1123 2751 1217 2797 τῶν
1266 2751 1474 2810 ποιητῶν
1522 2746 1909 2813 περιεργάζεσθαι

331 2829 621 2897 συγγραφὰς
657 2831 731 2880 καὶ
771 2828 1079 2894 διερμηνεύειν
1118 2833 1212 2881 τοῖς
1252 2827 1381 2880 νέοις·
1430 2828 1671 2899 συζητητὰς
1704 2829 1762 2879 δέ
1784 2833 1908 2896 φησι
1926 2855 1977 2891 30

332 2912 437 2966 τοὺς
478 2915 765 2978 λογομαχεῖν
790 2908 1007 2963 εἰωθότας
1047 2911 1121 2960 καὶ
1160 2909 1374 2977 ἀκριβείᾳ
1401 2911 1538 2973 δῆθεν
1560 2914 1653 2961 τῶν
1678 2909 1904 2979 πραγμά-
