2017 3252
310 135 396 174 470
742 132 793 172 B.
825 131 1073 172 CYRILLI
1114 130 1466 171 ALEXANDR.

313 248 460 324 (nx-z<
506 264 640 356 uxr<
687 253 1008 318 Qash:
1067 245 1192 303 <Aa
1242 257 1415 323 *sxa-3
1470 262 1698 301 remu:
1748 251 1896 300 Aut-<³

1031 335 1094 400 030
1121 339 1266 387 nnc-<²⁸
1315 327 1474 395 ,ρο-Δ
1525 327 1734 401 ..IRA-u<
1773 324 1897 383 da

1025 479 1184 528 XIII.

385 579 592 632 Τούτους
630 578 956 644 προανετύπου
993 577 1078 642 μὲν
1117 580 1142 629 ὁ
1181 578 1336 642 νόμος,
1377 577 1701 645 προεκήρυξαν
1734 576 1782 628 δὲ
1824 579 1899 627 καὶ

89 677 270 708 Lewxxiv.
309 662 565 727 προφῆται.
618 659 882 725 γέγραπται
920 665 1036 724 γοῦν
1066 661 1115 710 ἐν
1147 663 1376 728 μωσαικῷ
1418 660 1595 728 βιβλίῳ
1632 666 1659 688 “
1681 661 1776 708 Καὶ
1814 657 1899 721 λή-

91 722 208 762 5,,-67

97 1649 128 1679 S.
143 1646 266 1678 Matth.

97 1702 128 1722 v.
149 1700 198 1729 14.

312 748 338 770 “
364 744 520 808 ψεσθε
556 742 808 804 σεμίδαλιν
843 742 918 791 καὶ
955 740 1178 804 ποιήσετε
1213 740 1357 804 αὐτὴν
1393 741 1571 790 δώδεκα
1612 739 1780 805 ἄρτους
1826 737 1901 789 καὶ

313 830 339 852 “
366 821 611 886 ἐπιθήσετε
644 821 809 876 αὐτοὺς
840 822 922 873 δύο
957 823 1136 884 θέματα
1171 824 1245 873 ἐπὶ
1279 821 1364 885 τὴν
1390 820 1621 887 τράπεζαν
1646 820 1731 884 τὴν
1757 823 1902 871 καθα-

313 912 340 934 “
366 903 454 970 ράν
481 904 633 954 ε”ναντι
661 904 838 969 Κυρίου
874 906 948 954 καὶ
975 903 1220 967 ἐπιθήσετε
1252 905 1325 954 ἐπὶ
1360 902 1414 954 τὸ
1447 903 1566 967 θέμα
1600 903 1799 963 λίβανον
1826 903 1902 952 καὶ

315 993 341 1016 “
368 985 488 1038 ἅλας
514 988 588 1036 καὶ
615 985 803 1036 ε”σονται
838 989 900 1037 εἷς
936 985 1103 1050 ἄρτους
1141 989 1201 1039 εἰς
1243 984 1507 1049 ἀνάμνησιν
1532 984 1813 1050 προκείμενα
1837 985 1903 1050 τῷ

315 1075 342 1097 “
373 1066 581 1136 Κυρίῳ.”
635 1067 776 1132 ἄρτος
806 1066 890 1130 μὲν
917 1065 1010 1132 γὰρ
1043 1068 1068 1117 ὁ
1103 1067 1160 1136 ἐξ
1190 1067 1387 1133 οὐρανοῦ
1413 1065 1656 1117 κατελθὼν
1682 1068 1758 1115 καὶ
1783 1063 1902 1130 ζωὴν

315 1146 468 1202 διδοὺς
505 1151 571 1216 τῷ
616 1146 796 1217 κόσμῳ,
831 1148 900 1201 τίς
942 1146 1000 1197 ἂν
1040 1148 1193 1212 ἕτερος
1237 1147 1304 1212 ε’ίη
1347 1146 1478 1213 παρὰ
1518 1145 1601 1197 τὸν
1641 1150 1735 1196 τῶν
1777 1145 1904 1196 ὅλων

317 1232 517 1295 Σωτῆρα
543 1228 795 1294 Χριστόν;
839 1228 958 1279 κατὰ
992 1230 1193 1293 μίμησιν
1229 1228 1277 1280 δὲ
1317 1228 1403 1292 τὴν
1434 1228 1552 1294 πρὸς
1590 1225 1746 1289 αὐτὸν,
1772 1226 1905 1292 ἄρτοι

317 1311 568 1374 κέκληνται
602 1311 678 1360 καὶ
717 1313 758 1360 οἱ
797 1308 1016 1376 μακάριοι
1055 1311 1276 1374 μαθηταί·
1319 1310 1508 1376 μέτοχοι
1541 1308 1634 1374 γὰρ
1660 1306 1905 1373 γεγονότες

316 1396 399 1442 τοῦ
426 1391 682 1460 τρέφοντος
708 1391 828 1455 ἡμᾶς
855 1395 917 1444 εἰς
942 1390 1060 1457 ζωὴν
1087 1391 1285 1453 αἰώνιον,
1311 1390 1540 1457 τρέφουσι
1567 1391 1642 1440 καὶ
1668 1390 1797 1439 αὐτοὶ
1830 1387 1905 1438 διὰ

318 1477 412 1523 τῶν
452 1474 580 1523 ἰδίων
612 1473 1004 1538 συγγραμμάτων
1030 1472 1138 1526 τοὺς
1166 1477 1422 1524 πεινῶντας
1449 1474 1523 1522 καὶ
1550 1474 1791 1539 διψῶντας
1820 1469 1904 1533 τὴν

320 1555 638 1618 δικαιοσύνην.
687 1553 851 1620 ὥσπερ
877 1553 923 1604 δὲ
951 1558 1054 1622 φῶς
1081 1552 1304 1621 ὑπάρχων
1330 1553 1384 1604 τὸ
1409 1552 1634 1617 ἀληθινὸν
1660 1554 1685 1603 ὁ
1713 1549 1901 1617 Σωτὴρ,

321 1640 423 1704 φῶς
458 1634 677 1697 ὠνόμασε
713 1637 788 1686 καὶ
823 1635 930 1689 τοὺς
963 1635 1191 1699 μαθητοῖς·
1236 1642 1262 1665 “
1286 1637 1446 1698 “Υμεῖς
1470 1634 1563 1700 γάρ
1589 1635 1696 1684 ἐστε
1722 1631 1776 1683 τὸ
1803 1637 1906 1700 φῶς

321 1725 349 1748 “
375 1723 458 1769 τοῦ
484 1716 715 1780 κόσμου·”
760 1718 905 1770 οὕτως
932 1720 1007 1766 καὶ
1035 1716 1174 1771 αὐτὸς
1199 1716 1261 1766 ὢν
1286 1717 1310 1766 ὃ
1338 1716 1477 1782 ἄρτος
1502 1719 1584 1778 τῆς
1610 1715 1726 1781 ζωῆς
1752 1713 1907 1781 ἐχαρί-

320 1822 444 1850 σατο
481 1803 578 1852 τοῖς
614 1800 777 1849 ἑαυτοῦ
812 1802 1041 1861 μαθηταῖς
1068 1798 1122 1848 τὸ
1150 1800 1197 1848 ἐν
1223 1797 1353 1866 τάξει
1380 1801 1587 1847 νοεῖσθαι
1613 1801 1707 1847 τῶν
1731 1796 1902 1861 ἄρτων.

322 1880 404 1931 καί
437 1903 516 1942 μοι
542 1879 693 1941 βλέπε
720 1885 802 1930 τοῦ
842 1879 986 1941 νόμου
1020 1878 1074 1930 τὸ
1110 1879 1328 1946 εὐτεχνές·
1367 1878 1611 1942 ἐπιθήσετε
1636 1877 1728 1943 γοίρ
1756 1883 1906 1944 φησιν

322 1962 396 2011 ἐπὶ
437 1959 544 2014 τοὺς
579 1960 747 2026 ἄρτους
789 1961 988 2021 λίβανον
1015 1961 1090 2010 καὶ
1129 1958 1263 2013 ἅλας·
1305 1961 1380 2010 καὶ
1422 1960 1447 2009 ὁ
1488 1958 1573 2018 μὲν
1599 1959 1795 2020 λίβανος
1836 1959 1907 2008 εὑ-

323 2042 462 2093 ωδίας
503 2043 605 2091 ἐστὶ
646 2041 915 2104 σύμβολον·
970 2044 1011 2090 οἱ
1053 2039 1101 2091 δὲ
1143 2039 1267 2103 ἅλες,
1308 2040 1544 2092 συνέσεως
1585 2041 1661 2090 καὶ
1703 2044 1902 2107 φρενῶν.

323 2123 584 2191 ἐνυπῆρχον
610 2122 658 2173 δὲ
692 2123 844 2189 ἄκρως
879 2121 1124 2191 ἀμφότερα
1158 2126 1254 2176 τοῖς
1291 2121 1439 2187 ἁγίοις
1479 2120 1783 2175 ἀποστόλοις.
1835 2122 1905 2172 εὐ-

372 2257 520 2291 Niketas
541 2257 600 2302 (cf.
621 2257 758 2292 Maium
781 2259 817 2292 in
841 2258 877 2292 S.
894 2257 978 2293 Luc.
1002 2258 1147 2292 Patrum
1167 2258 1257 2292 Bibl.
1277 2258 1368 2292 Nov.
1387 2257 1421 2291 ii.
1445 2258 1524 2302 139)
1550 2257 1610 2290 οὐκ
1634 2255 1907 2302 ἠγνόησεν-τοῦ

325 2306 432 2349 λόγου
450 2304 530 2338 citat
547 2310 714 2350 tanquam
731 2306 975 2350 χρυσοστόμου
993 2306 1075 2338 κατὰ
1093 2305 1231 2339 ἷωάννου
1257 2319 1309 2338 και
1332 2305 1495 2349 κυρίλλου
1513 2305 1627 2348 ὁμιλία
1652 2303 1712 2337 sed
1730 2304 1847 2337 omnia
1863 2303 1907 2337 ad

328 2350 365 2384 S.
381 2350 506 2394 Chrys.
527 2350 637 2385 Hom.
653 2351 690 2384 in
709 2350 746 2385 S.
761 2351 962 2385 Johannem
980 2352 1049 2385 xvi.
1070 2352 1128 2396 §3
1146 2351 1331 2395 pertinent.

372 2409 405 2438 4.
432 2408 450 2429 e
469 2397 588 2430 Maio
580 2409 617 2430 m
637 2397 672 2431 S.
686 2397 771 2431 Luc.
787 2410 820 2442 p.
828 2409 904 2442 190.
922 2398 1018 2441 (cum
1031 2398 1107 2432 cod.
1116 2398 1240 2431 Vienn.
1256 2397 1422 2442 [suprap.
1438 2396 1522 2441 458]
1538 2408 1608 2429 non
1621 2395 1781 2440 contuli.)
1824 2396 1906 2430 Par-

325 2442 389 2475 tim
410 2442 548 2476 exhibet
569 2449 602 2477 et
619 2443 655 2476 in
674 2443 827 2477 Catena
820 2456 857 2477 m
878 2444 1056 2477 Heblaeos
1075 2450 1107 2477 et
1124 2444 1160 2477 in
1180 2444 1399 2477 Matthaeum
1416 2443 1562 2476 Niketas
1581 2442 1693 2475 idem:
1721 2443 1757 2475 in
1776 2442 1852 2476 Cat.
1870 2443 1907 2476 in

329 2488 441 2522 Hebr.
468 2489 535 2522 inci
526 2489 635 2533 .piens
665 2488 758 2533 [cod.
780 2490 1053 2523 Mediolanensis
1071 2502 1100 2524 a.
1123 2502 1228 2534 supra
1252 2488 1327 2534 cit.]
1353 2488 1585 2532 προανετὺπου
1608 2489 1644 2521 δὲ
1669 2488 1733 2531 ἄρα
1756 2489 1809 2521 καὶ
1828 2488 1907 2523 τοὺς

326 2534 511 2577 μακαρίους
535 2535 685 2578 μαθητας
710 2536 764 2568 διὰ
789 2535 916 2569 τούτων
941 2537 959 2568 ὁ
978 2537 1088 2576 νόμος·
1114 2536 1311 2580 γέγραπται,
1330 2535 1365 2568 in
1384 2535 1460 2568 Cat.
1483 2540 1598 2568 autem
1623 2535 1660 2568 in
1686 2534 1907 2568 Matthaeum

327 2580 464 2623 (Codex
484 2580 700 2614 Matritensis
722 2581 813 2615 Bibl.
831 2581 933 2615 Publ.
954 2581 986 2615 O
1005 2581 1061 2616 62.
1079 2581 1138 2616 fol.
1155 2581 1232 2624 246.
1251 2587 1284 2614 et
1301 2581 1355 2614 ed.
1374 2593 1407 2624 p.
1423 2580 1503 2624 356)
1521 2579 1667 2616 Τούτους
1683 2581 1760 2616 τοὺς
1778 2581 1907 2614 δώδεκα

326 2626 476 2669 μαθητὰς
506 2627 559 2659 καὶ
592 2628 610 2659 ὁ
643 2628 744 2670 νόμος
775 2626 1008 2669 προανετὺπου
1041 2628 1095 2661 καὶ
1127 2629 1158 2661 οἱ
1195 2628 1368 2672 προφηταὶ
1402 2626 1675 2671 προανεκὴρυξαν
1705 2626 1906 2672 γέγραπται.

327 2680 360 2713 5.
386 2672 438 2705 ὅτι
457 2683 520 2716 pro
538 2673 591 2705 καὶ
611 2672 699 2707 Cod.
719 2673 815 2707 Med.
913 2682 945 2718 7.
971 2673 1031 2707 δύο
1048 2674 1122 2716 θεμ.
1141 2680 1173 2707 et
1191 2674 1246 2707 ἐπὶ
1263 2674 1301 2706 τὸ
1320 2673 1405 2717 θεμα
1422 2679 1455 2707 et
1472 2674 1525 2707 καὶ
1542 2674 1772 2717 ἔσονται-τῷ
1791 2673 1906 2717 Κυρίῳ

327 2729 398 2751 om.
414 2717 491 2751 Cat.
509 2718 640 2752 Matrit.
742 2730 794 2752 11.
813 2719 1075 2765 τις-χριστόν]
1095 2720 1194 2755 αὐτός
1212 2720 1306 2753 ἐστιν
1323 2721 1340 2752 ὁ
1358 2721 1501 2763 χριστός
1521 2719 1612 2754 Catt.
1632 2719 1728 2753 Med.
1747 2725 1780 2752 et
1798 2719 1905 2752 Matr.

330 2774 383 2808 13.
409 2765 566 2809 μακάριοι
584 2776 653 2798 om.
674 2764 752 2798 Cat.
772 2765 916 2799 Mediol.
1077 2774 1128 2808 17.
1156 2767 1208 2799 καὶ
1225 2766 1302 2800 τοὺς
1318 2765 1482 2810 μαθητάς]
1502 2767 1555 2799 καὶ
1572 2765 1693 2800 αὐτούς
1711 2765 1788 2799 Cat.
1808 2764 1905 2798 Med.

325 2809 447 2845 αὐτούς
466 2810 542 2845 Cat.
561 2811 666 2844 Matr.
887 2812 938 2846 18.
964 2810 1111 2857 κόσμου]
1135 2816 1172 2852 -ὶ-
1193 2813 1303 2856 φησιν
1321 2811 1396 2846 Cat.
1417 2812 1523 2846 Matr.
1543 2818 1576 2845 et
1595 2811 1691 2845 Med.
1763 2811 1817 2845 καὶ
1834 2822 1904 2844 om.

328 2856 505 2890 CatMed.
565 2856 786 2902 ἐχαρίσαντο]
807 2861 843 2897 -4-
865 2858 919 2891 καὶ
937 2858 1014 2892 Cat.
1034 2858 1139 2891 Matr.
1396 2869 1448 2903 19.
1475 2859 1595 2893 ἑαυτοῦ
1611 2869 1681 2892 om.
1702 2856 1778 2892 Cat.
1798 2857 1904 2891 Matr.

327 2912 382 2936 22.
408 2904 544 2948 φρενῶν
562 2910 596 2937 et
614 2903 785 2939 συνέσεως
803 2904 892 2938 inter
910 2916 946 2938 se
963 2904 1159 2949 transponit
1177 2903 1253 2939 Cat.
1274 2904 1378 2938 Matr.

1926 1082 1974 1107 10

1929 1896 1978 1920 20
