1986 3282
99 127 298 179 xviii.40.
470 126 542 167 IN
582 127 624 167 S.
659 126 993 167 ιῘΟΑΝΝΕΜ.
1058 126 1184 167 LIB.
1219 127 1322 168 XII.
1639 131 1693 170 59

98 234 265 304 ἀρχὴν,
303 235 363 287 τὰ
402 241 609 288 πλεῖστα
649 234 819 287 λοιπὸν
860 240 954 286 τῶν
995 237 1102 286 καθ’
1146 235 1336 289 ἑαυτοὺς
1371 240 1466 289 τοῖς
1507 237 1691 287 ἐκείνων

98 317 403 386 παρεχώρουν
430 316 605 380 νόμοις.
645 320 719 369 καὶ
750 323 866 383 γοῦν
891 317 1103 387 φονεύειν
1128 318 1237 387 ἐξὸν
1263 318 1345 369 τὸν
1373 319 1451 369 ἐπί
1470 341 1569 369 τισι
1596 323 1690 369 τῶν

98 400 289 452 ἀτόπων
315 401 716 466 κατεγνωσμένον,
742 402 803 454 ὡς
829 400 910 450 ἕνα
935 405 1030 451 τῶν
1056 400 1279 451 τοιούτων
1308 400 1508 470 Πιλάτω
1533 423 1689 466 προσ-

97 485 216 548 ῆγον
254 482 338 533 τὸν
362 484 568 546 Ἰησοῦν,
604 482 825 548 λέγοντες
861 484 1053 546 ““Ημῖν
1085 483 1168 533 οὐκ
1207 483 1392 551 ἔξεστιν
1420 484 1687 533 ἀποκτεῖναι
1751 492 1870 566 ἓὲιῇναῐ

55 584 78 624 5
99 571 126 593 “
147 564 354 616 οὐδένα.”
396 568 433 616 εὶ
459 564 553 631 γὰρ
579 566 654 616 καὶ
680 564 974 616 ἐπλοίττοντο
997 564 1142 632 τυχὸν
1168 563 1250 616 τὸν
1275 567 1349 616 ἐπὶ
1375 568 1441 634 τῷ
1468 566 1689 634 ἁγνισμῴ
1794 548 1818 566 Ι’
1835 545 1851 575 3
1878 561 1883 567 ’

96 652 181 699 τοῦ
228 646 399 715 πάσχα
450 647 764 714 καθαρισμὸν,
807 648 918 698 ἀλλ’
966 647 1047 697 οὖν
1091 648 1140 698 ἐν
1184 646 1334 717 τούτῳ
1376 646 1432 711 δὴ
1474 646 1691 710 μάλιστα

96 729 451 793 κολακεύουσιν,
499 732 561 784 ὡς
610 735 708 784 τοῖς
750 730 998 793 Ῥωμαίων
1042 729 1366 796 ἐπιτρέποντες
1412 728 1570 793 νόμοις
1615 730 1692 780 καὶ

96 809 217 878 ἅπερ
242 812 397 867 αὐτοῖς·
423 811 602 863 ἄνωθεν
628 810 682 863 τὸ
710 815 834 863 θεῖον
859 812 1010 863 ἐδίδου
1035 810 1345 878 πρόσταγμα.

1713 914 1918 950 a1042A.

94 966 393 1026 ἘκραύΓασαν
432 966 506 1010 οὖν
544 969 672 1010 Πάλιν
711 968 909 1016 λείη-οντες
946 967 1018 1009 Μή
1059 970 1225 1019 τοῦτον,
1263 967 1376 1009 ἀλλὰ
1415 968 1488 1011 τὸν
1525 967 1688 1025 Βαραβ·
1714 979 1764 1013 40

31 1061 79 1086 10
487 1054 575 1101 Βᾶν·
626 1049 676 1094 ἦν
716 1051 761 1093 δὲ
799 1053 822 1095 ὁ
864 1051 1089 1109 Βαραββᾶς
1127 1052 1301 1109 λῌοτήε.

170 1164 537 1234 Ἐξελέγχονται
575 1165 724 1217 πάλιν
762 1167 850 1217 κάν
888 1165 1039 1235 τούτῳ
1080 1164 1136 1230 δὴ
1175 1164 1372 1235 σφόδρα
1409 1163 1691 1231 παρανομή-

97 1270 270 1302 σαντες
296 1247 526 1312 Ἰουδαῖοι,
555 1251 631 1300 καὶ
666 1253 767 1302 ταῖς
803 1249 989 1302 οἰκείαις
1026 1252 1220 1312 μᾶλλον
1257 1248 1456 1302 εἴκοντες
1490 1248 1692 1312 ἡδοναῖς,

97 1328 245 1394 ἤγουν
290 1335 513 1394 τιμῶντες
563 1330 622 1382 τὰ
665 1330 816 1382 πάλαι
857 1329 1225 1392 τεθεσπισμένα·
1290 1336 1373 1381 τοῦ
1414 1329 1508 1396 γὰρ
1548 1328 1692 1392 νόμου

97 1417 181 1463 τοῦ
216 1411 292 1463 διὰ
320 1413 581 1476 Μωυσέως,
607 1412 690 1464 τὸν
724 1413 956 1467 ἀκουσίως
996 1411 1178 1463 ἁλόντα
1217 1411 1449 1481 φονευτὴν
1476 1414 1692 1462 ἀνεῖσθαι

32 1509 79 1547 15
100 1494 383 1558 κελεύοντος,
419 1496 506 1564 οὐχ
537 1496 617 1546 ἕνα
652 1500 747 1546 τῶν
782 1494 1022 1546 τοιούτων·
1079 1493 1257 1557 πόθεν;
1320 1494 1605 1559 περιβόητον
1646 1492 1738 1545 &gb

98 1582 288 1641 μᾶλλον
322 1577 563 1647 ἐξαιτοῦσι
600 1580 785 1651 λῃστήν.
839 1576 910 1628 ὅτι
944 1576 993 1628 δὲ
1035 1578 1215 1641 ἀπηνής
1257 1600 1306 1628 τε
1346 1580 1420 1628 καὶ
1465 1577 1627 1643 ἄγριος
1669 1577 1694 1626 ὁ

99 1662 430 1724 μνημονευθεῖς
456 1661 532 1711 καὶ
570 1665 664 1711 τῶν
690 1663 772 1724 τῆς
805 1661 1077 1729 μιαιφονίας
1103 1660 1418 1724 ἐγκλημάτων
1445 1660 1527 1710 οὐκ
1555 1661 1690 1723 ἀμοι-

99 1741 253 1808 ρήσας
285 1742 461 1809 ὁρᾶται,
486 1746 716 1812 σαφηνιεῖ
745 1740 801 1806 δὴ
837 1741 991 1808 λέγων
1020 1743 1045 1792 ὁ
1072 1741 1330 1795 θεσπέσιος
1361 1741 1544 1808 Πέτρος
1575 1741 1693 1807 πρὸς

99 1823 206 1878 τοὺς
237 1829 331 1876 τῶν
356 1825 594 1876 Ἰουδαίων
628 1823 775 1879 λαούς
811 1831 838 1854 “
857 1825 1018 1889 εΥμεῖς
1053 1823 1101 1874 δὲ
1135 1823 1219 1875 τὸν
1246 1822 1381 1890 ἅγιον
1409 1826 1483 1874 καὶ
1516 1824 1694 1874 δίκαιον
1756 1836 1916 1909 ἐξεφ-ἥδ·

31 1937 80 1962 20
102 1914 128 1937 ‘⁶
153 1907 443 1974 ἠρνήσασθε,
472 1909 546 1958 καὶ
582 1907 833 1976 ᾐτήσασθε
868 1908 1016 1974 ἄνδρα
1043 1907 1191 1976 φονέα
1220 1909 1509 1975 χαρισθῆναι
1540 1907 1690 1970 ὑμῖν.”
1760 1890 1886 1963 14pm'

101 1989 184 2041 τὸν
218 1988 311 2056 γὰρ
337 1989 412 2040 διὰ
447 1996 587 2041 τοῦτο
617 1993 700 2054 τῆς
732 1988 953 2055 ἰσότητος
984 1992 1067 2054 τῆς
1092 1988 1212 2056 πρὸς
1237 1988 1362 2040 Θεὸν
1398 1991 1472 2039 καὶ
1501 1989 1696 2055 Πατέρα

104 2071 540 2141 καταφρονήσαντα
598 2074 674 2123 καὶ
726 2071 813 2137 τὴν
868 2071 1097 2138 ἡμετέραν
1148 2072 1386 2139 πτωχείαν
1434 2075 1691 2135 μετημφιε-

104 2154 299 2218 σμένον,
346 2154 400 2205 ἵν’
443 2154 564 2218 ἡμᾶς
604 2154 824 2223 ἐξέληται
874 2159 957 2205 τοῦ
1008 2153 1127 2204 κατὰ
1172 2153 1399 2218 ἀλήθειαν
1449 2158 1694 2221 φονευτοῦ,

103 2236 333 2298 τουτέστι,
373 2241 456 2287 τοῦ
499 2240 700 2299 σατανᾶ,
739 2239 823 2299 τῆς
861 2239 922 2289 εἰς
961 2235 1041 2286 ἕνα
1080 2234 1270 2303 λῃστὴν
1308 2235 1498 2300 ἀγάπης
1537 2236 1694 2286 ὀπίσω
1713 2260 1735 2287 0

34 2337 83 2376 25
103 2316 371 2381 τάττουσιν,
399 2321 441 2369 οἱ
474 2319 531 2385 τῇ
561 2317 681 2369 κατὰ
716 2316 860 2382 νόμον
891 2318 1122 2386 ἱερωσύνῃ
1155 2316 1579 2383 λελαμπρυσμένοι
1618 2320 1695 2368 καὶ

103 2399 299 2468 ὑψηλὴν
336 2401 412 2452 ἐπὶ
446 2400 628 2454 τούτοις
659 2399 974 2453 ἀνατείνοντες
1007 2399 1093 2465 τὴν
1131 2398 1299 2468 ὀφρὺν,
1334 2398 1695 2465 παρελάσαντες

103 2481 151 2533 δὲ
189 2484 263 2533 καὶ
292 2484 355 2536 ὡς
394 2481 526 2533 οὐδὲν
553 2481 677 2536 ὅλως
708 2479 1046 2548 παρωσάμενοι
1071 2481 1126 2532 τό
1154 2488 1181 2511 “
1200 2485 1361 2548 Κρῖμα
1387 2481 1564 2532 δίκαιον
1592 2482 1690 2547 κρί-
1755 2492 1918 2522 Zach.vii.

103 2571 130 2594 ‘⁶
151 2565 290 2627 νετε,”
310 2568 541 2615 δικαιοῦσι
567 2562 649 2614 τὸν
677 2563 923 2631 φονευτὴν,
943 2562 1160 2630 Χριστὸν
1180 2564 1548 2628 κατακρίνοντες,
1565 2586 1693 2626 παμ-
1755 2545 1784 2576 9’

103 2648 258 2715 ψηφεὶ
285 2644 334 2696 δὲ
366 2646 563 2712 λέγουσι
598 2644 672 2706 Μὴ
708 2648 848 2697 τοῦτον
882 2644 1019 2697 ἀλλὰ,
1053 2649 1120 2697 τὸν
1149 2646 1422 2713 Βαραββᾶν.
1475 2645 1693 2695 Ἰουδαῖοι

34 2754 83 2790 30
103 2726 188 2791 μὲν
225 2728 307 2778 οὖν
331 2730 413 2792 τῆς
438 2729 512 2779 ἐπὶ
543 2728 693 2798 τούτῳ
725 2728 1008 2789 δυσσεβείας
1047 2727 1336 2778 ἀποτίσουσι
1373 2727 1518 2780 δίκας·
1572 2731 1687 2777 θαυ-

152 2868 184 2902 3.
210 2855 484 2900 κατεγνωσμένον
509 2859 575 2890 τῶν
599 2856 733 2890 ἀτόπων
757 2855 896 2890 inverso
922 2855 1044 2890 Ordine
1069 2867 1099 2889 a.
1127 2855 1237 2889 invito
1265 2854 1370 2890 Cord.
1443 2856 1489 2899 τῷ
1512 2853 1643 2898 πιλάτῳ
1662 2864 1692 2886 a.

106 2915 138 2948 9.
164 2901 284 2948 πάλιν]
309 2907 341 2943 -1-
366 2904 487 2939 πάντες
508 2903 572 2937 Ed.
591 2903 701 2937 invito
720 2903 761 2937 E.
1004 2901 1057 2937 16.
1083 2900 1206 2946 ἀπηνές
1225 2902 1266 2936 E.
1512 2911 1565 2934 22.
1593 2913 1692 2932 κατα-

105 2949 340 2994 φρονήσαντες
361 2950 400 2985 E.

870 3008 881 3034 I
911 3008 930 3036 2
