2017 3252
65 850 161 881 Rom.
180 861 212 881 x.
228 851 259 881 8.

66 1188 116 1218 11).
133 1188 153 1218 i.
173 1197 202 1228 3.

67 1321 99 1351 S.
111 1320 208 1351 Joan.
224 1319 245 1350 i.

70 1373 118 1394 12.

72 2138 160 2169 Heb.
177 2148 210 2169 x.

73 2188 147 2222 5-7·

284 121 366 159 522
591 119 638 158 B.
674 116 920 157 CYRILLI
959 114 1301 156 ALEXANDR.
1340 112 1564 154 FRAGM.

983 274 1174 314 Crium.

343 366 457 420 Ergo
482 366 676 420 quoniam
702 365 808 418 quod
838 368 901 404 est
921 364 1070 417 gratia,
1101 378 1184 403 non
1216 365 1375 411 natura,
1407 365 1449 402 et
1480 362 1586 415 quod
1618 364 1680 401 est
1711 364 1871 408 natura,

287 449 371 474 non
392 434 529 487 gratia
547 451 556 482 ;
578 442 659 473 11011
683 436 781 473 sunt
802 432 876 471 filii
897 433 977 471 duo
1000 431 1223 471 seeundum
1241 434 1353 470 tuam
1372 430 1585 470 rationem.
1630 429 1712 469 Qui
1735 428 1872 482 gratia

287 503 453 556 quidem
481 505 522 541 et
550 515 632 541 non
658 504 808 540 natura
835 500 944 539 filius
972 503 1049 548 est,
1070 514 1154 538 non
1180 502 1242 538 est
1264 512 1357 537 vere
1380 498 1499 546 filius,
1524 501 1707 550 superest
1734 500 1871 536 autem

286 574 334 610 ut
363 573 491 609 staret
515 583 633 608 verae
655 567 870 607 filiationis
897 566 1029 619 gloria
1058 566 1098 605 in
1128 581 1174 605 00
1195 566 1265 619 qui
1290 569 1353 605 est
1374 569 1522 605 natura
1550 569 1592 605 et
1618 580 1701 605 non
1722 564 1871 617 gratia,

287 638 327 678 id
357 642 431 686 est,
455 637 498 676 in
521 637 611 676 Dee
633 636 771 675 Verbo
795 634 878 675 Qui
908 637 971 674 est
1000 649 1049 673 ex
1079 633 1167 673 Deo
1195 633 1331 674 Patre.
1392 633 1602 686 Expulsus
1634 635 1695 672 est
1725 630 1872 685 igitur,

286 706 393 745 sieut
413 705 511 754 dixi,
534 719 618 744 esse
640 708 682 744 et
704 702 784 743 dici
807 702 936 741 Filius
959 701 1038 742 Dei
1061 701 1252 740 Christus
1276 701 1301 740 J
1305 716 1410 750 esus,
1436 716 1507 754 per
1532 715 1652 754 quem
1681 703 1723 740 et
1751 698 1872 739 salvi-

287 773 399 813 ficati
434 787 591 820 sumus,
628 774 805 811 mortem
841 770 927 823 ejus
963 769 1273 818 annuntiantes,
1311 773 1352 809 et
1392 769 1634 809 confitentes
1675 780 1873 807 resurrec-

286 841 459 882 tionem.
525 839 755 879 “Verbum
791 837 903 878 enim
934 837 1027 877 fidei
1065 837 1173 890 quod
1204 836 1529 890 praedieamus,”
1563 837 1613 876 ad
1646 836 1769 875 istam
1799 848 1875 873 nos

287 908 582 949 confessionem
604 905 805 960 perducit.
866 906 981 958 Ergo
1003 904 1046 944 in
1071 904 1281 945 hominem
1310 905 1410 945 fides
1437 908 1511 954 est,
1533 908 1574 944 et
1598 918 1681 944 non
1712 903 1754 942 in
1781 916 1873 943 eum

287 977 359 1031 qui
384 980 426 1017 et
450 979 599 1016 natura
624 978 666 1015 et
687 989 779 1014 vere
801 974 880 1013 Dei
903 973 1033 1012 Filius
1065 976 1140 1012 est.
1204 972 1249 1011 Si
1283 972 1391 1012 enim
1417 987 1536 1013 verus
1570 974 1642 1020 est,
1675 971 1745 1024 qui
1773 968 1876 1009 dicit

287 1044 425 1099 gratia
445 1042 689 1083 filiationem
708 1041 901 1082 sortitum
933 1055 1017 1080 esse
1046 1040 1197 1093 ipsum,
1220 1040 1482 1080 multitudini
1512 1040 1688 1081 filiorum
1720 1053 1874 1079 connu-

288 1112 528 1159 merabitur,
551 1110 592 1149 id
614 1113 677 1150 est
703 1108 837 1158 nobis,
859 1108 1008 1161 quibus
1034 1122 1207 1160 superna
1229 1108 1367 1161 gratia
1394 1108 1637 1148 filiationem
1663 1107 1802 1154 donat,
1823 1106 1875 1146 ad

288 1195 411 1233 quam
433 1178 565 1219 vocati
597 1192 739 1217 sumus
770 1191 842 1229 per
864 1176 890 1215 J
894 1190 1008 1216 esum
1032 1175 1261 1225 Christum,
1283 1176 1353 1229 qui
1384 1191 1433 1216 ex
1464 1175 1618 1216 semine
1644 1174 1781 1215 David
1812 1178 1875 1214 est

288 1248 510 1289 secundum
535 1259 710 1286 earnem.
764 1245 821 1284 Et
843 1248 1000 1284 eertum
1024 1247 1065 1283 te
1087 1243 1213 1283 faciat
1234 1244 1371 1284 (1100115
1394 1244 1560 1284 divinus
1580 1242 1873 1297 Evangelista:

290 1321 315 1339 “
338 1315 422 1356 Qui
443 1329 539 1355 vero
571 1315 817 1366 acceperunt
847 1312 971 1360 Eum,
1002 1311 1117 1352 dedit
1149 1311 1206 1351 eis
1241 1315 1490 1365 potestatem
1522 1311 1627 1351 111105
1658 1311 1737 1351 Dei
1774 1310 1874 1359 fieri,

290 1381 598 1423 “credentibus
634 1380 677 1421 in
711 1380 878 1420 nomine
910 1378 1053 1433 Ejus.'’
1125 1378 1284 1420 Deinde
1316 1380 1519 1433 quomodo
1555 1379 1625 1433 qui
1657 1379 1708 1419 ab
1748 1378 1875 1418 altero

289 1452 432 1491 datam
453 1449 706 1503 dignitatem
728 1447 940 1488 filiationis
966 1447 1136 1487 sortitus
1166 1450 1242 1497 est,
1264 1451 1306 1488 et
1336 1448 1454 1488 nobis
1484 1447 1584 1500 ipsis
1610 1448 1760 1487 donare
1791 1461 1874 1486 non

288 1534 403 1559 suam
425 1518 573 1571 magis,
596 1516 667 1557 sed
688 1515 932 1569 acquisitam
955 1515 991 1555 ei
1014 1515 1270 1556 extrinsecus
1290 1516 1505 1570 gratiam?

345 1587 407 1626 Er
435 1597 531 1625 POST
558 1597 706 1625 PAUCA.
769 1583 898 1624 Dedit
930 1584 1109 1636 seipsum
1137 1583 1180 1623 in
1202 1583 1526 1624 exinanitionem
1549 1582 1691 1632 Filius,
1714 1585 1756 1623 et
1781 1597 1875 1622 cum

288 1655 332 1694 in
364 1653 554 1694 omnibus
585 1656 691 1693 esset
722 1651 940 1705 perfectus,
963 1652 1097 1692 voluit
1129 1652 1217 1704 pati
1248 1652 1542 1701 humilitatem,
1575 1655 1616 1692 et
1652 1649 1875 1691 seeundum

288 1737 450 1763 earnem
488 1736 537 1761 ex
579 1720 747 1760 muliere
780 1719 981 1759 sustinere
1016 1718 1297 1769 nativitatem,
1331 1723 1372 1760 et
1405 1720 1634 1774 appellatus
1669 1721 1731 1758 est
1765 1717 1876 1757 filius

289 1790 485 1830 Abrahae
518 1792 559 1829 et
596 1787 744 1828 David.
813 1787 913 1828 Non
946 1787 1121 1827 miratus
1162 1803 1204 1828 05
1246 1791 1331 1828 tam
1364 1788 1519 1828 bonum
1559 1785 1876 1841 dispensationis

289 1856 524 1905 artificium,
561 1855 695 1909 magis
733 1870 826 1895 vero
863 1855 1129 1908 reprehendis
1157 1856 1427 1909 mysterium:
1469 1855 1662 1909 injuriam
1695 1869 1780 1895 esse
1813 1853 1875 1893 di-

289 1941 385 1967 cens
415 1926 750 1966 Incarnationem
782 1924 1020 1977 Unigeniti‚
1054 1924 1239 1977 increpas
1280 1924 1498 1964 eonsilium
1531 1924 1610 1964 Dei
1641 1928 1682 1964 et
1713 1923 1873 1963 Patris:

289 1994 486 2034 inclamas
507 2008 603 2033 vero
625 1992 752 2033 etiam
774 1992 907 2044 ipsum
932 1991 1095 2040 Filium,
1120 1992 1188 2045 qui
1212 1992 1298 2045 pati
1320 1992 1453 2033 voluit
1474 1996 1643 2045 propter
1671 1996 1714 2032 te
1735 1991 1874 2031 exina-

290 2062 507 2103 nitionem.
570 2061 676 2101 Cum
707 2060 841 2114 igitur
869 2059 1046 2100 audieris
1077 2060 1283 2100 dicentem
1311 2060 1361 2100 ad
1393 2060 1609 2100 caelestem
1640 2060 1806 2100 Patrem
1834 2063 1876 2099 et

294 2131 431 2171 Deum
452 2135 479 2153 “
495 2128 749 2169 Sacrificium
770 2131 812 2168 et
833 2127 1082 2168 oblationem
1103 2127 1287 2177 noluisti,
1310 2128 1548 2168 holocausta
1570 2131 1611 2168 et
1631 2142 1704 2180 pro
1725 2127 1876 2168 delicto

296 2205 319 2221 “
341 2213 425 2239 non
438 2197 670 2251 postulasti,
685 2211 831 2249 eorpus
851 2199 991 2236 autem
1009 2195 1214 2249 perfecisti
1228 2196 1352 2236 mihi:
1384 2200 1478 2236 tum
1499 2196 1587 2235 dixi
1607 2196 1713 2236 Ecce
1729 2195 1873 2235 venio:

1893 574 1914 611 :a

1898 914 1944 938 10

1898 1591 1947 1615 20

295 2266 385 2306 “in
418 2266 552 2319 eapite
582 2264 676 2304 libri
711 2264 909 2317 scriptum
941 2266 1003 2304 est
1034 2263 1084 2304 de
1116 2278 1192 2313 me,
1224 2267 1272 2304 ut
1301 2264 1449 2304 faciam
1471 2264 1730 2304 voluntatem
1761 2266 1875 2303 tuam
1896 2277 1946 2312 30

294 2340 318 2358 “
342 2334 468 2384 Deus,
491 2332 654 2374 volui:”
686 2347 767 2372 non
803 2335 914 2372 recta
946 2331 1128 2385 cogitare
1161 2331 1337 2372 forsitan
1370 2332 1523 2372 Filium
1557 2332 1607 2371 de
1642 2346 1715 2371 sua
1744 2330 1875 2384 gloria

346 2492 375 2515 1.
404 2480 457 2514 Ita
475 2480 534 2520 D„
555 2479 691 2522 surius,
710 2479 862 2524 Cyrillus
881 2479 947 2513 Ed.
1074 2487 1105 2523 7.
1132 2479 1217 2513 salvi
1234 2479 1315 2513 facti
1334 2479 1381 2512 D.
1500 2479 1534 2512 8.
1560 2477 1807 2511 adnuntiantes
1828 2478 1873 2512 D.

294 2540 327 2572 9.
354 2527 434 2561 fidei
451 2538 513 2560 om.
536 2525 619 2572 [fide
636 2538 808 2570 suprascr.
828 2538 934 2559 manu
951 2528 992 2559 ut
1010 2524 1079 2559 vid.
1099 2524 1295 2569 recentiori]
1317 2525 1363 2559 D.
1572 2535 1624 2558 10.
1651 2524 1809 2567 perducit
1828 2524 1875 2565 D,

295 2579 318 2593 ‘⁶
333 2573 475 2607 Veteres
492 2572 570 2606 libri
584 2572 606 2587 ”
626 2573 761 2612 Belua,
780 2572 941 2616 producit
960 2571 1025 2605 Ed.
1101 2582 1114 2604 1
1126 2582 1153 2605 1.
1171 2577 1204 2604 et
1216 2571 1316 2615 prius
1333 2582 1396 2604 om.
1416 2570 1462 2604 D.
1511 2582 1614 2604 verus
1637 2570 1680 2610 D,
1700 2574 1722 2588 “
1735 2570 1876 2605 Veteres

294 2620 372 2654 libri
385 2620 404 2635 ''
425 2619 558 2658 Baluz,
578 2618 715 2658 Surius,
734 2630 854 2652 verum
874 2617 941 2651 Ed.
1110 2628 1163 2661 13.
1191 2617 1353 2651 filiatione
1372 2618 1418 2651 D.
1493 2615 1620 2650 donata
1639 2628 1746 2650 manu
1765 2616 1876 2660 prima

294 2672 334 2701 ut
351 2665 421 2700 vid.
439 2665 474 2699 in
492 2676 649 2698 rasuram
671 2665 715 2697 D.
895 2675 947 2705 14.
974 2662 1067 2696 davit
1086 2663 1133 2697 D.
1325 2672 1377 2705 15.
1405 2662 1523 2696 dicens
1543 2662 1611 2697 div.
1632 2661 1872 2707 Evangelista]

295 2712 422 2747 dixisse
440 2711 540 2745 etiam
560 2711 690 2755 angelis
709 2711 773 2744 ista
791 2710 871 2752 (sic)
891 2710 936 2743 D.
1117 2709 1168 2743 16.
1195 2721 1268 2742 eam
1290 2710 1335 2743 D.
1398 2710 1482 2743 “Al.
1501 2721 1584 2749 eam,
1603 2709 1675 2743 scil.
1694 2709 1875 2753 gratiarn''

297 2758 516 2793 Harduinus.
698 2769 748 2801 19.
775 2756 983 2800 adquisitam
1006 2756 1051 2789 D.
1231 2766 1286 2790 20.
1312 2756 1603 2790 examinationem
1622 2755 1701 2795 Ed„
1720 2755 1875 2789 exinani-

295 2806 425 2839 tionem
443 2804 540 2837 hahet
559 2803 695 2838 Surius.
769 2808 802 2836 et
820 2801 915 2845 cum]
936 2802 996 2835 sed
1014 2814 1094 2835 eum
1113 2802 1158 2835 D.
1370 2813 1424 2846 23.
1453 2800 1585 2846 David]
1612 2806 1645 2841 -1-
1666 2812 1738 2835 11011
1754 2802 1875 2846 rapina

295 2851 481 2885 arbitratus
499 2856 551 2884 est
570 2850 615 2884 D.
761 2858 814 2893 25.
842 2849 1264 2892 increpans—inclamans
1286 2848 1330 2883 D.
1475 2849 1529 2882 28.
1555 2853 1588 2882 et
1602 2846 1681 2893 alt.]
1701 2848 1802 2881 etiarn
1826 2848 1872 2881 D.

297 2909 352 2942 29.
377 2903 461 2931 tunc
481 2897 526 2930 D.
714 2907 769 2940 3¹-
797 2903 886 2929 recte
906 2895 951 2929 D.
