1981 3247
247 127 323 161 652

299 243 344 278 iii.
363 244 438 280 556
478 242 600 278 cordis
629 242 869 278 stabilitatem
889 243 1002 278 habe-

298 320 381 342 mus
402 307 450 343 iii.
475 310 551 344 559
600 307 646 343 ad
666 306 854 344 Creatoris
874 307 1004 342 volun-

298 377 413 408 tatem
440 372 648 408 stabilimur
668 372 717 408 ib.
766 377 1004 419 peccatorum

298 437 467 473 remissio
484 437 532 472 iii¹
552 439 625 473 561
663 442 831 472 mortuos
852 436 1006 472 suscitat

298 501 470 539 Christus
492 502 538 537 iii.
562 503 651 538 563.

246 566 405 614 Spiritus
428 565 588 602 Sanctus
610 566 688 601 sine
709 565 794 609 Quo
816 565 907 600 nihil
927 564 1003 600 effi-

299 643 382 666 cere
411 643 607 678 possumus
638 632 714 666 813
742 643 761 666 c
808 629 1003 671 illuminat,

298 696 389 731 alios
419 695 549 743 magis,
581 695 672 730 alios
702 694 823 730 minus
849 695 925 730 828
948 694 1006 729 de

301 759 475 796 scientiae
522 759 709 807 perfectae
752 759 796 794 ad
857 764 1006 795 sanctos

300 825 400 860 Fons
441 826 516 860 838
552 837 613 860 ac
677 824 844 859 omnium
882 836 1005 859 rerum

298 890 480 925 bonarum
502 888 699 924 Plenitudo
722 890 794 924 841
820 901 840 924 a
878 901 899 923 a
914 887 1007 923 Filio

300 959 489 990 creaturae
529 953 648 998 datus,
688 965 763 988 non
802 957 927 988 autem
968 957 1008 987 ut

300 1018 468 1054 ministro
509 1020 584 1054 910
624 1018 647 1053 b
678 1030 708 1058 e,
754 1017 799 1053 cf.
838 1017 888 1052 iii.
929 1019 1004 1053 553

301 1083 490 1131 quomodo
507 1083 640 1130 accipit
654 1083 736 1129 Ipse
753 1081 881 1124 Filius,
897 1095 1009 1129 quum

301 1147 404 1183 Deus
425 1152 481 1183 est
503 1149 575 1183 931
596 1159 615 1183 e
655 1146 787 1194 accipit
807 1151 847 1182 ut
870 1146 1008 1186 Homo,

301 1212 377 1247 Sibi
408 1217 532 1247 tamen
553 1211 617 1247 dat
637 1213 710 1248 991
736 1211 771 1257 d,
794 1213 869 1247 992
892 1223 923 1252 e,
962 1210 1010 1246 iii.

304 1278 393 1317 379,
418 1278 493 1312 380
547 1275 707 1323 Spiritus
738 1275 918 1320 salutaris,
939 1275 961 1311 i.
979 1288 1010 1311 e.

303 1341 463 1389 Spiritus
494 1340 633 1377 Christi
665 1341 739 1384 Qui
764 1346 820 1376 est
840 1340 1011 1376 salutaris

306 1409 406 1443 1005
428 1406 451 1441 b
481 1406 554 1441 Pax
569 1405 709 1443 Christi
728 1408 828 1442 1092
852 1405 876 1440 d
904 1405 1012 1452 Aqua

301 1470 446 1506 vivifica
474 1483 496 1505 a
522 1470 614 1505 Filio
644 1470 782 1506 donata
805 1469 846 1505 M
877 1472 924 1505 61
958 1469 1007 1517 [p.

303 1535 416 1582 279]‚
438 1535 483 1571 cf.
511 1533 553 1570 M
574 1538 623 1571 67
648 1535 699 1582 [p.
724 1535 835 1582 290].

249 1598 407 1648 Spiritus
442 1599 601 1635 Sanctus
637 1599 740 1635 Deus
770 1598 842 1643 Qui
871 1600 912 1634 τὰ
940 1598 1011 1634 Dei

303 1670 476 1712 operatur
509 1667 609 1701 1102
634 1677 654 1700 a
692 1677 806 1712 quum
837 1664 898 1712 qui
927 1662 1010 1699 Deo

301 1729 466 1776 loquitur
504 1729 658 1777 Spiritui
695 1729 859 1776 loquitur
896 1727 1008 1764 M68

307 1792 361 1842 [p.
383 1791 477 1844 292]
516 1794 590 1837 Qui
619 1794 681 1829 ubi
710 1793 761 1829 ibi
786 1794 938 1829 libertas
968 1792 1009 1829 M

304 1860 351 1894 91
380 1858 432 1906 [p.
452 1858 561 1903 337],
585 1860 633 1895 92
659 1859 710 1906 [p.
731 1859 842 1905 340].

251 1921 410 1970 Spiritus
440 1922 601 1958 Sanctus
622 1923 723 1958 Deus
752 1922 909 1970 ideoque
933 1935 1008 1957 non
1042 1919 1044 1960 ἶ

304 1986 467 2032 visibilis,
489 1987 633 2022 etiamsi
660 1987 756 2022 Eum
777 1987 869 2022 vidit
888 1987 924 2022 in
946 1999 1007 2022 co-
1042 2027 1044 2031 ,

303 2051 451 2087 lumbae
499 2051 630 2094 forma,
679 2051 850 2087 animalis
898 2051 1007 2096 mitis,

305 2115 433 2151 similis

305 2180 429 2225 corde,
469 2180 641 2228 Baptista
682 2183 754 2217 147
788 2180 850 2216 ab
900 2179 1010 2215 efficit

305 2245 603 2281 Incarnationem
627 2246 702 2281 366
720 2257 739 2280 e
779 2250 953 2293 operatur
973 2243 1008 2280 in

305 2310 423 2351 nobi&
439 2322 513 2345 non
534 2315 657 2346 autem
679 2308 804 2345 servili
824 2310 937 2345 modo
958 2309 1008 2345 iii.

307 2375 396 2414 363,
438 2377 513 2410 364
570 2374 756 2420 quomodo
804 2387 823 2410 e
872 2373 1008 2421 Spiritu

305 2439 380 2473 nati
411 2450 538 2474 sumus
571 2441 644 2475 147
666 2451 697 2479 e,
723 2440 797 2475 148
819 2451 839 2474 a
886 2452 906 2474 a
930 2439 1010 2474 Deo
1043 2429 1045 2439 *

308 2502 429 2537 solum
460 2502 577 2543 (latus,
608 2515 672 2550 per
698 2503 897 2550 Apostolos
926 2507 1008 2538 tan-

308 2579 418 2614 quam
466 2566 699 2602 invocatores
746 2580 820 2602 non
862 2567 1011 2602 datores

310 2634 384 2669 169
406 2644 437 2674 e,
459 2632 505 2667 cf.
530 2633 606 2667 989
627 2632 649 2667 b
666 2644 696 2667 c.

254 2696 415 2744 Spiritus
449 2695 609 2732 Sanctus
647 2696 787 2731 bonum
821 2695 1010 2743 proprium

306 2762 499 2808 incognita
519 2773 745 2809 cognoscere
759 2760 916 2808 largitur
936 2762 1008 2796 115

307 2838 326 2861 c
375 2826 607 2861 characteres
637 2838 724 2861 suos
752 2825 790 2860 in
822 2824 1009 2860 hominem
1044 2868 1045 2879 η

308 2904 328 2925 a
347 2890 466 2938 prima
492 2890 677 2926 creatione
702 2889 910 2938 obsignavit
935 2891 1007 2925 122
1043 2892 1045 2921 ἔ

795 123 1008 159 INDEX
1064 123 1307 160 RERUM.

488 2116 578 2152 Jesu
636 2115 735 2151 mitis
786 2115 1044 2162 humilisque'

1446 136 1624 160 SPIRITUS
1656 136 1830 161 SANCTUS

1127 255 1146 279 c
1212 243 1443 280 characteres
1483 255 1503 279 a
1540 247 1692 291 peccato
1730 242 1831 291 prius

1127 307 1323 343 adulterati
1358 308 1406 344 ib.
1443 308 1466 343 d
1525 308 1657 344 deinde
1698 307 1828 343 oblite-

1127 372 1209 415 rati,
1251 372 1299 408 ib.
1340 384 1359 407 e
1411 384 1478 419 per
1516 372 1585 408 Dei
1625 372 1831 407 misericor-

1127 436 1224 472 diam
1269 436 1436 472 renovati
1484 437 1545 477 ib„
1585 436 1629 472 cf.
1670 438 1770 472 1097
1813 449 1833 471 e

1128 501 1208 536 Deo
1247 500 1351 546 Filio,
1386 501 1508 548 quoad.
1545 500 1671 542 homo,
1712 501 1832 548 primo

1128 565 1246 607 datus,
1267 570 1422 601 naturae
1452 565 1498 601 ab
1525 565 1592 601 Illo
1622 570 1834 613 assumptae

1126 634 1276 665 nostrae
1332 629 1453 678 gratia
1515 632 1588 666 123
1630 630 1652 665 d
1673 642 1704 671 e,
1759 631 1832 666 124

1129 693 1290 741 Spiritus
1311 694 1491 730 Veritatis
1521 707 1614 742 quae
1644 699 1700 730 est
1724 692 1833 730 Chri-

1128 764 1206 795 stus
1231 761 1304 796 126
1323 759 1358 801 b,
1382 761 1457 795 810
1479 772 1499 794 a
1544 759 1648 794 Illius
1669 757 1834 806 operatio

1128 824 1259 860 eadem
1280 836 1321 860 ac
1343 823 1484 859 Christi
1501 826 1574 860 126
1597 836 1618 859 a
1634 836 1652 859 c
1667 823 1689 858 d
1721 822 1837 870 Spiri—

1128 894 1187 924 tus
1208 888 1396 924 filiationis
1418 889 1466 924 ib.
1489 889 1522 924 d.

1076 953 1233 1000 Spiritus
1256 952 1384 988 Sancti
1406 951 1669 988 donationibus
1698 951 1734 987 in
1762 951 1837 986 lae-

1129 1017 1210 1053 titia
1244 1017 1458 1064 deliciisque
1490 1017 1653 1064 pascitur
1687 1020 1835 1051 sancto-

1130 1094 1214 1117 rum
1235 1094 1339 1117 mens
1362 1083 1433 1118 281
1461 1093 1479 1116 e
1521 1093 1586 1128 per
1606 1080 1726 1124 Quem
1748 1079 1839 1115 Vita

1133 1148 1209 1182 824
1240 1158 1259 1181 c
1323 1157 1400 1193 per,
1441 1145 1671 1181 circumcisio
1708 1147 1782 1184 327
1814 1143 1838 1179 d

1132 1210 1268 1246 virtute
1293 1210 1421 1251 fretus,
1453 1210 1579 1245 scribit
1607 1210 1652 1245 D.
1675 1208 1838 1257 Cyrillus

1134 1278 1209 1312 333
1236 1275 1258 1310 (1
1310 1275 1420 1322 pleni,
1456 1280 1493 1310 et
1531 1274 1687 1310 aliorum
1724 1272 1838 1309 corda

1132 1340 1239 1375 donis
1286 1339 1433 1375 Divinis
1481 1339 1635 1386 irrigare
1680 1342 1838 1385 possunt

1135 1407 1210 1442 469
1230 1417 1249 1440 c
1288 1404 1448 1440 Sanctus
1477 1410 1514 1440 et
1539 1403 1696 1439 amissus
1716 1408 1753 1438 et
1772 1414 1839 1450 per

1132 1468 1322 1506 Christum
1352 1469 1487 1505 iterum
1513 1468 1679 1504 redditus
1702 1469 1775 1504 471
1800 1467 1836 1508 d,

1134 1535 1209 1570 472
1242 1546 1314 1572 ae,
1354 1533 1402 1572 iii.
1436 1535 1511 1570 593
1576 1544 1688 1580 puros
1726 1531 1837 1567 corde

1130 1598 1315 1634 illuminat
1337 1597 1459 1646 Seque
1479 1598 1619 1634 revelat
1640 1598 1716 1633 828
1736 1597 1775 1632 b.

1078 1662 1237 1711 Spiritus
1267 1662 1427 1699 Sanctus
1454 1663 1607 1704 donum,
1628 1674 1722 1709 aqua
1743 1660 1834 1697 vivi-

1132 1729 1202 1764 fica
1240 1734 1411 1763 naturam
1449 1727 1650 1763 humanam
1682 1724 1835 1773 frugife-

1130 1805 1215 1829 rens
1240 1794 1313 1828 180
1331 1792 1365 1837 d,
1400 1794 1474 1829 182
1497 1792 1532 1833 d,
1557 1793 1633 1828 875
1664 1791 1687 1826 b
1715 1803 1734 1826 c
1790 1789 1835 1826 cf.

1133 1859 1208 1894 324
1223 1857 1257 1898 d,
1267 1863 1376 1905 typus
1390 1857 1512 1892 oleum
1527 1857 1647 1897 250b‚
1663 1855 1708 1891 cf.
1727 1857 1802 1891 356
1819 1867 1838 1890 c

1132 1934 1196 1969 per
1215 1922 1425 1957 intellectus
1449 1922 1649 1968 puritatem
1676 1920 1834 1967 diligen-

1131 1986 1293 2033 tiamque
1323 1986 1547 2022 indefessam
1567 1990 1734 2021 retentus
1758 1986 1831 2021 811

1132 2063 1152 2086 a
1217 2050 1408 2098 Apostolis
1446 2050 1676 2086 necessarius
1715 2054 1752 2085 et
1790 2049 1837 2084 ad

1130 2121 1353 2163 potestatem
1375 2121 1411 2151 et
1431 2115 1477 2151 ad
1498 2114 1714 2163 sapientiam
1735 2115 1835 2151 1095

1131 2180 1192 2216 hic
1215 2186 1256 2215 ut
1290 2179 1471 2228 primitiae
1499 2180 1605 2215 nobis
1636 2191 1703 2227 per
1728 2178 1834 2215 Chri‘

1132 2249 1230 2280 stum
1265 2245 1373 2280 datus
1406 2244 1522 2280 Totus
1552 2243 1696 2279 dandus
1720 2243 1770 2279 ibi
1796 2244 1836 2278 M

1133 2311 1181 2346 92
1217 2309 1294 2345 init.
1318 2310 1366 2345 97
1392 2310 1440 2357 [p.
1458 2306 1566 2359 351].

1078 2374 1239 2424 Spiritus
1267 2373 1395 2411 Sancti
1424 2374 1543 2421 gratia
1565 2375 1640 2409 276
1663 2385 1692 2413 c,
1716 2375 1791 2409 302
1814 2372 1838 2407 d

1133 2444 1189 2475 est
1207 2438 1273 2474 Dei
1293 2438 1428 2474 Vultus
1450 2438 1515 2473 lux
1538 2439 1612 2474 302
1635 2437 1658 2472 d
1704 2448 1836 2472 conso-

1132 2503 1220 2539 latio
1249 2505 1324 2539 314
1347 2515 1366 2538 e
1414 2501 1493 2538 Sibi
1521 2514 1592 2537 nos
1622 2501 1700 2537 unit
1734 2503 1835 2538 1000

1132 2567 1155 2602 b
1169 2579 1188 2602 c
1226 2566 1402 2602 revelatio
1425 2568 1500 2602 348
1516 2566 1539 2601 b
1578 2566 1704 2601 Verba
1723 2565 1835 2601 locuti

1135 2631 1261 2667 Sancti
1291 2633 1365 2668 368
1391 2643 1412 2666 a
1467 2643 1533 2678 per
1561 2630 1684 2674 Quem
1714 2629 1839 2666 omnia

1132 2695 1212 2731 Deo
1232 2695 1329 2731 Patri
1351 2695 1604 2731 reconciliavit
1622 2694 1736 2730 Filius
1758 2696 1834 2731 840

1133 2759 1156 2794 b
1173 2772 1203 2795 e.
1824 2762 1828 2766 “

1080 2823 1258 2871 Spiritum
1273 2823 1453 2859 Sanctum
1474 2823 1614 2871 accepit
1635 2828 1676 2858 ut
1694 2823 1835 2865 Homo,

1132 2888 1233 2924 dedit
1256 2894 1292 2923 ut
1315 2888 1426 2931 Deus,
1443 2887 1614 2924 Christus
1636 2890 1712 2924 472
1729 2888 1752 2923 b
1766 2887 1788 2923 d
1803 2900 1835 2929 e,
