1986 3282
110 139 223 179 xviii.
244 153 311 194 30.
470 138 541 179 IN
586 139 627 181 S.
662 139 1004 180 JOANNEM.
1069 139 1193 180 LIB.
1231 140 1333 180 XII.
1645 144 1700 182 49

109 253 192 298 τοῦ
229 250 339 314 παρ’
381 251 535 302 αὐτοῖς
576 254 893 317 φιλοπευστεῖ
926 249 984 298 τὰ
1023 249 1297 314 ἐγκλήματα
1339 251 1412 299 καὶ
1455 250 1694 315 περιεργά-

109 329 230 396 ζεται
268 330 351 385 τὰς
390 331 552 393 αἰτίας,
591 330 698 384 τοὺς
744 330 875 381 οὐδὲν
915 330 1240 396 ἡμαρτηκότας
1285 332 1561 382 εὐθύνεσθαι
1606 335 1699 382 δεῖν

108 410 255 477 η’γουν
293 412 669 479 εἶσπράττεσθαί
702 436 806 463 τινα
846 413 990 477 δίκην,
1031 417 1124 463 τῶν
1163 412 1353 465 ἀτόπων
1388 411 1501 464 εἶναι
1546 437 1699 480 παρα-

108 495 300 548 δεικνύς·
358 498 399 546 οἱ
445 494 495 545 δὲ
540 495 696 560 λέγειν
742 494 925 562 ἔχοντες
968 494 1113 558 οὐδὲν,
1156 498 1218 550 ὡς
1263 500 1357 547 τῶν
1401 496 1577 562 ἀγρίων
1618 497 1696 546 ἕνα

65 577 480 644 5προσκομίζουσι
519 581 728 645 λῃστῶν.
786 576 1091 642 εὐλογώτατα
1129 578 1284 629 τοίνυν
1322 577 1439 644 πρὸς
1477 577 1563 642 τὴν
1601 583 1696 629 τῶν

105 659 344 710 Ἰουδαίων
369 659 545 725 εἴρηται
571 658 861 725 συναγωγήν
888 666 915 688 “
935 660 1218 724 Ἐδικαιώθη
1247 660 1438 724 Σόδομα
1468 662 1518 712 ἐκ
1553 662 1690 712 σοῦ.”
1756 661 1920 741 fgfflzjk·

105 742 181 791 καὶ
216 740 355 794 αὐτὸς
394 740 449 792 δέ
480 764 574 793 που
613 742 765 810 φησὶν
797 742 822 791 ὁ
856 740 1070 807 Χριστὸς
1103 741 1186 796 τὰς
1222 743 1271 793 ἐν
1301 742 1483 795 τούτοις
1515 748 1610 794 τῶν
1641 743 1734 812 ἔξω
1837 736 1843 743 “

104 822 308 888 Ἰσραὴλ
358 824 601 890 παροινίας
653 823 1013 887 καταιτιώμενος
1063 830 1089 853 “
1112 825 1255 875 Ἀλλ’
1309 825 1412 876 οὐδὲ
1464 824 1583 876 κατὰ
1635 826 1694 877 τὰ
1756 824 1858 898 Efek.
1874 835 1905 855 v.

105 911 132 934 “
158 905 448 968 δικαιώματα
472 909 568 956 τῶν
595 907 740 956 ἐθνῶν
763 905 990 970 ἐποίησάς
1014 906 1134 968 μοι.”
1176 908 1252 956 καὶ
1277 907 1458 971 ἀληθὴς
1482 908 1507 957 ὁ
1535 906 1696 973 λόγος,

38 1014 86 1039 10
104 987 490 1053 ε’ίπερ”Έλληνες
529 987 613 1051 μὲν
643 992 740 1041 τοῖς
781 989 829 1038 ἐν
861 987 1098 1057 ὑπολήψει
1138 989 1361 1055 γεγονόσι
1397 993 1516 1041 θεῶν
1546 991 1697 1043 λίθοις

103 1092 152 1120 τε
179 1071 255 1120 καὶ
281 1069 458 1139 ξύλοις,
486 1071 569 1121 οὐκ
596 1068 654 1120 ἂν
680 1070 739 1121 τὰ
766 1070 951 1134 συνήθη
982 1071 1296 1136 προσοίσειαν
1328 1071 1514 1135 θύματα
1547 1095 1694 1136 μεμο-

103 1152 359 1216 λυσμέναις
387 1175 435 1203 τε
462 1155 538 1203 καὶ
563 1152 774 1206 ἀνίπτοις
799 1155 979 1220 χερσὶν,
1003 1154 1113 1203 ἀλλ’
1143 1153 1241 1204 οὐδ’
1275 1151 1331 1204 ἂν
1357 1152 1568 1205 ἀνέλοιέν
1593 1178 1696 1205 τινα

101 1233 166 1298 μὴ
199 1234 302 1302 οὐχὶ
338 1239 432 1288 τοῖς
468 1232 688 1302 ἐσχάτοις
722 1235 951 1285 ε’ναλόντα
987 1240 1159 1289 κακοῖς·
1215 1239 1257 1286 οἱ
1297 1235 1345 1287 δὲ
1384 1238 1532 1287 καίτοι
1571 1237 1697 1287 θύειν

101 1320 168 1385 τῷ
207 1316 326 1367 κατὰ
365 1317 515 1386 φύσιν
543 1320 652 1385 Θεῷ
690 1317 744 1368 τὸ
783 1316 955 1384 πάσχα
987 1316 1262 1380 μέλλοντες,
1299 1318 1495 1381 αἵμασιν
1526 1317 1696 1388 ἀθῴοις

37 1422 82 1459 15
103 1398 265 1465 ε”νοχον
292 1398 376 1463 τὴν
403 1400 573 1450 οἰκείαν
605 1402 870 1450 καθιστῶσι
907 1399 1086 1467 ψυχὴν,
1113 1401 1187 1450 καὶ
1223 1401 1391 1453 ἀδίκως
1427 1402 1692 1452 ἀποκτεῖναι
1711 1415 1915 1449 a1035A.

102 1479 426 1547 σπουδάζουσι
453 1479 536 1532 τὸν
563 1481 755 1546 ἁπάσης
782 1482 1013 1548 ἁμαρτίας
1040 1481 1310 1548 ἀλλότριον.

95 1654 411 1712 ἈΠεκρίΘΗοαν
452 1657 520 1697 καὶ
563 1652 683 1698 εἶπον
722 1656 839 1710 αὐτῷ
880 1655 924 1697 Εἰ
969 1656 1023 1705 μή
1069 1654 1120 1698 ἦν
1158 1654 1283 1699 οὗτος
1331 1657 1577 1709 κακοποιὸς,
1616 1658 1691 1699 οὐκ
1712 1667 1762 1704 30

551 1739 602 1780 ἄν
641 1755 706 1781 σοι
744 1739 1060 1796 Παρεὸώκαμεν
1099 1741 1241 1785 αὐτόν.

174 1853 442 1919 Ἀποροῦσι
483 1853 568 1917 μὲν
606 1854 754 1907 αἰτίας
800 1852 1014 1920 εὐλόγου,
1054 1854 1455 1921 περιστέλλονται
1499 1856 1555 1906 δέ
1593 1878 1692 1908 πως

32 1957 82 1981 20
100 1936 182 1998 τῆς
210 1936 431 1995 ἀσεβείας
460 1934 514 1986 τὸ
547 1933 715 2003 αἶσχος
742 1937 818 1986 καὶ
844 1935 899 1986 τὸ
926 1939 1078 1987 δοκεῖν
1104 1937 1273 1991 ἀδίκως
1300 1936 1493 1988 ἑλέσθαι
1525 1941 1691 2006 φονᾶν,

100 2015 405 2084 σοφιζόμενοι
432 2020 493 2071 ὡς
521 2016 730 2071 οὐδόλως
761 2017 1056 2069 ἀποτίσοντα
1089 2019 1221 2083 δίκην
1245 2019 1608 2085 προσεκόμισαν
1635 2018 1691 2069 ἂν
1709 2025 1736 2066 b

99 2098 183 2148 τὸν
213 2100 419 2163 Ἰησοῦν,
454 2105 486 2151 εἰ
525 2100 588 2168 μή
626 2123 669 2150 τι
706 2101 781 2150 καὶ
819 2100 1028 2155 πταίσας
1068 2101 1185 2165 ἥλω,
1221 2103 1388 2170 φασίν.
1446 2100 1692 2153 ὑποπλοῖτ-

99 2204 260 2233 τονται
304 2181 398 2248 γὰρ
443 2182 509 2233 ε”τι
552 2187 635 2233 τοῦ
681 2181 826 2245 νόμου
866 2182 951 2245 τὴν
992 2182 1208 2248 τήρησιν,
1249 2184 1388 2234 ὁσίαν
1425 2185 1497 2252 ἐφ’
1539 2182 1692 2234 ἅπασι

99 2264 257 2329 κρίσιν
294 2268 532 2315 ποιεῖσθαι
569 2263 969 2330 προστάττοντος,
1006 2267 1083 2315 καὶ
1120 2264 1174 2315 τό
1213 2288 1267 2331 γε
1305 2265 1578 2333 παράδοξον
1617 2266 1693 2316 καὶ

31 2363 78 2402 25
99 2344 244 2408 αὐτὴν
270 2344 574 2414 ἐξοπλίζουσι
598 2344 683 2409 τὴν
711 2349 772 2399 εἷς
796 2345 880 2397 τὸν
904 2344 1049 2410 νόμον
1077 2387 1471 2400 .................
1497 2346 1690 2398 πιστεύ-

99 2431 236 2478 εσθαι
291 2426 385 2494 γάρ
436 2427 654 2496 ἀξιοῦσιν
705 2429 768 2481 ὡς
819 2428 1164 2497 νομοφύλακες,
1210 2431 1252 2480 οἱ
1303 2435 1387 2481 τοῦ
1438 2428 1692 2493 νομοθέτου

99 2514 374 2576 κατηγορεῖν
399 2510 483 2560 οὐκ
517 2509 820 2574 ὀκνήσαντες.
876 2510 1019 2562 κακὸν
1051 2510 1099 2562 δὲ
1138 2511 1315 2577 δρᾶσαί
1350 2517 1475 2580 φασι
1509 2509 1592 2562 τὸν
1619 2511 1689 2561 ἐπ’

99 2591 333 2657 ἀναιρέσει
385 2590 689 2658 φαυλότητος
739 2591 1021 2660 ἀφιγμένον,
1069 2593 1146 2643 ἵνα
1197 2594 1421 2661 φαίνηται
1468 2592 1615 2644 πάλιν
1665 2593 1691 2642 ὁ

99 2672 314 2738 Χριστὸς
349 2672 425 2723 διὰ
459 2676 542 2737 τῆς
574 2679 658 2724 τοῦ
694 2672 945 2742 προφήτου
981 2678 1142 2743 φωνῆς
1163 2674 1374 2726 (Ησαίου
1404 2677 1510 2741 περὶ
1536 2675 1691 2725 αὐτῶν

125 2757 135 2771 2
198 2754 211 2771 Ι
264 2755 430 2806 “02x
502 2756 513 2770 ²
575 2760 595 2769 n
658 2754 680 2773 el
768 2757 778 2771 9
896 2754 940 2806 νδ
1109 2758 1120 2772 ⁵
1161 2757 1221 2773 99
1291 2762 1311 2772 a
1353 2757 1425 2806 δι
1541 2756 1552 2776 Ι
1597 2760 1605 2773 ’
1749 2759 1805 2791 ΗΟ
1867 2761 1888 2791 ii

31 2775 81 2810 30
99 2776 242 2805 ειπων
359 2778 432 2805 υαι
459 2778 627 2817 αυτοις,
655 2778 726 2806 οτι
752 2778 909 2820 απεπη
942 2779 1068 2820 ησαν
1094 2780 1161 2808 απ
1200 2780 1325 2820 εμου,
1383 2765 1690 2813 ειλαιοιεισιν
1707 2787 1729 2813 0
1753 2771 1864 2843 13-S'V
1894 2785 1899 2792 ·

147 2916 180 2950 3.
207 2907 311 2950 ἤγουν
328 2917 398 2940 om.
417 2905 459 2941 E.
523 2906 648 2940 Statim
668 2906 957 2951 εἷσάπράττεσθαι
977 2906 1018 2941 Ε.
1125 2920 1157 2952 9.
1184 2906 1349 2950 ἐποίησαν
1367 2907 1408 2941 Ε.
1521 2917 1533 2938 1
1546 2918 1573 2939 1.
1600 2905 1687 2948 ξύλα

266 2963 319 2994 14.
344 2952 458 2987 ἀθόοις
478 2953 518 2987 Ε.
642 2964 697 2997 25.
724 2953 951 2996 ἐξωπλίζουσι
972 2954 1013 2988 Ε.
1137 2954 1276 2988 Lacuna
1297 2964 1340 2987 20
1358 2954 1427 2986 fere
1445 2953 1510 2986 litt.
1530 2953 1564 2985 in
1587 2952 1626 2985 E.

158 3019 248 3047 VOL.
274 3020 338 3045 ΙΙΙ.
888 3021 913 3047 H
