2012 3272
516 138 671 179 RESP.
706 139 786 178 AD
818 139 929 179 TIB.
964 138 1316 181 SOCIOSQUE.
1629 145 1710 184 579

121 242 205 307 τὴν
243 246 362 295 ἰδίαν
402 246 665 315 ὑπόσχεσιν
703 249 1011 313 ἀποπληρῶν,
1039 248 1253 316 ε”πεμψεν
1288 249 1398 312 ἡμῖν
1425 249 1481 317 ἐξ
1511 251 1709 315 οὐρανοῦ

120 325 202 375 τὸν
240 327 564 392 παράκλητον,
605 329 835 391 τουτέστι,
875 329 929 379 τὸ
971 333 1182 392 Πνεῦμα.
1227 330 1331 380 ε”στι
1368 329 1415 381 δὲ
1452 332 1708 393 ὁμοούσιον

119 409 184 475 τῷ
212 411 366 473 Πατρὶ
404 413 478 460 καὶ
506 414 622 480 Υὶῴ.
678 408 750 476 ἆρ’
793 412 874 461 οῦν
913 411 988 462 ὅτε
1029 412 1434 480 καταπεφοίτηκεν
1459 416 1520 466 εἱς
1557 416 1647 479 γῆν
1682 415 1707 464 ὁ

117 488 435 555 παράκλητος,
471 492 547 542 ἵνα
589 493 707 556 ἡμᾶς
746 491 926 561 ἁγιάσῃ
964 492 1018 544 τὸ
1058 497 1268 556 Πνεῦμα,
1311 494 1393 545 οὐκ
1428 493 1485 559 ἧν
1524 496 1572 546 ἐν
1611 500 1707 550 τοῖς

77 600 98 637 5
119 572 329 637 οὐρανοῖς
347 594 359 635 3

190 654 332 703 Ἀλλ’
363 656 506 704 ἐκεῖνο
544 655 690 724 φάναι
728 656 896 721 πρέποι
936 655 1006 718 ἂν,
1043 656 1113 707 ὅτι
1153 656 1362 723 ἀγιοῖσαν
1403 658 1522 721 ἡμᾶς
1561 659 1746 722 άνέβηὶῑ
1767 661 1850 695 387
1880 660 1928 693 Α·

116 734 264 786 πάλιν
296 740 358 790 εἷς
397 735 479 787 τὸν
515 736 730 803 οὐρανὸν,
761 740 835 788 καὶ
863 739 946 788 οὐκ
985 738 1087 789 ε”στι
1126 740 1232 802 μεθ’
1263 740 1412 803 ἡμῶν,
1442 740 1590 790 καίτοι
1623 740 1700 805 γε’-

116 839 322 881 γραπται
350 816 505 868 “”Ὀτι
531 824 715 882 πνεῦμα
744 820 903 884 κυρίου
941 820 1225 885 πεπλήρωκε
1263 819 1348 884 τὴν
1387 822 1703 885 οἷκουμε’νην.”

116 897 248 948 ἀλλὰ
282 903 357 950 καὶ
392 900 531 953 αὐτὸς
570 901 661 967 ἔφη
689 900 904 966 Χριστὸς
936 901 1132 965 μέλλων
1161 903 1430 964 ἀναβαίνειν
1466 901 1584 968 πρὸς
1623 903 1705 954 τὸν

51 1007 96 1031 ιο
121 980 311 1046 Πατέρα
350 989 376 1011 ‘⁶
396 981 519 1033 Ἰδοὺ
546 982 637 1048 ἐγὼ
675 984 780 1045 μεθ’
815 984 945 1046 ὑμῶν
972 987 1063 1046 εἰμι
1096 982 1259 1037 πάσας
1297 983 1380 1038 τὰς
1416 985 1591 1050 ἡμέρας
1629 987 1704 1036 καὶ

116 1070 142 1091 “
169 1062 254 1116 ἕως
291 1066 374 1127 τῆς
411 1065 685 1118 συντελείας
720 1069 803 1115 τοῦ
841 1067 1051 1119 alausas?
1105 1070 1142 1116 εὶ
1182 1064 1231 1116 δὲ
1269 1067 1375 1129 μεθ’
1417 1067 1548 1130 ἡμῶν
1587 1068 1705 1130 ἐστι,

1768 833 1842 873 Sal).
1859 833 1877 863 i.
1894 840 1922 872 7.

1767 982 1925 1031 Sblfitth.

1766 1036 1880 1056 xxvni.

1770 1078 1819 1100 20.

115 1144 242 1195 κενοί
270 1168 362 1197 που
387 1146 577 1200 πάντως
603 1149 679 1197 καὶ
707 1152 788 1197 νῦν
814 1149 906 1197 εἰσὶ
938 1150 1034 1210 τῆς,
1063 1150 1124 1201 ὡς
1151 1148 1287 1198 αὐτοί
1309 1152 1477 1216 φασιν,
1505 1152 1706 1213 υἱοτικῆς
1769 1168 1771 1170 ’

115 1225 425 1281 ὑποστάσεως
463 1232 506 1278 οἱ
544 1230 745 1294 οὐρανοὶ,
772 1229 847 1278 καὶ
885 1227 969 1279 τὸν
1007 1234 1090 1279 τοῦ
1120 1228 1312 1295 Πατρὸς
1350 1229 1532 1281 κόλπον
1569 1232 1705 1299 ἀφεὶς

112 1312 209 1362 τοῖς
246 1310 321 1360 ἐπὶ
353 1312 440 1375 γῆς
470 1310 599 1374 ἥδιον
624 1314 814 1372 μᾶλλον
841 1314 1182 1361 συνδιαιτᾶται.
1238 1317 1386 1362 ταῦτα
1424 1311 1518 1377 γὰρ
1543 1314 1704 1363 ἐκεῖνοι

48 1409 93 1446 15
113 1394 526 1460 ψυχρολογοῦσιν,
553 1394 615 1445 ὡς
650 1391 787 1459 ε’φην.
842 1389 941 1442 εἶτα
979 1393 1048 1445 τίς
1086 1395 1169 1456 τῆς
1204 1394 1387 1444 ἐκείνων
1426 1394 1701 1460 ἀβελτερίας
1722 1402 1746 1443 b

113 1475 353 1543 ἀνεξεται·
343 1516 355 1535 ,
394 1472 424 1538 ὴ
451 1475 520 1527 τίς
554 1479 649 1525 τῶν
684 1497 1057 1542 νουνεχεστερων
1084 1476 1167 1526 οὐκ
1206 1473 1264 1525 ἂν
1289 1476 1445 1529 αὐτοῖς
1480 1478 1698 1545 ἀμφιλα-

113 1555 198 1622 φες
223 1555 458 1624 ἐπιστάξῃ
483 1555 697 1622 δακρυον,
724 1556 771 1607 οἵ
792 1579 847 1622 γε
874 1579 956 1609 τας
984 1557 1108 1622 ιεράς
1143 1581 1218 1608 και
1258 1558 1384 1611 θειας
1421 1556 1702 1623 ἠγνοηκότες

111 1637 301 1706 γραφὰς
338 1637 392 1688 τὸ
431 1642 492 1691 εἷς
532 1644 642 1688 νοῦν
676 1638 791 1702 ἧκον
817 1639 1158 1698 ἀβασανίστως
1193 1639 1475 1705 ἐρεύγονται,
1505 1641 1579 1690 καὶ
1606 1644 1702 1690 τῶν

111 1720 264 1786 ὀρθῶν
283 1721 365 1783 τῆς
385 1720 677 1784 Ἐκκλησιάς
697 1719 949 1784 δογμάτων
969 1721 1250 1771 ἐκπίπτουσι
1273 1743 1284 1783 ;
1317 1721 1365 1772 τί
1385 1726 1452 1790 τῷ
1472 1721 1723 1791 Φιλίππειιν

44 1822 92 1848 20
110 1803 214 1867 περὶ
257 1807 340 1852 τοῦ
381 1801 571 1867 Πατρὸς
613 1800 798 1867 λέγοντι
841 1802 1252 1870 προσπεφώνηκεν
1296 1803 1321 1853 ὁ
1361 1802 1506 1863 Υἱός;
1568 1812 1594 1832 “
1623 1804 1699 1855 Οὐ

111 1889 139 1912 “
156 1883 390 1936 πιστεύεις
414 1883 486 1934 ὅτι
512 1883 603 1949 ἐγὼ
624 1885 672 1934 ἐν
697 1888 763 1951 τῷ
783 1885 939 1949 Πατρὶ
965 1887 1040 1934 καὶ
1068 1885 1093 1934 ὁ
1113 1884 1282 1950 Πατὴρ
1307 1886 1355 1935 ἐν
1382 1887 1481 1947 ἐμοὶ
1507 1887 1637 1936 ἐστίν
1656 1887 1696 1947 ;”
1717 1908 1738 1933 o

109 1965 276 2015 οὐκοῦν
301 1964 545 2032 ἀμήχανον
569 1963 685 2015 εἶναι’
708 1987 823 2016 ποτε
850 1966 959 2033 δίχα
983 1971 1068 2017 τοῦ
1095 1965 1253 2031 ἑτερου
1278 1964 1333 2017 τὸ
1359 1967 1529 2032 ἕτερον’
1584 1969 1696 2018 ἀλλ’

109 2046 310 2113 ἔνθαπερ
341 2048 365 2097 ὁ
395 2046 565 2113 Πατὴρ
599 2045 712 2098 εἶναι
748 2051 914 2098 νοοῖτο·
961 2047 1066 2098 ἔστι
1101 2047 1148 2099 δὲ
1173 2054 1433 2116 πανταχοῦ·
1480 2050 1574 2100 ἐκεῖ
1606 2072 1699 2100 που

108 2127 297 2181 πάντως
323 2132 397 2180 καὶ
424 2131 449 2180 ὁ
475 2129 603 2191 Υἱὸς,
625 2130 700 2180 καὶ
729 2129 929 2195 ἔνθαπερ
955 2128 1011 2180 ἂν
1038 2130 1063 2180 ὁ
1090 2129 1223 2193 Υἱὸς,
1248 2132 1342 2180 ἐκεῖ
1363 2134 1437 2180 καὶ
1462 2132 1487 2180 ὁ
1510 2130 1695 2196 Πατήρ.

42 2224 89 2261 25
110 2212 147 2260 εἰ
188 2209 282 2276 γάρ
318 2212 450 2261 ἐστιν
491 2209 790 2276 ἀπαύγασμα
832 2216 916 2261 τοῦ
963 2209 1156 2278 Πατρὸς
1195 2212 1220 2261 ὁ
1259 2210 1388 2273 Υἱὸς,
1427 2213 1503 2261 καὶ
1539 2210 1696 2277 Λόγος

161 2395 189 2417 1.
216 2383 408 2428 ὑπόσχεσιν
424 2383 631 2426 ἀποπληρῶν
648 2382 715 2417 hoc
733 2383 854 2417 ordine
873 2384 918 2417 A.
1202 2394 1235 2428 3.
1262 2386 1280 2416 ὁ
1298 2387 1523 2428 assumptum
1541 2396 1581 2418 ex
1601 2385 1642 2417 A.
1650 2384 1694 2419 D.

110 2442 142 2472 4.
170 2429 253 2473 ἡμᾶς
271 2429 395 2475 ἁγιάσῃ
414 2429 480 2463 hoc
497 2430 620 2463 ordine
638 2430 681 2463 A.
755 2430 815 2463 οὐκ
833 2430 929 2463 Α.Ι).
949 2430 1001 2463 καὶ
1019 2430 1078 2463 οὐκ
1098 2429 1165 2465 Ed.
1238 2429 1277 2473 ἧν
1303 2431 1338 2464 ἐν
1355 2432 1426 2465 τοῖς
1450 2431 1603 2474 ουρανοῖς
1628 2430 1694 2465 hoc

109 2476 230 2510 Ordine
247 2477 291 2511 A.
493 2486 524 2520 7.
550 2476 642 2520 ἡμῶν
659 2477 793 2510 correxi
810 2488 851 2510 ex
872 2477 959 2510 RD.
978 2477 1069 2520 ὑμῶν
1088 2476 1155 2511 Ed.
1361 2478 1394 2512 8.
1418 2476 1618 2521 πεπλήρωκε
1636 2477 1695 2520 τὴν

109 2522 304 2566 οἰκουμένην
321 2522 387 2556 hoc
406 2521 528 2556 ordine
546 2523 589 2557 A.
760 2533 813 2557 12.
840 2523 965 2567 ὑῖτικῆς
983 2524 1038 2567 (ut
1057 2523 1177 2567 supra)
1198 2524 1240 2557 A.
1413 2534 1464 2568 13.
1489 2526 1549 2557 τοῦ
1567 2525 1694 2568 πατρὸς

109 2571 236 2603 κόλπον
252 2569 352 2614 ἀφεὶς
370 2569 435 2603 hoc
453 2568 575 2603 ordine
593 2569 636 2604 A.
653 2571 713 2604 τοῦ
729 2570 857 2613 πατρὸς
875 2575 955 2614 post
972 2570 1072 2614 ἀφεὶς
1089 2570 1287 2614 transponit
1303 2569 1368 2604 Ed.
1468 2582 1521 2612 14.
1540 2571 1634 2614 ἥδιον
1648 2571 1692 2604 Α.

109 2615 208 2675 'socon‘⁴
213 2616 258 2650 D.
278 2616 338 2659 ”δη
358 2615 424 2649 Ed.
650 2625 703 2658 15.
731 2615 989 2660 τῆς-ἀνέξεται
1006 2617 1050 2651 Α.
1067 2616 1218 2659 ἀνέξεται
1237 2622 1316 2650 ante
1333 2618 1392 2660 τῆς
1410 2617 1606 2660 transponit
1625 2615 1691 2649 Ed.

113 2661 166 2695 16.
192 2661 211 2705 ἣ
231 2630 373 2705 (ο10)η.Α
445 2661 485 2695 ἂν
501 2668 723 2706 assumptum
741 2674 781 2696 ex
800 2663 844 2696 A.
912 2663 1037 2696 Statim
1063 2663 1177 2698 αὐτοῖς
1201 2663 1404 2707 ἀμφιλαφές
1424 2663 1490 2696 hoc
1508 2663 1630 2696 ordine
1648 2663 1691 2696 A.

113 2718 166 2764 17.
185 2708 349 2752 επιστάξῃ
361 2707 465 2741 edidi.
479 2708 652 2753 ἐπιστάξει
668 2710 710 2742 Α.
729 2709 949 2754 ἐπισταλάξει
970 2708 1026 2754 [ἂν
1043 2721 1114 2743 non
1133 2708 1317 2754 exhibens]
1334 2709 1378 2742 D.
1396 2709 1607 2761 ἐπισταλάξῃ
1624 2707 1690 2741 Ed.

109 2753 308 2799 ἠγνοηκότες
324 2754 460 2799 γραφὰς
477 2754 543 2788 hoc
561 2755 683 2789 ordine
701 2755 744 2789 A.
944 2767 1071 2800 22—p.
1090 2756 1171 2800 580,
1190 2755 1223 2789 6.
1242 2756 1324 2789 citat
1342 2755 1375 2789 N
1379 2755 1513 2789 lketas
1505 2758 1541 2788 in
1561 2755 1691 2788 Catena

110 2801 153 2834 ad
171 2801 362 2840 Hebraeos,
377 2800 465 2834 Cod.
480 2800 887 2836 Mediolanensisbomb.
904 2814 972 2836 sec.
985 2803 1054 2836 xiv.
1070 2802 1371 2856 quemgsignavi‚
1385 2801 1472 2835 Cod.
1490 2801 1596 2833 Paris.
1612 2811 1655 2843 23
1658 2800 1690 2834 8.

110 2847 257 2881 membr.
275 2858 343 2881 sec.
362 2847 431 2881 xiv.
452 2858 555 2891 quem
574 2846 597 2880 h
617 2848 764 2890 signavi.
782 2848 940 2882 Titulum
958 2849 1133 2893 Κυριλλου
1158 2849 1243 2892 πρὸς
1268 2847 1423 2891 Τιβέριον
1440 2846 1580 2881 exhibet
1607 2846 1691 2880 Nik.

111 2904 166 2928 22.
193 2894 230 2928 τὸ
249 2893 291 2927 A.
299 2893 343 2927 D.
347 2905 381 2938 g
386 2893 420 2928 h.
437 2893 466 2926 V
472 2893 541 2928 ulc.
559 2894 617 2928 τὸν
636 2894 728 2928 Aub.
748 2906 766 2928 e
782 2894 812 2926 Υ
817 2895 943 2928 ulcanii
962 2894 1216 2929 emendatione.

852 2964 968 3002 4192

1760 1795 1792 1826 S,
1805 1795 1827 1824 J
1832 1805 1902 1824 nan.

1761 1839 1824 1870 xiv.
1846 1847 1890 1869 10.
