2027 3257
80 199 251 244 [21M-]

146 2053 202 2086 22
222 2050 284 2087 M.

283 136 368 175 204
504 134 555 174 B.
587 133 835 174 CYRILLI
871 130 1219 172 ALEXANDR.
1258 130 1631 170 FRAGMENTA
1701 131 1858 184 vii.15.

286 250 313 273 ‘⁶
339 243 510 310 χρόνον
549 242 602 309 ζῇ
627 244 666 304 ;”
709 241 901 308 κυριεύει
940 239 995 303 δὴ
1031 240 1111 290 οὖν
1147 261 1250 289 τινα
1288 237 1464 304 τρόπον
1498 243 1592 289 τῶν
1631 236 1814 303 ζώντων
1841 239 1866 288 ὁ

287 324 445 388 νόμος·
499 323 790 391 ἀπρακτήσει
827 322 913 386 μὲν
938 321 1031 387 γὰρ
1071 320 1310 386 ἀραρότως
1348 322 1422 371 ε’πὶ
1460 326 1556 374 τοῖς
1596 324 1862 370 τεθνεῶσιν·

288 406 486 472 ὁρίζεται
537 406 585 456 δὲ
637 406 719 456 οὐκ
763 405 965 456 ἐκείνοις·
1027 401 1202 462 πόθεν;
1261 401 1391 453 ἀλλά
1435 407 1531 454 τοῖς
1577 401 1642 451 ἔτι
1692 399 1775 451 τὸν
1823 404 1869 451 ἐν

289 488 478 550 σώματι
511 487 729 553 τρίβουσι
761 485 879 545 βίον·
924 486 999 535 καὶ
1026 488 1261 552 στεφανοῖ
1290 483 1374 546 μὲν
1401 482 1600 535 ἐπαίνοις
1627 481 1709 532 τὸν
1736 483 1865 533 εὐδο-

289 573 437 630 κιμεῖν
476 567 683 629 εἰωθότα,
711 566 1086 635 καταψηφίζεται
1127 565 1173 615 δὲ
1213 569 1306 615 τῶν
1332 565 1558 628 βεβήλων
1597 562 1682 626 τὴν
1721 563 1868 628 δίκην·
1893 582 1915 620 5

290 648 388 701 εἶτα
417 654 517 702 πῶς
545 651 570 699 ὁ
598 647 849 712 νομοθέτης
885 646 1016 700 ὅσιος
1051 646 1185 697 ἔσται
1224 646 1381 711 κριτὴς
1421 645 1631 711 κολάζων
1657 645 1867 710 ἡμαρτη-

290 731 428 784 κότας
466 729 573 784 τοὺς
611 734 671 783 εἷς
710 734 846 780 τοῦτο
887 733 1051 780 πεσεῖν
1081 728 1360 786 ἀβουλήτως
1394 729 1443 777 ἐκ
1477 726 1621 794 τύχης
1659 727 1870 791 ἠναγκα-

290 812 525 876 σμένους;
569 816 759 875 μᾶλλον
792 810 839 862 δὲ
874 810 924 860 τί
954 812 1029 860 καὶ
1063 809 1186 863 ὅλως
1221 808 1302 860 τὸν
1330 808 1471 869 νόμον
1498 808 1704 875 ὡρίσατο
1723 830 1735 870 3
1779 813 1875 862 τοῖς

291 895 375 958 μὲν
400 893 493 960 γὰρ
520 893 710 961 ἔχουσιν
736 892 803 943 ἐπ’
833 892 1052 960 ἐξουσίας
1087 890 1117 942 ἃ
1153 891 1210 942 ἂν
1242 891 1494 951 βούλοιντο
1530 892 1657 956 δρᾶν,
1686 891 1825 940 ὁσίαν
1850 890 1875 939 ὁ

293 974 434 1039 νόμος
472 975 607 1041 ὁρίζει
644 973 730 1038 τὴν
769 974 913 1037 δίκην,
946 978 983 1024 εὶ
1021 973 1174 1039 παρὸν
1206 973 1460 1035 εὐδοκιμεῖν
1494 977 1594 1025 ταῖς
1633 972 1870 1037 ἀγαθουρ-
1901 996 1949 1021 10

292 1058 415 1122 γιάις
452 1055 693 1109 ἐπιδόντας
732 1054 815 1106 τὸν
851 1061 973 1117 νοῦν,
1008 1056 1138 1105 αὐτοὶ
1176 1053 1234 1104 τὰ
1273 1054 1445 1120 αἰσχίω
1484 1052 1773 1117 τετιμήκασι,
1801 1055 1876 1103 καὶ

293 1142 388 1188 τῶν
414 1136 668 1201 ἀμεινόνων
693 1136 970 1204 ἠλλάξαντο
994 1135 1053 1186 τὰ
1080 1135 1155 1186 διὰ
1192 1135 1336 1197 νόμου
1361 1135 1739 1200 κατεγνωσμένα·
1782 1139 1878 1188 τοῖς

292 1219 443 1285 γεμὴν
469 1218 786 1284 ἐπηρτημένον
813 1218 976 1285 ε”χουσι
1010 1216 1093 1268 τὸν
1125 1220 1207 1280 τῆς
1232 1216 1440 1280 ἀνάγκης
1478 1215 1631 1281 ζυγὸν,
1660 1219 1733 1266 καὶ
1759 1214 1878 1283 ᾗπερ

295 1300 353 1351 ἂν
386 1305 482 1354 τοῖς
517 1305 744 1366 κρατοῦσι
777 1303 890 1367 δοκῇ
929 1298 1227 1365 τρεπομένοις
1266 1299 1347 1360 ἀεὶ,
1374 1296 1592 1362 περιττὸν
1624 1296 1754 1360 οἶμαί
1786 1320 1879 1348 που

295 1381 350 1433 τὸ
378 1383 643 1445 θέσπισμα.
700 1383 848 1432 καίτοι
873 1385 974 1434 πῶς
1000 1381 1083 1430 οὐκ
1109 1378 1282 1444 ἀληθὲς
1309 1383 1450 1429 εἰπεῖν
1476 1381 1537 1431 ὡς
1565 1379 1657 1428 οὐδ’
1687 1377 1745 1429 ἂν
1771 1379 1879 1442 ἡμῖν
1902 1394 1950 1433 15

296 1466 321 1514 ὁ
359 1463 515 1514 πάντα
553 1462 681 1516 εἰδὼς
720 1462 803 1512 τὸν
840 1465 889 1513 ἐκ
928 1468 1010 1513 τοῦ
1050 1460 1193 1525 νόμου
1231 1460 1371 1527 ζυγὸν
1406 1461 1621 1523 ἐπετίθει,
1663 1458 1716 1511 τὸ
1756 1461 1881 1529 αὐτῷ

297 1548 464 1596 δοκοῦν
505 1545 553 1595 εὖ
598 1544 731 1606 μάλα
774 1543 1070 1610 βραβεύοντα
1114 1544 1189 1593 καὶ
1233 1545 1628 1608 παιδαγωγοῦντα
1668 1541 1785 1608 πρὸς
1826 1541 1881 1592 τὸ

295 1627 558 1694 συμφέρον,
598 1630 636 1677 εὶ
680 1631 776 1680 τοῖς
821 1626 1096 1691 εἱμαρμένης
1139 1624 1332 1692 βρόχοις
1373 1624 1728 1689 ἐνειλημμένους
1768 1625 1878 1688 ἠπί-

296 1730 482 1760 στατο·
472 1749 483 1770 ,
526 1706 556 1772 ἢ
589 1730 684 1774 γαρ
715 1709 858 1758 εκεῖνο
898 1705 1136 1772 λεγόντων
1168 1709 1209 1756 οἱ
1248 1706 1302 1755 δι’
1332 1706 1554 1767 ἐναντίας,
1583 1708 1645 1760 ὡς
1682 1705 1882 1771 ἠγνόηκε

296 1795 435 1840 τοῦτο
462 1788 646 1851 Θεὸς,’
623 1813 652 1853 η
680 1788 807 1854 ε’ίπερ
841 1787 959 1855 ὀρθα
995 1792 1185 1855 φρονεῖν
1211 1786 1432 1853 ᾑρημενοι
1469 1787 1648 1837 δεδίασι
1688 1785 1883 1855 σφόδρα
1904 1808 1954 1833 20

297 1894 352 1921 το
391 1874 473 1934 τῆς
512 1869 715 1938 ἀῤῥήτου
754 1869 895 1939 δόξης
934 1869 1156 1936 καταχέαι
1196 1867 1284 1932 τὴν
1321 1867 1530 1933 ἄγνοιαν·
1582 1872 1882 1932 νενομοθετη-

299 1952 426 2004 κέναι
464 1952 518 2003 δε
541 1957 680 2021 φασι,
708 1975 783 2002 και
821 1951 914 2015 μὴν
949 1953 1025 2001 καὶ
1063 1955 1158 2001 τῶν
1197 1950 1608 2014 πλημμελούντων
1635 1951 1884 2016 καθορίσαι

299 2033 384 2088 τὰς
415 2033 545 2088 δίκας
584 2032 974 2099 ὁμολογήσουσιν
1000 2034 1221 2098 ἐναργῶς·
1275 2030 1374 2082 οἶδε’
1401 2054 1492 2082 που
1526 2031 1715 2085 πάντως
1749 2033 1880 2082 ἐλευ-

301 2116 421 2185 θέρῳ
449 2114 716 2184 φρονήματι
751 2114 978 2181 διαζῶντα
1003 2113 1086 2164 τὸν
1111 2114 1361 2179 ἄνθρωπον
1387 2115 1463 2163 καὶ
1498 2115 1664 2180 ῥοπαῖς
1690 2114 1879 2163 ἐθελου-

301 2197 422 2250 σίοις
447 2198 518 2264 ἐφ’
548 2196 664 2262 ὅπερ
690 2195 748 2247 ἂν
775 2198 850 2246 καὶ
876 2195 1101 2256 βούλοιτο
1128 2193 1328 2245 διάττειν
1353 2195 1594 2262 ἰσχύοντα,
1614 2193 1879 2260 παραποδί-
1907 2211 1955 2250 25

302 2278 461 2344 ζοντος
499 2276 695 2331 οὐδενός.
749 2279 967 2345 ταύτῃτοι
997 2279 1072 2328 καὶ
1099 2278 1124 2327 ὀ
1150 2275 1403 2329 θεσπέσιος
1433 2280 1629 2329 Παῦλος
1668 2275 1886 2341 κυριεύειν

303 2360 394 2428 ἔφη
433 2365 515 2411 τοῦ
555 2359 805 2425 ἀνθρώπου
842 2358 926 2410 τὸν
965 2357 1108 2421 νόμον
1146 2359 1217 2426 ἐφ’
1247 2357 1364 2408 ὅσον
1402 2355 1572 2424 χρόνον
1606 2356 1679 2424 ζῇ·
1721 2358 1886 2407 οὐκοῦν

304 2442 391 2508 οὐχ
444 2444 506 2494 ὡς
549 2444 632 2504 τῆς
675 2440 926 2507 ἀνθρώπου
977 2441 1180 2494 διανοίας
1231 2444 1327 2493 τοῖς
1377 2440 1543 2505 ἑτέρων
1588 2438 1886 2502 ὑποκειμένης

305 2521 504 2586 νεύμασι
540 2521 599 2572 τὰ
629 2522 782 2573 τοιάδε
823 2522 963 2591 φησί·
1017 2526 1285 2590 φιλοσοφεῖ
1318 2520 1367 2571 δὲ
1405 2523 1481 2571 καὶ
1519 2523 1601 2584 τῆς
1639 2520 1887 2585 ἀνθρώπου

352 2660 385 2694 3.
412 2650 470 2683 τὸν
487 2651 530 2682 A.
551 2649 685 2694 Migne.
703 2653 769 2683 τῶν
789 2650 831 2683 Β.
852 2649 917 2683 Ed.
1182 2664 1215 2692 4.
1243 2651 1380 2693 σώμασι
1398 2650 1441 2684 Α.
1706 2657 1738 2693 7.
1762 2647 1883 2693 τύχης]

304 2696 422 2740 ψυχῆς
441 2694 521 2740 (Sic)
542 2697 584 2728 A.
832 2708 885 2730 10.
910 2696 1148 2753 ἀγαθοεργίαις
1164 2697 1207 2730 Α.
1457 2707 1509 2730 11.
1535 2693 1748 2740 τετιμήκασι]
1768 2696 1886 2729 τετολ-

304 2741 432 2785 μήκασι
451 2743 495 2775 Α.
766 2753 818 2786 13.
842 2740 928 2785 ᾑπερ
948 2744 991 2775 A.
1010 2742 1106 2786 οἱπερ
1126 2743 1168 2776 Β.
1188 2741 1224 2776 οἱ
1236 2757 1300 2786 περ
1319 2742 1385 2776 Ed.
1657 2740 1709 2774 16.
1734 2741 1822 2786 αὐτῷ
1841 2741 1885 2775 Α.

307 2789 440 2832 Mlgne.
459 2788 539 2821 αὐτὸ
558 2787 624 2821 Ed.
884 2789 935 2822 18.
963 2803 1172 2833 ειμαρμενοις
1190 2788 1279 2833 (Sic)
1280 2757 1341 2822 ρ.Β
1594 2799 1649 2821 21.
1675 2787 1869 2832 ἅγνοιαν]”
1847 2802 1885 2820 α-

307 2849 398 2868 νοιαν
413 2834 432 2878 ἢ
451 2834 510 2878 τὴν
525 2834 661 2879 ἶίγνοιαν
678 2846 740 2878 pro
757 2846 853 2868 more
873 2834 1034 2868 codicum
1057 2836 1309 2869 nonnullorum
1331 2846 1392 2878 per
1408 2833 1621 2867 additionem
1640 2833 1816 2877 corrigens
1841 2833 1884 2867 A.

307 2880 586 2925 νενομοθετήκασι
604 2881 683 2925 (Sic)
702 2881 745 2914 A.
880 2891 934 2925 23.
961 2880 992 2914 οἲ
1010 2880 1049 2914 δέ
1064 2881 1106 2915 A.
1244 2890 1299 2925 25.
1324 2881 1377 2914 καὶ
1393 2880 1556 2921 βούλοιτο
1574 2880 1617 2914 Α.
1635 2878 1798 2924 ἐβούλετο
1817 2878 1884 2914 Ed.

309 2928 364 2962 28.
392 2927 619 2971 ὑποκειμενοις
637 2926 726 2971 (Sic)
748 2927 787 2960 Β.
