2012 3272
475 145 633 186 RESP.
666 144 748 185 AD
779 144 892 185 TIB.
927 142 1275 184 SOCIOSQUE.
1588 141 1671 181 583

86 252 290 319 Πατρὸς,
317 254 399 304 οὐκ
437 254 529 321 ἔχει
566 259 706 305 τοῦτο
744 252 863 304 κατὰ
902 252 1052 319 φύσιν
1078 251 1200 301 ἰδίαν
1227 251 1252 300 ὁ
1279 248 1408 312 Υἱὸς,
1434 248 1489 300 τὸ
1515 248 1672 300 πάντα

84 337 206 401 φημὶ
244 341 460 401 πληροῦν
502 338 578 386 καὶ
617 333 729 386 εἶναι
767 338 1014 400 πανταχοῦ
1054 334 1130 382 καὶ
1170 330 1354 385 οὐδενὸς
1389 331 1668 394 ἀπολιμπά-

83 419 260 478 νεσθαι,
286 416 540 484 ἑτεροφυὴς
566 417 658 483 ἄρα
688 418 797 483 παρ’
828 415 971 466 αὐτόν
997 416 1146 465 ἐστιν.
1193 414 1477 464 ἐκπίπτουσι
1515 412 1671 463 τοίνυν
1690 421 1716 460 (l

82 501 144 551 εἰς
181 497 266 561 τὴν
303 503 398 549 τῶν
431 500 687 564 Ἀρειανῶν
721 497 1089 561 πεπλανημένην
1116 494 1263 563 δόξαν
1304 498 1346 545 οἱ
1381 500 1529 545 ταῦτα
1565 494 1672 558 περὶ

42 598 63 637 5
83 580 224 630 αὑτοῦ
260 585 526 643 τολμῶντες
559 580 728 645 λέγειν.
779 584 816 630 εὶ
847 578 932 642 μὲν
958 578 1051 644 γὰρ
1076 577 1452 629 πεπιστεύκασιν
1479 578 1671 639 ἀληθῶς

83 660 154 711 ὅτι
191 663 266 712 καὶ
299 661 421 715 Θεὸς
455 664 530 713 καὶ
565 664 614 712 ἐκ
646 666 771 712 Θεοῦ
812 660 1003 726 Πατρὸς
1039 658 1158 710 κατὰ
1199 660 1349 727 φύσιν
1390 657 1601 725 πέφηνεν
1646 657 1671 706 ὁ

83 741 211 805 Υἱὸς,
230 744 279 794 τί
299 743 364 808 μὴ
393 744 614 808 νέμουσιν
640 745 765 813 αὐτῷ
790 742 850 794 τὰ
875 744 933 809 τῇ
959 742 1060 810 θείᾳ
1083 740 1326 807 πρέποντα
1348 739 1523 809 φύσεις
1565 743 1602 789 εἰ
1623 739 1671 789 δὲ

83 823 233 888 ὄνομα
270 824 355 888 μὲν
380 826 505 895 αὐτῷ
542 826 596 876 τὸ
635 831 718 876 τοῦ
748 829 874 876 Θεοῦ
901 822 1320 891 περιπλάττουσιν,
1348 825 1671 887 ἀποστεροῦσι

83 905 132 957 δὲ
168 910 263 957 τῶν
299 909 381 970 τῆς
421 907 640 972 θεότητος
678 907 975 977 ἀξιωμάτων,
1013 904 1305 971 ἠγνοήκασιν
1348 903 1419 955 ὅτι
1458 903 1667 970 καταφέ-

19 1013 65 1038 10
82 1011 250 1055 ρουσιν
291 990 339 1039 ἐν
377 989 608 1052 κτίσμασι
651 990 734 1040 τὸν
777 988 995 1053 ποιητὴν,
1045 991 1120 1038 καὶ
1166 990 1225 1055 τῇ
1269 991 1364 1037 τῶν
1408 984 1713 1051 γεγονότωνο

82 1071 224 1139 μοίρᾳ
267 1071 493 1122 τοίττουσι
536 1073 619 1123 τὸν
662 1076 757 1122 τῶν
799 1071 925 1122 ὅλων
970 1069 1305 1136 γενεσιουργὸν
1351 1070 1427 1119 καὶ
1475 1067 1668 1134 Κύριον

84 1154 249 1204 οὐκοῦν
287 1152 345 1217 ἧν
382 1153 466 1216 μὲν
505 1156 577 1205 ἐπὶ
625 1156 712 1219 γῆς
757 1152 990 1218 ὁρώμενος
1037 1151 1156 1202 κατὰ
1201 1151 1361 1217 σάρκα
1405 1150 1671 1215 ἅνθρωπος,

83 1234 279 1301 πλήρεις
318 1233 366 1285 δὲ
405 1234 532 1299 ἦσαν
556 1237 631 1287 καὶ
666 1236 786 1286 οὕτω
825 1237 908 1298 τῆς
944 1233 1163 1297 θεότητος
1202 1234 1344 1283 αὐτοῦ
1385 1236 1428 1283 οἱ
1468 1231 1670 1298 οὐρανοί.

84 1321 265 1383 πληροῖ
284 1316 377 1385 γὰρ
403 1320 465 1372 ὡς
491 1317 610 1386 ἔφην
636 1316 695 1368 τὰ
720 1315 877 1368 πάντα
904 1315 1026 1370 Θεὸς
1052 1314 1117 1366 ὢν
1144 1316 1168 1366 ὁ
1197 1313 1370 1380 Λόγος.

1694 1468 1715 1495 ρ
1754 1454 1812 1495 381
1829 1454 1875 1486 A.

21 1541 66 1580 15
202 1523 308 1576 Πρὸς
328 1525 415 1567 τοὺς
435 1524 640 1577 λέγοντας,
663 1524 722 1564 ὅτι
743 1523 938 1576 ἠγνόησεν
959 1524 979 1562 ὁ
999 1522 1091 1564 ’Υἱὸς
1113 1522 1183 1573 τὴν
1205 1520 1379 1575 ἐσχάτην
1399 1519 1558 1572 ἡμέραν.
1696 1517 1731 1552 Δ
1749 1541 1759 1552 ·

701 1672 1053 1710 ΕΠΙΛΎΣΙΣ.

162 1780 293 1830 Φασὶ
319 1777 466 1845 γεμὴν
493 1781 567 1829 καὶ
593 1778 771 1845 ἑτέρους
797 1777 1092 1830 ἀκούσαντας
1113 1776 1337 1842 λε’γοντος
1357 1780 1441 1826 τοῦ
1456 1778 1675 1841 Χριστοῦ

88 1868 115 1891 ιε
145 1863 260 1928 Περὶ
298 1860 347 1912 δὲ
386 1864 468 1925 Τῆς
507 1860 678 1928 ἡμέρας
704 1859 733 1925 ἢ
759 1863 841 1925 τῆς
880 1859 1003 1925 ὥρας
1036 1859 1207 1922 ἐκείνης
1234 1859 1379 1910 οὐδεὶς
1406 1855 1539 1919 οἶδεν,
1567 1854 1671 1906 οὐδὲ
1736 1868 1888 1941 SLMassc,

87 1951 115 1974 ‘⁶
141 1947 183 1995 οἱ
221 1943 418 2009 ἄγγελοι
456 1947 550 1994 τῶν
587 1943 815 2010 οὐρανῶν,
853 1941 957 1993 οὐδὲ
999 1942 1024 1992 ὁ
1066 1939 1174 2002 υἱὸς,
1211 1943 1248 1991 εἰ
1293 1938 1358 2003 μὴ
1402 1940 1426 1990 ὁ
1471 1937 1628 2003 πατὴρ
1735 1921 1875 1951 xm'3'

23 2050 70 2075 20
88 2025 244 2089 μόνος,
282 2024 614 2076 ἀσυνετώτατα
652 2024 821 2090 λέγειν,
860 2023 924 2088 μὴ
964 2024 1129 2074 εἰδέναι
1169 2020 1289 2072 κατὰ
1328 2020 1552 2084 ἀλήθειαν
1590 2019 1718 2070 τὸνά

87 2109 137 2159 ἐκ
174 2111 256 2172 τῆς
296 2108 459 2161 οὐσίας
484 2112 567 2158 τοῦ
594 2110 719 2157 Θεοῦ
751 2108 825 2157 καὶ
853 2104 1044 2171 Πατρὸς
1082 2103 1329 2173 πεφηνότα
1356 2101 1530 2169 Λόγον,
1557 2100 1674 2166 μήτε

141 2300 171 2323 1.
196 2288 283 2322 ἰδίαν
300 2295 523 2333 assumptum
541 2299 581 2321 ex
599 2286 772 2332 A.D.g.h.
843 2287 883 2320 τὰ
901 2298 964 2331 pro
981 2287 1020 2321 τὸ
1038 2285 1073 2320 h.
1257 2296 1290 2319 2.
1316 2282 1400 2319 εἶναι
1417 2285 1591 2329 πανταχοῦ
1609 2283 1675 2317 hoc

91 2335 213 2369 ordine
230 2335 351 2380 A.g.h.
525 2345 559 2379 3.
583 2334 786 2368 ἐκπίπτουσι
802 2332 930 2378 τοίνυν]
951 2333 1004 2367 καὶ
1022 2332 1244 2367 ἐκπίπτουσιν
1261 2331 1335 2377 g.h.
1511 2343 1545 2372 4.
1571 2333 1676 2364 ταῦτα

91 2393 162 2416 om.
179 2381 252 2425 g.h.
323 2381 401 2424 περὶ
418 2381 520 2415 αὐτοῦ
537 2382 728 2424 τολμῶντες
744 2379 857 2424 λέγειν
875 2379 941 2413 hoc
959 2378 1082 2413 ordine
1099 2378 1218 2423 A.g.h.
1433 2386 1466 2419 5.
1491 2376 1675 2411 πεπιστεύ-

92 2442 191 2462 κασιν
207 2427 341 2471 ἀληθῶς
358 2427 424 2462 hoc
442 2427 562 2461 ordine
580 2428 623 2460 A.
791 2426 824 2460 6.
849 2427 1001 2471 πέφηνεν
1018 2425 1152 2460 Α.Γ.Ι).
1170 2424 1322 2470 πέφυκεν
1340 2423 1408 2457 Ed.
1576 2432 1608 2468 7.
1634 2425 1674 2466 τῇ

91 2485 162 2508 om.
180 2474 225 2508 A.
297 2474 468 2518 πρέποντα
485 2473 592 2518 φύσει
609 2473 676 2507 hoc
694 2472 815 2507 ordine
832 2473 877 2506 A.
1079 2472 1112 2506 8.
1137 2471 1370 2516 ἀποστεροῦσι
1389 2470 1424 2504 δὲ
1443 2473 1508 2504 τῶν
1525 2472 1583 2513 τῆς
1601 2470 1676 2503 θεό-

91 2535 191 2564 τητος
215 2519 413 2564 ἀξιωμάτων
437 2520 504 2554 hoc
530 2519 651 2553 Ordine
669 2520 712 2554 A.
738 2523 804 2554 τῶν
821 2519 1018 2562 ἀξιωμάτων
1036 2518 1071 2552 δέ
1096 2518 1330 2562 ἀποστεροῦσι
1355 2518 1414 2560 τῆς
1431 2517 1590 2560 θεότητος
1608 2515 1676 2550 Ed.

96 2578 149 2601 10.
167 2566 237 2611 καὶ]
258 2571 295 2607 -Ι-
316 2567 351 2600 ἐν
369 2566 435 2601 Ed.
453 2566 571 2600 invitis
589 2566 684 2600 A.D.
743 2570 810 2600 τῶν
825 2566 1014 2610 γεγονότων
1030 2565 1131 2609 μοίρᾳ
1149 2564 1215 2599 hoc
1232 2563 1355 2597 ordine
1373 2564 1416 2596 A.
1518 2574 1571 2607 13.
1589 2562 1677 2606 πλή-

91 2627 152 2657 ρης
169 2613 257 2658 (Sic)
276 2613 320 2648 A.
390 2611 479 2656 ἦσαν
495 2613 549 2646 καὶ
566 2611 651 2646 οὕτω
668 2613 727 2656 τῆς
744 2612 902 2655 θεότητος
918 2612 1020 2645 αὐτοῦ
1038 2611 1104 2644 hoc
1123 2610 1245 2645 ordine
1262 2610 1306 2644 A.
1326 2610 1379 2643 καὶ
1397 2608 1482 2643 οὕτω
1500 2610 1558 2652 τῆς
1575 2609 1678 2642 αὐτοῦ

93 2660 126 2693 θ.
143 2658 231 2702 ἦσαν
249 2659 316 2694 Ed.
487 2670 540 2701 14.
566 2659 610 2694 ὧς
627 2659 714 2704 ἔφην
731 2664 952 2703 assumptum
971 2669 1012 2691 ex
1030 2658 1112 2691 Α.Γ.
1282 2666 1335 2698 15.
1360 2656 1519 2690 Titulum
1538 2655 1678 2689 exhibet

95 2706 309 2749 (citationem
327 2704 569 2748 introducens)
583 2711 616 2739 et
630 2717 664 2738 n.
683 2705 742 2750 qui
753 2705 945 2749 capitulum
962 2704 1034 2738 fere
1044 2710 1158 2737 totum
1173 2702 1325 2737 exhibet.
1379 2701 1521 2747 ἡμέραν]
1541 2705 1577 2741 -Ι-
1595 2702 1677 2734 κατὰ

93 2750 284 2796 Ἀγνοητῶν
301 2751 367 2785 Ed.
386 2757 420 2785 et
437 2751 531 2795 (post
548 2754 709 2796 pausam)
729 2752 774 2785 D.
793 2751 911 2785 invitis
929 2751 1051 2785 A.r.n.
1071 2749 1160 2784 Cod.
1175 2749 1284 2784 Basil.
1333 2748 1369 2782 N
1372 2748 1586 2783 umerum‘in
1604 2759 1675 2791 mg.

94 2810 136 2832 ex
154 2804 179 2831 Γ
195 2798 340 2837 ratione,
360 2797 419 2842 qui
436 2797 492 2831 hic
510 2803 627 2831 tamen
644 2797 784 2831 omittit.
803 2803 828 2830 Γ
845 2796 985 2831 exhibet
1002 2797 1034 2830 A
1051 2808 1123 2840 mg.
1445 2795 1497 2827 16.
1526 2793 1578 2827 Ita
1596 2798 1676 2827 Α.Γ.

94 2846 219 2889 κεφαλ.
238 2844 282 2878 ιδ.
301 2844 348 2878 D.
368 2843 435 2878 Ed.
663 2844 715 2878 18.
741 2844 776 2877 δέ
795 2849 1018 2888 assumptum
1035 2854 1077 2876 ex
1095 2843 1180 2876 Α.Γ.
1252 2841 1271 2886 ἢ
1289 2842 1346 2886 τῆς
1364 2841 1451 2884 ὧρας
1468 2840 1592 2882 ἐκείνης
1610 2838 1676 2872 hoc

95 2890 216 2924 ordine
232 2890 315 2924 A.n.
334 2889 458 2932 ἐκείνης
474 2895 553 2923 ante
570 2889 588 2933 ἢ
606 2890 802 2934 transponit
822 2889 888 2923 Ed.
1012 2900 1065 2934 19.
1091 2891 1167 2924 οὕτε
1184 2888 1228 2923 A.
1341 2897 1397 2922 20.
1422 2888 1524 2931 μόνος
1541 2885 1676 2921 A.D.n.

95 2938 198 2980 μόνον
216 2936 283 2971 Ed.
355 2936 590 2971 ἀσυνετὼτατα
608 2936 722 2981 λέγειν
739 2935 806 2971 hoc
824 2935 947 2970 ordine
964 2935 1046 2970 A.n.
