1986 3282
97 124 326 176 xviii.4—6.
389 124 462 164 IN
505 123 548 163 S.
583 122 922 163 JOANNEM.
986 121 1225 161 LIB.XI.
1288 120 1420 161 CAP.
1445 121 1549 161 XII.
1637 123 1690 161 19

95 231 177 282 τὸν
209 239 236 261 “
256 234 304 282 ἐν
329 236 396 300 τῷ
428 235 533 300 ἱερῷ
565 231 671 282 καθ’
700 231 875 295 ἡμέραν
891 231 915 245 ”
951 229 1251 291 διδάσκοντα,
1279 227 1399 279 κατὰ
1432 227 1518 291 τὴν
1545 228 1688 277 αὐτοῦ
1752 230 1917 315 {22³ssss-

94 319 177 364 τοῦ
214 317 436 379 Σωτῆρος
475 313 672 381 φωνήν;
726 312 857 376 πλὴν
899 312 974 363 ἵνα
1015 311 1133 376 μηδὲ
1174 316 1271 364 τοῖς
1309 310 1534 362 τοιούτοις
1572 307 1689 361 τινες
1838 300 1844 306 ι

94 395 504 461 ἐπιθαρσήσαντες
547 394 721 461 λόγοις,
764 395 854 463 ἔξω
897 418 990 446 που
1032 400 1115 445 τοῦ
1159 392 1419 460 πρέποντος
1461 392 1690 459 ε”ρχωνται

95 484 349 544 λογισμοῦ,
376 478 758 546 προαναβλέψας
790 478 815 527 ὁ
843 477 1101 530 θεσπέσιος
1129 473 1494 541 Εὐαγγελιστὴς
1531 496 1687 540 προσ-

53 560 295 613 5τέθεικεν
346 560 624 626 ἀναγκαίως,
678 560 748 610 ὅτι
802 558 895 610 σὺν
943 564 1039 612 τοῖς
1103 558 1415 624 στρατιώταις
1467 557 1543 607 καὶ
1594 560 1921 609 τοῖς31014Α.

96 642 345 708 ὑπηρέταις
382 644 566 703 εἱστήκει
600 644 679 693 καὶ
714 639 886 697 Ἰούδας
923 648 940 693 ὁ
979 638 1252 709 παραδιὸοὖς
1279 640 1422 690 αὐτόν.
1467 636 1565 689 εἶτα
1590 642 1693 691 πῶς

95 722 332 790 ἠγνόησεν
368 723 426 775 ἂν
453 726 478 775 ὁ
505 725 738 790 προδότης
777 723 861 774 τὸν
890 723 1102 790 Κύριον;
1147 723 1258 773 ἀλλ’
1287 723 1401 784 ἐρεῖς
1438 719 1494 784 δὴ
1530 718 1692 782 πάλιν,

97 809 168 857 ὅτι
207 807 298 876 νὺξ
332 806 389 872 ἧν
417 809 492 858 καὶ
528 807 715 868 σκότος,
745 809 821 857 καὶ
857 807 941 856 οὐκ
974 804 1032 869 ἧν
1059 806 1254 868 ἑτοίμως
1281 807 1392 854 ἰδεῖν
1416 801 1498 854 τὸν
1525 801 1689 869 ζητού-

95 913 250 952 μενον.
298 888 396 941 εἶτα
421 894 522 943 πῶς
549 890 631 940 οὐκ
657 887 954 958 ἀξιάγαστος
981 889 1005 938 ὁ
1033 894 1115 939 τοῦ
1141 887 1338 948 βιβλίου
1365 883 1693 953 συγγραφεὺς,

31 995 78 1021 10
97 971 391 1037 ἀπρονόητον
418 972 502 1022 οὐκ
539 972 675 1039 ἀφεὶς
713 970 817 1022 οὐδὲ
844 969 897 1020 τὸ
931 971 1053 1021 οὕτω
1079 969 1246 1034 μικρόν
1268 991 1279 1029 ;
1329 968 1479 1034 εἴρηκε
1506 966 1599 1033 γὰρ
1626 966 1697 1017 ὅτι

97 1053 277 1122 φανοὺς
315 1056 391 1104 καὶ
427 1055 572 1122 δᾷδας
612 1052 853 1120 ἁψάμενοι
889 1056 955 1121 τῷ
991 1051 1126 1121 κήπῳ
1163 1050 1491 1116 προσέβαλον.
1547 1056 1692 1099 λελυ-

96 1134 237 1200 μένης
275 1141 528 1202 τοιγαροῦν
566 1137 641 1186 καὶ
681 1138 763 1199 τῆς
803 1136 878 1186 ἐπὶ
917 1133 1099 1188 τούτοις
1134 1133 1477 1200 εὑρεσιλογίας,
1505 1129 1559 1182 τὸ
1596 1135 1699 1181 θεο-

95 1217 269 1285 πρεπὲς
311 1218 498 1287 ἀξίωμα
540 1218 833 1286 διαφαίνεται
875 1222 957 1267 τοῦ
999 1220 1234 1283 Χριστοῦ,
1275 1214 1441 1266 ἑαυτὸν
1483 1213 1568 1279 μὲν
1603 1219 1700 1267 τοῖς

98 1301 291 1368 ζητοῦσι
323 1299 670 1367 προσάγοντος,
698 1298 762 1363 μὴ
789 1298 882 1363 μὴν
908 1299 974 1350 ε”τι
1007 1301 1083 1349 καὶ
1118 1296 1567 1364 ἐπιγινωσκομένου.
1622 1296 1696 1346 ἵνα
1716 1307 1742 1347 b

33 1403 79 1442 15
99 1382 193 1450 γὰρ
219 1389 359 1434 τοῦτο
385 1382 627 1435 παθόντας
655 1381 845 1450 ἐλέγξῃ,
887 1381 941 1432 τὸ
977 1381 1042 1445 μὴ
1070 1381 1309 1433 δύνασθαί
1333 1386 1454 1446 φημι
1482 1378 1699 1444 διαγινώ-

99 1488 231 1516 σκειν
270 1463 425 1527 αὐτὸν,
461 1463 515 1516 τό
553 1464 678 1530 Ἐγώ
717 1467 810 1532 εἶμί
843 1469 996 1532 φησιν
1035 1465 1264 1530 ἐναργῶς.
1318 1463 1429 1513 ἀλλ’
1469 1462 1544 1512 ἵνα
1582 1460 1702 1527 πρὸς

99 1548 250 1617 τούτῳ
294 1549 369 1598 καὶ
421 1546 474 1597 τὸ
526 1549 609 1610 τῆς
659 1547 966 1613 πολυχειρίας
1015 1546 1164 1596 ἕωλον
1217 1543 1457 1612 ἀποφήνῃ,
1499 1544 1573 1593 καὶ
1615 1542 1701 1605 τὴν

98 1628 276 1683 παντὸς
311 1628 563 1695 ἀνθρώπου
602 1628 799 1692 δύναμιν
836 1627 968 1678 οὐδὲν
1003 1629 1154 1678 οὖσαν
1197 1631 1456 1689 παντελῶς,
1488 1628 1549 1679 ὡς
1583 1624 1701 1688 πρὸς

98 1711 184 1776 τὴν
211 1711 414 1779 ἄῤῥητόν
453 1734 502 1762 τε
540 1712 616 1762 καὶ
657 1710 786 1761 θείαν
824 1708 977 1778 ἰσχὺν,
1005 1709 1141 1780 πράῳ
1177 1732 1225 1760 τε
1266 1710 1340 1760 καὶ
1377 1708 1533 1777 ἡμέρῳ
1570 1707 1702 1776 λόγῳ

33 1818 84 1844 20
100 1795 510 1861 προσδιαλεχθεῖς,
537 1792 964 1859 καταστρώννυσιν
991 1795 1051 1846 εἷς
1085 1795 1175 1858 γῆν
1203 1797 1297 1843 τῶν
1333 1791 1594 1858 ζητούντων
1620 1788 1703 1840 τὸν

101 1875 263 1944 ὄχλον,
289 1875 343 1926 ἵν’
373 1877 517 1926 ἐκεῖνο
552 1875 788 1938 μάθωμεν,
819 1873 890 1925 ὅτι
925 1878 1020 1925 τῶν
1043 1878 1252 1940 γενητῶν
1280 1874 1306 1937 ἡ
1336 1874 1481 1942 φύσις
1513 1871 1697 1940 ἀφορή-

100 1982 193 2012 τως
219 1958 398 2026 ἔχουσα
429 1960 504 2008 καὶ
536 1956 657 2023 πρὸς
683 1956 762 2007 ἕνα
789 1962 873 2008 τοῦ
901 1961 1027 2008 Θεοῦ
1060 1955 1224 2022 λόγον,
1252 1958 1326 2006 καὶ
1352 1961 1491 2006 τοῦτο
1519 1953 1697 2021 φιλάν-
1720 1973 1742 1999 0

102 2045 309 2107 θρωπον,
335 2044 436 2093 πῶς
474 2038 531 2089 ἂν
571 2039 726 2107 διοίσῃ
765 2037 852 2102 τὴν
891 2037 1104 2102 ἀπειλὴν,
1140 2037 1259 2088 κατὰ
1298 2037 1353 2088 τὸ
1401 2039 1450 2088 ἐν
1488 2041 1703 2105 ψαλμοῖς

102 2122 340 2188 εἰρημένον
367 2129 394 2151 “
415 2121 484 2172 Σὺ
511 2120 718 2190 φοβερὸς
745 2120 798 2179 εἶ,
828 2123 903 2172 καὶ
930 2121 998 2174 τίς
1024 2119 1366 2184 ἀντιστήσεταί
1390 2142 1470 2170 σοι
1496 2118 1590 2170 ἀπὸ
1618 2122 1701 2182 τῆς
1762 2128 1922 2203 {mxxv

36 2211 131 2266 25“
158 2205 302 2270 ὀργῆς
337 2205 497 2266 σου;”
549 2208 748 2267 σημεῖον
789 2203 836 2254 δὲ
877 2201 1041 2268 ὥσπερ
1081 2205 1164 2265 τῆς
1207 2201 1417 2253 καθόλου
1454 2199 1702 2265 νοουμένης
1786 2196 1793 2204 ’

103 2292 187 2337 τοῦ
213 2285 373 2340 ἔθνους
404 2285 767 2347 καταπτώσεως,
797 2289 1103 2349 οἰκονομεῖται
1129 2283 1183 2335 τὸ
1207 2283 1397 2351 μερικὸν
1424 2285 1499 2334 καὶ
1525 2282 1579 2334 τὸ
1605 2288 1703 2337 τοῖς

103 2369 179 2419 ἐπὶ
204 2367 291 2431 τὴν
315 2367 571 2436 σύλληψιν
598 2369 795 2418 ἐλθοῦσι
821 2364 1145 2431 συμβεβηκός.
1197 2368 1273 2417 καὶ
1307 2371 1424 2432 γοῦν
1450 2366 1704 2420 Ἰουδαίους

105 2451 130 2500 ὃ
155 2449 404 2518 προφήτης
429 2450 654 2516 Ἱερεμίας
687 2451 1063 2518 κατολοφύρεται
1092 2449 1247 2515 λέγων
1281 2456 1308 2478 “
1330 2446 1476 2502 Οἶκος
1499 2446 1704 2514 Ἰσραὴλ
1764 2451 1869 2481 Amos
1882 2459 1912 2478 v.

1260 2530 1284 2547 ”
1768 2503 1796 2534 1,
1809 2504 1839 2526 2.

106 2539 133 2561 ‘⁶
159 2532 342 2595 ἔπεσεν,
388 2532 471 2582 οὐκ
510 2531 641 2583 ἔστιν
687 2533 712 2583 ὁ
759 2531 1051 2595 ἀναστήσων
1097 2530 1256 2582 αὐτόν.
1335 2530 1402 2594 εἴη
1450 2531 1487 2580 δ’
1531 2527 1588 2579 ἂν
1627 2529 1702 2579 καὶ

38 2636 88 2673 30
106 2612 240 2664 εἰκὼν
278 2614 543 2679 ἀναγκαίου,
574 2613 855 2680 πράγματος
893 2614 947 2664 τὸ
986 2611 1306 2678 συμβεβηκός.
1362 2611 1570 2664 διδάσκει
1608 2610 1748 2677 γάρᾶ

106 2695 178 2747 ὅτι
225 2697 365 2747 παντὶ
422 2699 489 2764 τῷ
552 2695 897 2762 πονηρεύεσθαι
952 2695 1071 2747 κατὰ
1121 2699 1340 2762 Χριστοῦ
1387 2693 1705 2759 μελετήσαντι.

106 2776 261 2841 πάντη
293 2800 342 2828 τε
376 2779 451 2828 καὶ
483 2776 673 2832 πάντως
704 2778 1006 2829 ἀποκείσεται
1038 2775 1093 2828 τὸ
1123 2781 1300 2829 πεσεῖν.

160 2897 214 2933 15.
240 2888 409 2923 παθόντας
427 2887 552 2933 ἐλέγξῃ
571 2894 797 2934 assumptum
816 2900 858 2922 ex
876 2888 919 2922 E.
1323 2897 1378 2932 29.
1405 2886 1506 2919 αὐτόν
1523 2896 1593 2919 om.
1614 2883 1706 2919 Catt.

111 2947 168 2981 31.
193 2934 443 2980 μελετήσαντες
461 2935 503 2970 Ε.
819 2946 878 2980 32.
903 2934 1123 2970 ἀποκείσεται
1142 2934 1235 2969 Catt.
1255 2933 1403 2968 κείσεται
1420 2931 1487 2966 Ed.

896 3002 970 3032 DZ
