1997 3262
79 219 150 260 [88
168 217 250 258 M]

131 605 187 638 89
210 601 272 637 M.

71 682 165 712 Rom.
185 681 202 711 i.
224 687 273 719 25.

75 851 87 872 1
106 842 206 873 Omni.
220 841 267 872 18.

74 929 180 968 Supra
197 938 263 958 ver.

76 981 89 1002 1
96 982 125 1011 4.

83 1589 113 1620 S.
127 1589 226 1619 Jozm.

83 1633 160 1663 xvii.
180 1642 208 1671 3.

163 2161 229 2181 ver.
246 2158 256 2180 1
268 2157 293 2189 7.

281 152 366 191 330
455 148 505 189 Β.
534 146 785 189 CYRILLI
821 140 1175 185 ALEXANDR.
1213 135 1585 179 FRAGMENTA
1644 133 1686 173 ii.
1709 141 1759 185 15
1776 144 1861 183 sqq.

284 257 467 310 θανάτου
507 262 566 311 εἷς
605 254 797 315 θάνατον,
835 252 899 307 οἷς
935 247 979 301 δὲ
1018 247 1128 316 ὀσμὴ
1169 249 1219 299 ἐκ
1259 246 1367 317 ζωῆς
1407 250 1465 300 εἷς
1505 241 1623 313 ζωὴν,
1664 239 1864 290 κατιδεῖν

286 339 562 390 ἀκόλουθον.
603 338 768 387 οὐκοῦν
796 337 999 397 νοηθεῖεν
1022 329 1140 396 πρὸς
1175 330 1306 393 ἡμῶν
1333 325 1518 379 εἰκότως
1544 327 1585 374 οἱ
1612 317 1870 386 σωζόμενοί

287 444 336 473 τε
375 423 449 471 καὶ
488 417 821 481 ἀπολλύμενοι,
860 412 980 464 κατά
1020 434 1072 477 γε
1111 410 1194 461 τὸν
1232 408 1472 474 πρέποντα
1511 410 1612 458 ταῖς
1656 400 1867 467 θεωρίαις

288 501 487 564 σκοπὸν,
514 504 554 551 οἱ
589 494 885 551 πιστεύοντές
921 518 971 545 τε
1010 495 1084 544 καὶ
1124 495 1165 542 οἱ
1203 491 1288 555 τὴν
1313 491 1476 541 πίστιν
1501 482 1868 553 παρωθούμενοι,

292 586 365 635 καὶ
396 587 438 633 οἱ
467 582 553 646 μὲν
577 583 706 631 οὔπω
734 577 859 630 Θεὸν
895 576 977 627 τὸν
1003 573 1147 642 φύσει
1185 595 1234 623 τε
1273 573 1348 623 καὶ
1375 573 1565 634 ἀληθῶς
1604 562 1869 632 ἐγνωκότες,
1890 580 1911 618 5

293 662 654 730 λελατρευκότες
699 658 748 710 δὲ
792 663 982 722 μᾶλλον
1027 660 1084 723 τῇ
1130 655 1279 705 κτίσει
1329 649 1459 718 παρὰ
1502 649 1584 701 τὸν
1622 647 1867 698 κτίσαντα.

294 747 420 797 οῦτοι
450 750 532 796 τοῦ
564 744 687 794 θείου
726 740 1025 808 κηρύγματος
1062 735 1145 788 τὸν
1172 735 1319 800 λόγον
1346 735 1399 784 οὐ
1424 730 1741 798 προσιέμενοι,
1771 730 1869 777 δια-

296 831 525 894 γελῶντες
551 824 599 876 δὲ
626 829 814 885 μᾶλλον
841 823 915 872 καὶ
941 818 1120 885 μωρίαν
1141 815 1253 867 εἶναι
1281 814 1556 877 νομίσαντες
1582 809 1635 862 τὸ
1657 812 1874 875 Χριστοῦ

295 907 570 974 μυστήριον,
592 907 805 973 δέχονται
833 911 859 932 “
876 901 961 967 τὴν
987 899 1143 964 ὀσμὴν
1169 902 1253 962 τῆς
1278 894 1534 963 γνώσεως”
1563 897 1645 943 τοῦ
1671 887 1875 955 Πατρὸς,

296 993 347 1042 ἐκ
373 989 555 1041 θανάτου
588 987 706 1053 πρὸς
745 985 938 1037 θάνατον·
994 985 1041 1033 ἐν
1068 978 1255 1050 θανάτῳ
1282 978 1375 1045 γὰρ
1402 977 1531 1029 ὄντες
1570 970 1646 1024 διά
1683 994 1754 1023 τοι
1792 968 1878 1033 τὴν
1901 991 1947 1016 10

295 1074 495 1123 ἐνοῦσαν
521 1071 676 1122 αὐτοῖς
713 1068 955 1133 ἀγνωσίαν
995 1066 1070 1115 καὶ
1107 1062 1347 1128 πώρωσιν,
1374 1057 1621 1122 μονονουχὶ
1660 1055 1734 1104 καὶ
1771 1054 1875 1102 δευ-

297 1154 415 1223 τέρῳ
454 1149 643 1219 θανάτῳ
680 1148 1031 1214 περιπταίοντες
1075 1146 1233 1194 ἁλοῖεν
1290 1142 1363 1192 ἄν·
1413 1143 1454 1190 οἱ
1498 1137 1645 1204 γεμὴν
1684 1134 1760 1185 διὰ
1797 1135 1880 1196 τῆς

299 1237 489 1297 νομικῆς
505 1231 796 1283 παιδεύσεως
819 1227 938 1295 πρὸς
963 1226 1111 1293 ἀρχὰς
1128 1222 1421 1289 ἐνηνεγμένοι
1440 1224 1523 1284 τῆς
1549 1215 1771 1284 γνώσεως
1797 1218 1881 1266 τοῦ

301 1320 439 1378 Θεοῦ,
466 1313 696 1380 γεγόνασι
726 1310 810 1376 μέν
835 1333 936 1363 πως
963 1311 1010 1359 ἐν
1036 1308 1147 1374 ζωῇ,
1177 1305 1307 1369 πλὴν
1333 1307 1370 1354 εὶ
1395 1301 1701 1354 πιστεύσειαν
1725 1320 1878 1362 παρα-

301 1397 514 1466 δέξονται
548 1394 633 1458 τὴν
672 1392 829 1456 ὀσμὴν
867 1394 949 1455 τῆς
987 1389 1208 1455 γνώσεως
1246 1392 1328 1438 τοῦ
1363 1383 1552 1450 Πατρὸς
1589 1389 1637 1433 ἐκ
1677 1379 1785 1451 ζωῆς
1824 1384 1882 1434 εἷς
1907 1395 1952 1433 15

304 1479 421 1549 ζωήν·
482 1478 606 1545 φησὶ
644 1472 737 1541 γάρ
771 1497 864 1525 που
905 1470 1119 1538 Χριστὸς
1160 1468 1279 1536 πρὸς
1320 1467 1402 1518 τὸν
1444 1468 1491 1516 ἐν
1536 1469 1631 1517 τοῖς
1673 1463 1884 1528 οὐρανοῖς

305 1558 498 1625 Πατέρα
532 1560 607 1608 καὶ
639 1556 761 1608 Θεόν
801 1562 827 1584 “
848 1556 979 1617 Αὕτη
1018 1553 1073 1603 δέ
1105 1554 1235 1603 ἐστιν
1273 1549 1453 1602 αἰώνιος
1492 1544 1597 1613 ζωὴ,
1623 1544 1698 1595 ἵνα
1736 1541 1878 1609 γινώ-

306 1649 332 1672 “
357 1641 519 1693 σκωσί
553 1663 610 1690 σε
650 1638 731 1690 τὸν
768 1636 912 1700 μόνον
953 1633 1178 1698 ἀληθινὸν
1218 1630 1356 1692 Θεὸν,
1396 1633 1471 1680 καὶ
1510 1627 1562 1679 ὃν
1601 1627 1885 1678 ἀπέστειλας

305 1731 332 1753 “
357 1725 549 1786 Ἰησοῦν
573 1719 833 1788 Χριστόν.”
887 1715 1018 1768 ἀλλὰ
1049 1717 1115 1771 τίς
1151 1713 1207 1766 ἂν
1233 1710 1413 1780 γε’νοιτό
1444 1715 1568 1780 φησι
1601 1708 1707 1778 πρὶς
1741 1708 1886 1759 ταῦτα

307 1804 482 1864 ἱκανὸςς
523 1804 597 1854 καὶ
624 1799 758 1864 μάλα
784 1799 986 1852 εἰκότως·
1041 1796 1318 1862 δυσεύρετος
1343 1793 1436 1860 γὰρ
1464 1795 1652 1856 ἀληθῶς
1679 1787 1805 1859 ᾧπερ
1830 1786 1887 1838 ἂν
1909 1811 1967 1845 2ο

307 1883 558 1952 ἐνυπάρχοι
599 1883 653 1934 τὸ
696 1882 925 1933 δύνασθαι
970 1883 1136 1930 λαλεῖν
1176 1879 1326 1943 ὀρθῶς
1368 1898 1416 1926 τε
1457 1875 1532 1925 καὶ
1571 1875 1795 1924 ἀπλανῶς
1833 1868 1888 1920 τὸ

309 1971 526 2033 Χριστοῦ
558 1965 832 2031 μυστήριον,
860 1963 1014 2014 ὁποῖοί
1035 1984 1152 2014 τινες
1179 1958 1305 2023 ἦσαν
1330 1961 1371 2008 οἱ
1399 1954 1646 2008 θεσπέσιοι
1671 1953 1889 2017 μαθηταὶ,

311 2052 388 2101 καὶ
420 2049 503 2103 τὰς
538 2053 631 2099 τῶν
664 2045 983 2114 ἑτεροφρόνων
1010 2040 1298 2107 δυστροπίας
1333 2036 1661 2104 διορθούμενοι,
1689 2034 1756 2088 οἷς
1788 2033 1890 2086 ε”θος

312 2134 413 2183 ἐστὶ
441 2133 516 2182 καὶ
541 2128 616 2180 διὰ
641 2129 871 2190 πλείστης
903 2126 1099 2176 τέθειται
1126 2125 1338 2186 σπουδῆς
1365 2120 1416 2171 τὸ
1443 2118 1539 2170 οἶον
1566 2113 1892 2176 ἐκκαπηλεύειν

313 2214 379 2266 τὶν
405 2214 476 2265 τοῦ
503 2213 613 2263 Θεοῦ
649 2212 797 2276 λόγον,
827 2207 984 2275 ἀπάτῃ
1017 2229 1065 2258 τε
1104 2207 1179 2257 καὶ
1219 2204 1379 2272 ψεύδει
1417 2198 1800 2266 συγκεκραμένην
1826 2197 1893 2246 ἀεὶ
1917 2211 1964 2249 25

313 2298 549 2347 ποιεῖσθαι
571 2296 728 2361 φιλεῖν
747 2294 830 2354 τῆς
847 2290 1054 2343 πίστεως
1073 2287 1157 2351 τὴν
1178 2285 1424 2337 ἀπόδοσιν·
1464 2283 1516 2333 οὐ
1543 2280 1635 2347 γὰρ
1656 2279 1758 2331 ἔστι
1783 2279 1891 2344 παρ’

317 2378 471 2429 αὐτοῖς
511 2375 716 2441 ἄκρατον
746 2372 910 2438 ὥσπερ
943 2373 1018 2421 καὶ
1058 2369 1308 2420 ἀνόθευτον
1345 2367 1489 2432 εὑρεῖν
1527 2361 1612 2427 τὴν
1651 2359 1891 2425 ἀλήθειαν·

319 2461 428 2509 ἀλλ’
458 2456 505 2507 οἵ
537 2478 590 2521 γε
625 2459 736 2505 θεῖοι
771 2454 1079 2517 μυσταγωγοὶ
1117 2455 1375 2501 λαλοῦντες
1406 2448 1453 2497 ἐν
1481 2445 1733 2508 Πνεύματι,
1762 2445 1818 2497 ὡς
1852 2442 1898 2511 ἐξ

321 2539 589 2607 εἱλικρινεῖσις
620 2535 845 2587 κατέναντι
873 2535 984 2585 Θεοῦ
1009 2532 1165 2585 πάντα
1190 2554 1240 2582 τε
1265 2533 1415 2595 δρῶσι
1439 2529 1514 2578 καὶ
1541 2526 1779 2592 λέγουσιν.

372 2674 426 2696 20.
456 2661 529 2695 Ine.
549 2660 590 2694 de
609 2671 699 2693 novo
725 2658 936 2703 Δυσεὺρετος
961 2657 1025 2702 γάρ
1051 2656 1145 2690 ἐστιν
1163 2657 1180 2688 ὁ
1198 2653 1377 2697 δυνάμενος
1402 2652 1559 2686 ἀπλανῶς
1583 2652 1734 2694 λαλῆσαι
1759 2650 1798 2684 τὸ
1822 2663 1898 2694 χρι-

324 2711 409 2743 στοῦ
436 2706 621 2751 μυστήριον
645 2706 756 2740 ὁποῖοί
780 2719 865 2739 τινες
890 2703 978 2746 ἦσαν
1001 2704 1031 2736 οἱ
1055 2701 1233 2736 θεσπέσιοι
1255 2699 1399 2743 μαθηταί
1418 2698 1480 2738 Η.,
1498 2697 1622 2731 deinde
1639 2697 1745 2731 verba
1770 2697 1809 2730 οὗ
1833 2697 1900 2742 γάρ

325 2757 428 2799 ε’σμεν
445 2755 488 2789 ὡς
505 2755 535 2787 οἱ
553 2753 666 2787 λοιποὶ
689 2751 933 2794 καπηλεύοντες
957 2751 1014 2783 τὸν
1037 2750 1143 2792 λόγον
1167 2750 1226 2780 τοῦ
1252 2748 1339 2780 Θεοῦ
1365 2756 1576 2790 proponens,
1600 2744 1668 2777 inc.
1687 2743 1764 2778 τοὺς
1787 2744 1900 2787 ἑτερό-

325 2805 455 2847 φρονας
472 2800 648 2834 αἰνίττεται
666 2797 714 2834 οἷς
732 2798 863 2840 σπουδὴ
882 2798 919 2830 τὸ
937 2793 1174 2838 ε’κκαπηλεύειν
1192 2794 1246 2837 (ut
1268 2793 1324 2835 24)
1345 2793 1392 2826 H.
1626 2798 1680 2833 25.
1706 2804 1742 2823 τε
1760 2801 1829 2823 om.
1851 2788 1900 2822 H.

326 2848 562 2893 συγκρίνοντες
578 2847 636 2889 τῆς
652 2860 688 2880 π.
711 2844 758 2878 H.
865 2842 920 2877 26,
946 2840 1191 2884 οὐ--ἀλήθειαν
1208 2844 1389 2883 assumpta
1407 2850 1447 2872 ex
1468 2837 1515 2871 H.
1623 2837 1679 2870 28.
1703 2850 1744 2880 γε
1761 2847 1831 2870 om.
1851 2835 1900 2868 H.

324 2890 735 2973 λαλοῦντεΙςῖ-λέγουσιν]
760 2891 796 2933 ἐξ
820 2889 1027 2934 εἷλικρινείας
1050 2887 1220 2922 κατέναντι
1243 2886 1321 2920 θεοῦ
1337 2885 1444 2919 πάντα
1461 2885 1600 2918 ποιοῦσι
1617 2882 1670 2918 καὶ
1687 2883 1851 2927 λέγουσιν
1867 2881 1903 2915 ἐν

328 2943 464 2985 Χριστῷ
526 2966 531 2973 .
