1981 3282
133 156 311 179 SPIRITUS
343 155 516 179 SANCTUS

186 263 282 299 vitae
330 263 531 311 sapientiae
570 263 716 298 virtutis
759 264 835 299 840
874 275 893 298 c
926 264 928 292 ⁵

185 327 431 364 inhonoratus
461 328 489 363 si
516 328 760 363 inhonoratus
781 328 894 363 Filius

187 393 263 429 909
286 393 309 428 d
357 392 437 428 Filii
458 393 590 440 Imago
612 393 688 428 988
710 392 733 427 b
781 392 890 428 Simi-

184 457 302 492 litudo
325 459 400 493 995
423 457 459 492 d.

132 520 294 570 Spiritus
316 522 477 558 Sanctus
502 522 537 557 in
561 522 653 557 Filio
676 526 712 557 et
733 534 778 557 ex
800 521 892 557 Filio
926 522 927 580 ζ

184 589 303 633 προϊὸν
320 589 396 623 910
413 587 448 627 b,
469 589 544 623 926
560 599 591 627 a,
614 588 691 622 929
705 599 736 627 e,
760 588 836 622 930
853 586 890 627 1),
926 583 928 630 ἶ

185 653 261 688 932
283 665 303 687 c
342 658 519 699 tanquam
549 651 720 699 proprius
749 664 770 686 a
801 650 892 685 Filio

184 845 298 881 Filius
327 845 398 880 nisi
423 845 521 892 quod
552 845 688 880 existat
709 844 792 892 Ipse
815 847 891 880 925
926 842 928 887 ff

184 922 217 951 c,
250 912 327 947 926
349 922 382 951 a,
415 912 491 947 932
514 923 545 953 c,
578 912 654 946 993
677 910 712 950 d,
743 909 790 944 iii.
815 910 890 945 558

184 974 265 1010 Filii
305 974 472 1010 Gloriam
512 975 652 1010 revelat
687 976 778 1015 928,
815 976 891 1011 929
927 995 928 1002 κ

181 1052 228 1075 ex
249 1039 424 1075 Essentia
444 1039 513 1075 Dei
534 1039 703 1087 procedit
723 1039 894 1087 inestque
927 1073 928 1086 ¹

183 1106 260 1140 930
291 1117 312 1139 a
331 1104 367 1148 b,
407 1106 481 1141 931
506 1116 525 1140 c
583 1103 775 1151 Sapientia
806 1104 891 1139 Vir·
927 1089 929 1112 ι

184 1174 318 1216 tusque
351 1171 423 1205 931
463 1181 483 1204 e
536 1169 617 1204 Filii
650 1168 812 1216 Spiritus
841 1168 892 1205 iii.
927 1155 929 1170 Ι

183 1235 260 1270 584
324 1233 535 1269 Paracletus
593 1233 688 1269 alius
742 1239 895 1281 propter
928 1250 929 1295 ἰ

181 1297 400 1333 affinitatem
436 1297 530 1333 Filio
566 1300 642 1334 809
673 1311 692 1333 e
732 1298 894 1345 Spiritus

184 1362 375 1404 Veritatis,
402 1369 531 1410 utpote
562 1363 723 1410 Spiritus
754 1362 893 1400 Christi

182 1427 244 1475 qui
283 1433 340 1463 est
371 1427 520 1463 Veritas
556 1429 632 1464 810
669 1441 702 1468 a,
752 1430 828 1465 910
860 1441 892 1469 a,
927 1431 928 1473 ζ

184 1494 258 1528 911
288 1504 319 1533 c,
352 1494 428 1529 925
451 1493 473 1527 b
501 1504 520 1528 c
541 1492 576 1533 d,
600 1494 677 1529 986
698 1492 734 1531 b.
758 1494 833 1528 987
856 1493 892 1534 d,
926 1505 927 1539 g

185 1559 287 1594 1006
309 1569 328 1593 c
377 1556 517 1593 Christi
547 1556 706 1592 Animus
736 1562 892 1593 vocatus

184 1624 259 1658 812
286 1634 317 1663 c,
358 1623 435 1657 828
462 1634 494 1663 c,
536 1623 611 1657 837
634 1621 670 1663 d,
712 1624 788 1658 925
818 1622 891 1664 be,

183 1688 260 1723 926
282 1699 303 1722 a
374 1684 513 1722 Christi
544 1687 621 1721 Pax
652 1688 727 1723 839
750 1699 780 1732 e,
815 1688 891 1723 840

182 1750 274 1786 bcd
326 1750 416 1786 Filio
445 1749 783 1787 Consubstantialis
815 1753 890 1787 812

184 1827 214 1857 c,
248 1817 323 1851 813
345 1827 378 1855 a,
412 1817 485 1851 911
509 1815 545 1857 b,
577 1817 652 1851 929
675 1828 706 1860 e,
730 1817 831 1852 1095
853 1815 890 1859 b,

187 1881 288 1916 1098
310 1879 347 1921 b,
378 1879 426 1915 iii.
451 1882 527 1916 579
576 1885 613 1915 et
633 1879 734 1915 Patri
756 1882 830 1916 911
854 1880 891 1922 b,

183 1943 231 1979 iii.
254 1946 331 1980 579
366 1956 387 1979 a
402 1943 513 1980 Patre
535 1944 643 1980 datus
665 1947 742 1981 810
759 1944 795 1985 d,
815 1947 892 1981 813

183 2008 217 2050 b,
243 2010 344 2044 1097
364 2008 388 2044 b
418 2021 439 2044 a
454 2008 564 2044 Patre
581 2022 646 2056 per
660 2009 793 2045 Filium
816 2012 892 2046 810

183 2073 220 2113 d,
245 2074 320 2108 813
338 2085 368 2114 e,
391 2075 468 2110 910
486 2073 521 2115 d,
546 2075 621 2110 987
644 2075 712 2116 ab,
737 2076 838 2111 1095
855 2075 891 2115 d,

185 2137 225 2172 M
251 2139 313 2178 86,
342 2139 388 2173 91
413 2150 434 2173 a
454 2138 547 2173 Filio
571 2139 647 2174 810
669 2139 705 2179 d,
732 2140 833 2175 1097
855 2139 891 2180 b,

188 2203 289 2237 1098
311 2202 346 2241 b,
369 2201 410 2236 M
433 2203 482 2238 92
505 2202 584 2238 init.
606 2207 643 2238 et
664 2203 740 2244 fin.,
764 2204 813 2238 97
837 2203 891 2250 [p.

187 2267 297 2313 351],
314 2265 360 2301 iii.
381 2268 458 2302 526
493 2271 530 2302 et
551 2265 630 2302 Sibi
650 2272 687 2302 et
703 2272 894 2302 creaturae

186 2332 259 2367 991
285 2331 321 2373 (1,
345 2333 420 2367 992
443 2343 475 2370 e,
500 2332 575 2367 998
598 2344 630 2367 c.

133 2394 294 2442 Spiritus
323 2394 484 2431 Sanctus
513 2408 579 2443 per
601 2396 722 2439 Quem
750 2409 818 2432 nos
839 2396 895 2432 in-

186 2460 328 2495 habitat
344 2459 514 2497 Christus
532 2463 606 2496 173
621 2460 655 2501 b,
674 2462 750 2497 214
763 2461 798 2502 b,
817 2463 893 2498 823

187 2523 224 2564 d,
249 2526 322 2560 831
340 2537 372 2566 a,
396 2526 471 2561 857
489 2537 520 2566 e,
545 2527 622 2561 933
640 2538 673 2566 a,
696 2524 737 2561 M
755 2528 803 2562 27
826 2525 892 2570 bis,

188 2592 238 2625 64
261 2586 311 2639 [p.
332 2586 439 2639 285]‚
458 2591 506 2625 88
531 2591 580 2637 [p.
601 2591 709 2636 329],
732 2589 781 2626 iii.
805 2592 893 2632 371,

189 2655 265 2688 404
296 2653 341 2688 ad
362 2653 497 2689 Filium
527 2654 674 2690 unimur
697 2656 771 2691 857
792 2655 816 2690 b
848 2654 895 2690 ad

187 2717 309 2752 Deum
333 2717 480 2753 unimur
502 2720 578 2754 989
600 2719 636 2759 d,
660 2720 735 2755 995
760 2719 794 2761 d,
817 2721 893 2756 996

186 2781 223 2821 b,
267 2782 368 2817 1009
393 2794 412 2817 e
461 2782 531 2817 Dei
566 2781 687 2819 Patris
723 2782 895 2831 Suaeque

188 2845 357 2880 Naturae
381 2846 644 2893 cognationem
664 2847 796 2883 inserit
818 2849 893 2885 858

188 2909 226 2950 b,
251 2911 351 2946 1009
369 2922 389 2945 e
427 2915 575 2946 sanctos
596 2911 771 2960 obsignat
791 2912 895 2948 Deus

674 143 884 179 INDEX
944 145 1188 181 RERUM.
1643 149 1715 183 651

1017 267 1092 302 302
1114 277 1144 306 e,
1167 265 1212 300 cf.
1235 265 1279 300 M
1302 268 1351 302 25
1391 265 1547 301 invicem
1573 266 1721 302 unimur

1014 335 1051 365 et
1071 330 1117 365 ad
1138 329 1259 366 Deum
1282 332 1358 366 999
1381 330 1415 370 (1,
1442 333 1542 367 1000
1565 343 1584 366 c
1631 331 1721 366 vivi-

1014 395 1101 430 ficat
1122 395 1235 430 Filius
1258 397 1333 431 312
1352 395 1386 436 d,
1409 397 1484 431 323
1502 395 1525 430 b
1558 402 1600 431 ut
1620 396 1722 431 Deus

1014 459 1198 495 illuminat
1230 463 1305 496 347
1331 460 1386 495 bc
1448 459 1612 506 loquitur
1643 462 1720 495 828

1014 524 1037 560 b
1085 524 1370 572 intelligentiam
1396 525 1459 560 dat
1488 527 1565 561 936
1587 525 1621 567 d,
1644 527 1720 561 937

1013 602 1034 625 a
1051 589 1085 625 b.

926 634 927 659 ³
961 654 1122 702 Spiritus
1162 655 1323 691 Sanctus
1362 655 1463 690 Deus
1502 667 1566 702 per
1598 655 1721 698 Quem

184 717 231 752 ad
261 716 460 763 discipulos
491 716 600 751 datur
621 718 697 752 910
719 728 738 751 c
779 720 816 751 et
846 715 893 750 ad
926 723 927 765 ξ

187 781 355 829 Angelos
376 781 425 816 iii.
450 783 525 817 534
558 793 633 816 non
654 780 761 816 Alius
781 792 892 827 quam
926 771 927 784 ¹

1015 719 1219 755 Filiationis
1239 720 1399 767 gratiam
1423 720 1623 767 accipimus
1644 721 1717 756 811

1014 797 1033 819 c
1075 785 1120 820 ad
1142 785 1237 820 filios
1261 797 1329 820 nos
1354 784 1530 832 obsignat
1550 783 1723 821 Christus

1015 849 1062 885 iii.
1086 852 1161 886 393
1201 862 1466 897 regeneramur
1488 852 1563 885 475
1586 850 1620 890 b,
1645 851 1722 885 857

1015 914 1038 949 d
1085 915 1224 962 templa
1246 914 1317 950 Dei
1346 927 1414 950 nos
1436 917 1512 950 475
1535 927 1566 957 c,
1591 916 1667 950 810
1688 926 1721 958 e,

1014 979 1063 1015 iii.
1088 982 1165 1016 424
1213 980 1401 1015 diabolum
1436 979 1612 1027 fugamus
1644 981 1721 1015 922

1015 1045 1038 1080 b
1061 1057 1080 1079 c
1128 1044 1172 1080 iis
1202 1044 1263 1092 qui
1298 1044 1402 1092 digni
1432 1049 1519 1079 sunt
1549 1048 1724 1091 operatur

1015 1107 1130 1145 Pater
1162 1111 1236 1146 931
1261 1110 1284 1144 d
1331 1109 1478 1145 fortiter
1511 1121 1723 1156 pugnamus

1016 1176 1092 1210 937
1119 1174 1156 1216 b,
1196 1176 1296 1210 1006
1321 1187 1341 1210 c
1362 1174 1385 1209 d
1441 1173 1721 1221 evangelizave-

1015 1245 1103 1274 runt
1123 1239 1295 1287 Apostoli
1318 1241 1394 1275 986
1416 1251 1435 1274 c
1454 1239 1478 1274 d
1525 1237 1724 1274 illuminati

1017 1305 1093 1340 986
1117 1304 1150 1345 d,
1190 1306 1291 1341 1009
1316 1305 1379 1339 bd
1427 1304 1472 1339 ad
1502 1303 1584 1339 Filii
1623 1303 1724 1339 simi-

1015 1358 1211 1394 litudinem
1260 1358 1503 1406 obsignamur
1550 1359 1650 1394 1006
1690 1369 1722 1398 c,

1020 1424 1120 1459 1097
1170 1435 1200 1465 e,
1261 1424 1362 1459 1098
1412 1435 1433 1458 a
1488 1435 1553 1470 per
1600 1421 1724 1465 Quem

1014 1500 1057 1523 ea
1113 1500 1205 1535 quae
1253 1487 1418 1523 humano
1456 1486 1586 1535 generi
1622 1486 1724 1534 prius

1015 1552 1102 1587 data
1144 1552 1303 1593 fuerant,
1336 1552 1533 1600 recipimus
1572 1553 1648 1588 995
1689 1551 1724 1593 d,

1015 1617 1064 1653 iii.
1086 1618 1161 1653 378
1183 1616 1258 1660 Qui
1273 1617 1533 1652 formationem
1547 1615 1725 1651 Divinam

1013 1682 1051 1717 in
1080 1682 1273 1717 animabus
1302 1681 1498 1729 insculpsit
1519 1682 1595 1717 995
1618 1680 1653 1724 d,
1675 1680 1724 1718 iii.

1017 1749 1093 1783 553
1102 1759 1168 1794 per
1180 1746 1482 1782 communionem
1496 1745 1669 1789 Quocum
1678 1745 1725 1780 ad

1016 1811 1275 1847 fortitudinem
1302 1823 1415 1859 super
1439 1816 1612 1846 naturam
1637 1823 1723 1845 nos-

1015 1884 1112 1913 tram
1158 1876 1393 1912 ascendimus
1435 1878 1536 1912 1032
1571 1875 1594 1910 b
1658 1887 1726 1922 per

1017 1942 1140 1986 Quem
1156 1941 1226 1977 Dei
1240 1941 1424 1989 profunda
1437 1940 1586 1975 discunt
1606 1939 1726 1975 sancti

1017 2006 1058 2043 M
1082 2009 1132 2043 64
1157 2008 1207 2054 [p.
1227 2006 1334 2051 285]‚
1357 2007 1403 2042 91
1431 2007 1479 2053 [p.
1497 2006 1588 2051 336]
1621 2009 1724 2039 vete-

1016 2072 1117 2108 ribus
1138 2072 1286 2107 locutus
1308 2077 1365 2107 est
1386 2071 1558 2106 Christus
1579 2069 1626 2104 iii.
1649 2070 1726 2105 364

1015 2137 1220 2172 formamur
1251 2136 1297 2171 ad
1327 2135 1519 2172 Christum
1549 2134 1599 2169 iii.
1633 2136 1723 2175 397,

1019 2203 1094 2237 557
1152 2213 1218 2248 per
1257 2200 1381 2244 Quem
1424 2198 1580 2234 Divinae
1629 2198 1725 2234 Suae

1016 2271 1207 2301 consortes
1241 2265 1410 2300 Naturae
1444 2263 1556 2299 efficit
1591 2264 1666 2298 857
1689 2263 1724 2304 b,

1018 2332 1094 2367 932
1117 2329 1189 2370 ab,
1222 2330 1298 2365 989
1320 2342 1353 2370 e,
1387 2331 1488 2364 1000
1510 2341 1541 2371 C,
1567 2330 1665 2363 1001
1689 2340 1723 2368 e,

1021 2398 1121 2432 1002
1143 2407 1176 2435 a,
1203 2395 1303 2430 1096
1324 2394 1358 2439 b,
1389 2393 1431 2428 M
1455 2395 1503 2429 27
1546 2392 1722 2427 virtutem

1018 2460 1063 2495 ad
1081 2459 1369 2507 praedicandum
1384 2462 1606 2504 acceperunt
1619 2458 1723 2504 Apo-

1019 2524 1103 2560 stoli
1129 2526 1226 2560 1031
1252 2524 1287 2565 d,
1317 2525 1417 2559 1032
1441 2522 1499 2557 ab
1547 2521 1723 2569 obsigna-

1015 2601 1099 2624 mur
1130 2587 1172 2624 M
1207 2590 1255 2624 28
1295 2587 1479 2624 formatur
1506 2586 1544 2621 in
1574 2598 1643 2621 nos
1676 2585 1724 2621 iii.

1020 2655 1096 2690 593
1128 2653 1406 2689 similitudinem
1422 2652 1468 2688 ad
1478 2652 1602 2687 Deum
1616 2651 1725 2686 amis-

1019 2731 1098 2754 sam
1137 2730 1400 2765 recuperamus
1438 2717 1487 2752 iii.
1509 2717 1600 2758 ἰ594
1656 2727 1726 2762 per

1019 2783 1142 2827 Quem
1168 2783 1307 2818 donum
1334 2781 1529 2829 pristinum
1557 2781 1602 2815 de
1626 2792 1723 2815 novo

1019 2848 1127 2883 nobis
1157 2848 1271 2883 donat
1300 2845 1471 2882 Christus
1492 2845 1540 2881 iii.
1562 2847 1638 2881 554
1677 2844 1725 2880 ad

1019 2913 1132 2948 vitam
1190 2917 1358 2947 sanctam
1415 2910 1725 2946 transformamur

882 2985 1021 3025 402
