2012 3272
123 133 262 175 iv.12.
441 133 509 173 IN
550 133 891 174 EPISTOLAM
934 134 1016 174 AD
1060 134 1392 175 HEBRAEOS.
1627 137 1708 175 405

1743 201 1924 242 [παι]

124 250 150 273 “
175 243 246 294 ὅτι
283 243 349 294 σύ
386 266 442 307 με
482 243 784 297 ἀπέστειλας·
840 242 971 308 κάγὼ
1010 243 1097 307 τὴν
1130 242 1277 312 δόξαν
1309 242 1366 307 ἣν
1389 242 1593 296 δέδωκάς
1631 267 1710 306 μοι

123 332 150 354 “
177 322 354 376 δέδωκα
393 327 548 378 αὐτοῖς
586 326 661 376 ι’να
700 322 820 376 ὠσιν
859 326 907 376 ἓν
945 327 1100 379 καθὼς
1138 328 1212 377 καὶ
1252 326 1380 389 ἡμεῖς
1419 325 1484 387 ἓν,
1525 324 1617 391 ἐγὼ
1663 328 1711 376 ἐν

122 414 151 436 “
178 409 333 460 αὐτοῖς
360 409 435 458 καὶ
460 407 524 458 σὺ
550 410 598 458 ἐν
622 409 739 471 ἐμοὶ,
768 408 843 459 ἵνα
868 406 960 459 ὦσι
985 407 1328 471 τετελειωμένοι
1356 412 1419 462 εἰς
1444 407 1540 459 ἕν.”

197 490 387 541 Οὐκοῦν
428 491 475 540 ἐν
520 493 720 558 Χριστῷ
764 490 818 541 τὸ
862 494 946 555 τῆς
989 491 1202 545 ἑνώσεως
1243 490 1424 556 ἀγαθὸν
1465 494 1546 554 τῆς
1591 489 1711 556 πρὸς

79 585 102 623 5
124 570 249 623 Θεὸν
276 575 352 622 καὶ
389 571 582 637 Πατέρα
621 571 972 639 κεκερδήκαμεν,
1000 577 1075 624 καὶ
1113 572 1238 636 μένει
1275 572 1465 627 πάντως
1503 574 1550 624 ἐν
1583 574 1709 637 ἡμῖν,

121 652 176 704 τὸ
214 655 335 705 οὕτω
375 653 598 720 λαμπρὸν
625 656 700 704 καὶ
738 654 991 722 περιφανὲς
1032 653 1284 720 ἀγλαΐσμα
1323 654 1607 720 τετηρηκόσι
1642 654 1711 715 τὴν

122 738 362 805 ποιρῥησίοιν
404 741 481 787 καὶ
521 736 568 787 τὶ
611 734 836 805 καύχημα
864 736 939 796 τῆς
973 734 1176 799 ἐλπίδος,
1205 738 1282 787 καὶ
1305 736 1424 803 πρός
1450 760 1504 802 γε
1531 736 1711 790 τούτοις

120 818 428 869 πιστεύουσιν
454 819 539 885 οὐχ
576 817 646 869 ὅτι
679 818 809 885 παρὰ
845 818 929 869 τὸν
953 821 1002 870 ἐκ
1029 823 1154 869 Θεοῦ
1183 818 1373 884 Πατρὸς
1400 817 1552 884 ἕτερός
1579 821 1711 869 ἐστιν

122 903 275 953 Ξδικῶς
309 879 359 951 τ.ε
392 903 465 951 καὶ
501 899 589 951 ἀνὰ
626 899 768 967 με’ρος
796 899 891 954 υἱὸς
917 901 941 951 ὁ
968 902 1017 951 ἐκ
1043 904 1126 965 τῆς
1149 901 1286 966 ἁγίας
1311 898 1549 967 παρθένου
1575 923 1709 966 γεγε-

55 1000 102 1026 10
123 981 318 1045 νημὲνος
345 981 470 1044 ναὸς,
501 984 611 1032 ἀλλ’
641 982 711 1033 ὅτι
737 980 903 1049 γέγονε
931 982 1015 1044 μὲν
1041 983 1160 1033 κατὰ
1186 981 1271 1036 τὰς
1295 981 1544 1051 γραφας,ί
1549 982 1713 1052 ςο-οιρξ
1730 1004 1761 1035 S
1774 1005 1873 1036 Joan.
1891 1006 1912 1036 i.

137 1066 198 1115 ‘5
226 1063 383 1130 Λόγος
410 1088 484 1115 και
511 1065 783 1128 ε’σκηνωσεν
808 1067 855 1115 ἐν
882 1064 1032 1129 ἡμῖν,”
1063 1066 1117 1115 οῦ
1143 1088 1378 1116 πεπαυται
1406 1067 1453 1116 δε
1484 1071 1568 1116 τοῦ
1595 1056 1745 1116 εἶναι

123 1145 259 1209 Θεὸς,
286 1148 396 1198 ἀλλ’
426 1147 557 1198 ἐστιν
573 1147 695 1201 Ὑὶὸς
722 1147 784 1202 εἷς
818 1171 892 1198 και
922 1148 1095 1214 Κνριος
1123 1147 1185 1202 εἷς
1212 1149 1446 1211 Ἰησοῦς
1428 1171 1452 1199 ο
1475 1148 1705 1215 Χριστός.

523 1326 596 1367 Καὶ
635 1326 928 1375 διικνούμενος
966 1326 1061 1382 ἄχρι
1099 1329 1317 1383 μερισμοῦ.
1731 1312 1833 1403 152⁶sp-
1857 1308 1905 1350 δ’·

195 1438 267 1490 Τὸ
293 1439 443 1504 γεμήν
465 1443 767 1508 Διικνούμενος
794 1440 899 1510 ἄχρι
926 1443 1141 1510 μερισμοῦ
1160 1439 1323 1512 ’ψυχῆς
1354 1445 1429 1492 καὶ
1458 1440 1708 1508 πνεύματος
1727 1457 1798 1491 115
1823 1456 1885 1492 Μ.

54 1537 100 1576 15
121 1521 224 1571 ε”στι
259 1523 335 1572 καὶ
375 1523 522 1576 οὕτως
560 1525 743 1586 νοῆσαι,
774 1524 844 1573 ὅτι
879 1523 933 1574 τὸ
971 1522 1102 1589 παρὰ
1129 1526 1253 1573 Θεοῦ
1293 1522 1511 1589 κήρυγμα
1546 1526 1715 1589 διαιρεῖ

121 1604 197 1654 καὶ
235 1603 402 1670 μερίζει
441 1603 500 1654 τὰ
538 1607 619 1668 τῆς
647 1607 807 1672 ψυχῆς
846 1605 977 1670 με’ρη,
1012 1604 1224 1669 δεκτικὴν
1247 1611 1412 1656 ποιοῦν
1439 1607 1514 1656 καὶ
1547 1628 1706 1672 χωρη-

120 1685 252 1751 τικὴν
276 1691 370 1737 τῶν
396 1685 705 1750 ἀκουομένων.

171 1837 225 1870 13·
251 1825 415 1860 Scholion
436 1837 585 1871 sequens
603 1839 621 1860 e
640 1826 736 1861 Maio
754 1832 787 1861 et
807 1826 865 1861 Cr.
885 1827 1013 1861 citatur
1030 1832 1064 1861 et
1081 1827 1117 1861 in
1137 1826 1355 1861 Oecumenio
1373 1827 1432 1872 qui
1449 1826 1526 1871 περὶ
1543 1827 1628 1871 legit
1645 1839 1710 1872 pro

119 1874 211 1916 παρὰ
229 1873 323 1917 quod
342 1873 508 1907 exhibent
525 1885 554 1907 3.
559 1873 593 1907 b.
788 1882 841 1916 15.
868 1874 909 1908 τὰ
926 1886 990 1919 pro
1007 1875 1045 1908 τὸ
1066 1873 1147 1919 (sic)
1167 1886 1198 1908 3.
1381 1883 1434 1919 17.
1463 1874 1710 1919 Sequebantur

120 1919 156 1952 in
176 1920 272 1953 Maio
298 1919 429 1953 scholia
453 1920 530 1962 tria,
557 1931 682 1964 nempe
707 1919 797 1954 Καθ’
823 1919 1172 1964 ἡμᾶς-οἰκονομικῶς
1198 1933 1239 1954 ex
1265 1932 1296 1954 3.
1316 1921 1403 1961 solo,
1422 1920 1450 1954 εἷ
1468 1921 1521 1954 καὶ
1537 1921 1710 1965 μὴ-«περὶ

122 1966 226 2000 αὐτοῦ
244 1966 372 2000 θΧ3..1)
395 1965 734 2012 [Cl.470.11-19]‚
755 1966 1275 2011 καθεὶς-ἀνθρωπίνωςεΧὶὶΗῦ
1298 1966 1374 2012 [Cr.
1394 1977 1474 2012 477.
1498 1968 1646 2012 21-478.
1666 1966 1705 2012 5]

122 2024 210 2057 quae
235 2024 317 2046 cum
340 2012 384 2046 ad
412 2013 565 2064 Reginas
591 2013 754 2047 tractatui
781 2013 866 2058 [158
886 2014 919 2054 d,
943 2024 1007 2058 159
1027 2027 1046 2048 3
1061 2014 1081 2048 b
1098 2013 1137 2059 d]
1166 2014 1362 2058 pertineant
1387 2014 1502 2047 omlsi.
1570 2013 1708 2047 Deinde

121 2059 158 2093 in
175 2059 279 2093 verba
297 2059 497 2104 ὀφειλοντες
513 2062 595 2094 εἰναι
613 2060 815 2094 διδάσκαλοι
833 2061 887 2094 διὰ
904 2062 962 2095 τὸν
979 2063 1104 2106 χρόνον
1129 2068 1181 2094 est
1207 2061 1364 2094 Scholion
1386 2060 1422 2094 S.
1438 2059 1569 2104 Cyrillo
1595 2060 1708 2094 tribu-

121 2111 199 2139 tum
217 2107 325 2147 Βαβαὶ
341 2108 433 2150 πόση
453 2107 613 2151 διαφορά
644 2107 845 2151 ὀφειλοντες
867 2107 995 2142 ἄλλους
1017 2108 1190 2141 διδάσκειν
1210 2107 1287 2140 οὐδὲ
1312 2107 1429 2141 ἁπλῶς
1453 2107 1599 2150 μαθηται
1620 2107 1709 2141 εἰσιν

121 2152 214 2186 ἀλλὰ
235 2153 415 2197 μαθηταὶ”
396 2168 539 2197 εσχατοι
561 2152 616 2199 [S.
637 2153 763 2198 Chl)S.
786 2153 893 2187 Hom.
913 2155 946 2188 8.
964 2153 1009 2187 86
1028 2153 1068 2198 b]
1096 2168 1202 2188 καιτοι
1229 2153 1269 2187 δι’
1297 2153 1314 2186 ὃ
1340 2155 1493 2197 μάλιστα
1526 2153 1708 2196 ἐξελύθητε

121 2199 175 2232 καὶ
192 2197 304 2234 ὕπτιοι
327 2201 490 2244 γεγόνατε
516 2200 570 2234 διὰ
594 2202 696 2234 τοῦτο
720 2200 873 2243 μάλιστα
898 2200 1057 2245 ὀφείλετε
1083 2198 1167 2233 εἶναι
1192 2200 1331 2244 ἰσχυροὶ
1357 2199 1579 2245 [ὠφείλετε’
1569 2200 1709 2244 ισχυροὶ

122 2243 204 2279 εἶναι
221 2245 258 2291 3]
287 2247 341 2280 δια
365 2248 424 2280 τὸν
445 2248 570 2291 χρόνον
598 2245 662 2291 [ib.
680 2246 722 2290 87
742 2245 782 2291 b]
810 2246 867 2280 hic
887 2247 1032 2290 apponit
1049 2247 1211 2291 κυρίλλου
1229 2258 1359 2280 nomen
1377 2252 1661 2304 3.,ρθῑςι1111φ13
1678 2247 1709 2280 οἱ

122 2292 356 2336 διδασκόμενοι
368 2294 406 2326 οὐ
421 2293 475 2326 διὰ
487 2293 611 2328 παντὸς
624 2293 679 2326 επὶ
690 2294 728 2326 τὸ
745 2292 806 2337 [τῷ
821 2305 851 2326 3.
855 2292 870 2337 ]
883 2293 1001 2336 μαθεῖν
1014 2293 1288 2337 διατρίβουσιν,’
1272 2294 1344 2327 επεὶ
1362 2293 1400 2326 οὐ
1415 2293 1642 2326 διδάσκονται·
1669 2293 1709 2327 ἂν

121 2338 174 2372 ἀεὶ
189 2339 366 2383 μανθάνῃς,
385 2339 546 2374 οὐδεποτε
570 2338 719 2382 μαθήσῃ·
741 2340 785 2383 μὴ
811 2339 916 2374 οὕτως
935 2340 1039 2384 ἔρχου
1057 2340 1100 2375 ὡς
1117 2339 1166 2372 ἀει
1184 2340 1432 2382 μαθησόμενος,
1452 2339 1524 2373 ε’πεὶ
1547 2339 1709 2373 οὐδέποτε

123 2400 210 2428 εισῃ,
236 2386 328 2419 ἀλλὰ
354 2386 406 2419 καὶ
430 2387 474 2421 ὡς
492 2385 672 2428 διδάξων”’
653 2396 778 2430 ετερον·
813 2386 854 2420 ἂν
878 2386 914 2420 δέ
940 2386 990 2420 ἀεὶ
1015 2386 1193 2430 μανθάνῃς,
1218 2385 1397 2430 τεκμήριόν
1423 2386 1497 2419 ἐστι
1522 2388 1582 2419 τοῦ
1606 2386 1710 2429 μηδὲν
1726 2383 1797 2418 116
1820 2382 1882 2418 Μ.

122 2433 250 2475 μαθεῖν·
283 2434 383 2466 τοῦτο
403 2435 473 2468 τοῖς
488 2432 664 2468 Ιουδαιοις
687 2434 705 2466 ὁ
728 2433 804 2467 θεὸς
828 2433 1008 2475 ὀνειδίζων,
1027 2435 1119 2467 εἶπεν
1135 2433 1313 2476 Αἷρόμενοι
1338 2447 1374 2466 εκ
1399 2431 1529 2466 κοιλίας
1554 2433 1607 2466 καὶ
1631 2447 1709 2466 παι-

123 2479 339 2522 δευόμενοι
320 2494 382 2514 εως
405 2479 527 2524 γήρως·
561 2479 623 2523 ὅρα
647 2482 731 2524 γοῦν
754 2480 807 2513 καὶ
824 2481 965 2513 Παῦλον
982 2480 1037 2513 διὰ
1058 2482 1157 2513 τοῦτο
1180 2480 1547 2524 δυσανασχετοῦντα,”
1530 2494 1581 2513 οτι
1601 2480 1711 2514 πολὺν

123 2527 247 2569 χρόνον
271 2527 342 2561 τοῖς
365 2527 543 2571 προτέροις
568 2526 773 2568 ἐνδιέτριβον
795 2525 991 2569 μαθήμασιν
1010 2541 1041 2559 οι
1066 2526 1238 2570 ἀκροαταὶ,
1256 2540 1309 2560 και
1336 2527 1385 2560 ἕτι
1412 2530 1477 2561 τῶν
1496 2529 1638 2571 πρώτων
1663 2525 1710 2560 ε’ί-

123 2586 225 2615 χοντο
243 2586 432 2616 στοιχειων,
450 2587 534 2617 οπερ
553 2573 665 2606 ἱκανὸν
681 2574 727 2618 τῷ
753 2572 947 2606 διδασκοντι
971 2573 1080 2606 πολυν
1098 2573 1239 2606 ἐνθεῖναι
1264 2574 1323 2607 τὸν
1347 2572 1455 2606 ὄκνον·
1490 2575 1648 2617 στοιχεῖα
1672 2573 1710 2606 δέ

124 2619 265 2651 ἐνταῦθα
290 2619 368 2654 τοὺς
390 2620 469 2664 περὶ
493 2621 551 2663 τῆς
575 2619 832 2663 ἀνθρωπότητος
851 2622 911 2653 τοῦ
929 2621 1080 2663 Χριστοῦ
1097 2620 1223 2664 λόγους
1240 2620 1350 2662 φησίν
1367 2631 1397 2653 3.
1401 2619 1449 2661 b„
1467 2631 1556 2665 quae
1571 2631 1652 2653 cum
1673 2618 1709 2653 S.

125 2663 246 2709 Cyrilli
269 2676 343 2698 esse
361 2666 418 2699 vix
435 2665 630 2706 videantur,
656 2677 720 2699 nec
745 2666 782 2699 in
806 2665 842 2699 S.
863 2665 959 2710 Chry
963 2666 1108 2700 sostomi
1128 2665 1285 2700 Homilia
1309 2666 1460 2710 reperire
1484 2666 1631 2711 possim,
1652 2665 1710 2699 hic

124 2710 291 2745 exhibeo:
327 2713 441 2757 perglt
467 2714 585 2756 ὥσπερ
610 2712 676 2757 γὰρ
701 2712 757 2746 ἐπὶ
782 2715 848 2746 τῶν
872 2713 997 2755 ἔξωθεν
1022 2713 1238 2756 γραμμάτων,
1264 2716 1383 2755 πρῶτα
1409 2713 1450 2746 τὰ
1476 2714 1633 2757 στοιχεῖα
1660 2712 1711 2745 δεῖ

123 2757 241 2800 μαθεῖν
266 2756 352 2791 οὕτω
378 2759 430 2792 καὶ
456 2759 598 2793 ενταῦθα
622 2762 757 2814 πρῶτον
780 2759 858 2816 περὶ
881 2760 940 2802 τῆς
957 2759 1217 2803 ἀνθρωπότητος
1234 2758 1452 2793 ἐδιδάσκοντο
1472 2760 1506 2800 (e
1516 2759 1561 2792 S.
1582 2758 1710 2802 Chrys.

124 2815 158 2847 p.
176 2803 221 2837 86
239 2803 271 2846 c)
298 2805 351 2838 καὶ
375 2805 452 2840 τοὺς
477 2805 733 2849 ταπεινοτέρους
756 2806 834 2849 περὶ
858 2808 918 2838 τοῦ
936 2808 1088 2849 Χριστοῦ
1112 2807 1237 2850 λόγους
1257 2806 1290 2849 (e
1307 2805 1430 2839 Theod
1448 2805 1492 2839 ad
1509 2806 1588 2846 loc„
1609 2805 1709 2849 cujus

125 2849 284 2884 scholion
308 2851 343 2884 in
370 2863 400 2884 3.
423 2852 590 2897 sequitur,
617 2851 776 2886 scholion
801 2852 904 2885 btexe
930 2864 948 2885 e
975 2852 1011 2886 S.
1032 2851 1155 2897 Cyrilli
1181 2851 1321 2896 Glaphy
1324 2863 1361 2885 ra
1388 2852 1630 2896 praemittente
1657 2850 1709 2893 b.)

126 2895 255 2935 Maius,
274 2897 316 2930 de
334 2897 462 2950 quibus
481 2898 623 2932 adnotat
640 2898 722 2931 ille·
715 2900 736 2916 ·‘
750 2898 935 2933 Consentit
957 2899 1084 2943 partim
1102 2910 1183 2932 cum
1201 2898 1268 2932 hoc
1286 2898 1482 2941 fragmento
1498 2897 1709 2940 Chrysosto-

125 2953 205 2977 mus
220 2943 434 2978 Homi1.v1i1.
451 2957 483 2989 p.
500 2944 566 2986 86;
593 2944 821 2979 nihilominus
839 2950 955 2979 textus
973 2944 1029 2979 hic
1049 2944 1171 2990 Cyrilli
1189 2945 1272 2978 satis
1290 2944 1406 2978 adhuc
1425 2943 1580 2977 differtss’
