2017 3252
320 132 404 170 530
629 131 675 170 B.
711 129 956 169 CYRILLI
990 128 1334 169 ALEXANDR.
1369 127 1593 167 FRAGM.

320 239 427 278 sicut
448 238 562 287 dicit,
585 237 731 277 homo:
765 239 834 277 sed
863 241 951 277 erat
978 237 1065 289 ipsc
1093 251 1142 276 ex
1165 236 1252 275 Deo
1275 236 1397 276 Patre
1420 236 1532 276 Deus
1556 234 1749 283 Verbum,
1772 234 1905 274 factus

321 306 545 345 secundum
568 321 654 354 nos,
677 306 799 345 homo
821 305 1025 352 videlicet,
1049 307 1090 344 et
1116 318 1201 343 non
1231 304 1359 343 alium
1388 304 1593 357 quendam
1624 303 1761 356 magis
1781 316 1903 355 quam

321 374 498 427 seipsum
520 374 758 413 visitatione
779 378 820 412 et
842 372 1038 413 memoria
1058 372 1250 424 dignans.

899 522 956 561 Et
977 536 1027 561 ex
1049 521 1189 561 eodem
1212 520 1328 560 libro.

1000 623 1235 663 THEonom.

1930 632 1950 668 Ul

382 716 662 756 Oessabuntne
680 714 778 767 jam
799 715 853 755 ab
874 715 1115 768 impudente
1128 727 1280 767 pugma
1295 713 1316 754 ,⁹
1345 714 1544 753 desistent
1564 726 1657 753 vero
1676 725 1791 751 vana
1813 724 1908 751 con—

100 789 186 819 Heb.
205 788 239 818 ii.
255 798 302 820 10.
322 783 508 831 tentione,
545 783 822 823 erubescentes
861 783 1071 823 dictorum
1110 781 1359 823 evidentiam
1377 782 1398 822 ,Ρ
1457 781 1620 821 Multos
1659 780 1769 820 enim
1804 779 1908 819 dicit

311 853 429 905 filios
450 853 497 891 in
519 851 707 903 ,qloriam
734 852 963 891 ducentem.
1025 851 1135 891 Ecce
1155 850 1290 903 igyitur
1310 851 1357 890 in
1377 850 1541 889 ratione
1556 847 1789 901 filiationis
1814 861 1909 887 con-

320 933 547 960 numerans
587 918 814 972 Apostolus
853 926 1037 972 apparet
1076 926 1341 972 assumptum
1388 918 1595 958 hominem
1641 917 1789 957 ceteris
1828 929 1910 955 non

321 988 545 1029 secundum
561 988 672 1040 quod
692 987 892 1027 similiter
912 987 1002 1026 illis
1013 987 1247 1039 filiationis
1260 987 1483 1039 particeps
1503 993 1574 1034 est,
1592 986 1665 1026 sed
1683 985 1911 1025 secundum
1935 991 1980 1015 10

322 1057 432 1109 quod
461 1056 661 1095 similiter
690 1055 885 1108 qratiam
915 1055 1147 1107 assumpsit
1169 1055 1417 1106 filiationis,
1450 1054 1606 1093 deitate
1638 1053 1730 1093 sola
1761 1060 1910 1092 natur-

322 1124 433 1164 alem
444 1124 702 1176 filiationem
718 1123 971 1175 possidente.
1028 1122 1194 1162 Certum
1216 1123 1326 1162 enim
1347 1129 1405 1162 est
1426 1122 1537 1161 illud
1558 1122 1668 1175 qztod
1679 1121 1913 1173 filiationis

318 1192 464 1245 {storia
477 1198 653 1244 praeter
673 1199 826 1231 ceteros
847 1191 1033 1231 lion'rines
1053 1191 1160 1230 inest
1182 1191 1221 1230 ei
1234 1190 1468 1243 praecipue
1477 1203 1558 1243 per
1578 1186 1785 1229 unitatem
1807 1201 1913 1240 quae

322 1260 462 1300 estad
487 1259 623 1299 illum.
693 1259 810 1299 Unde
841 1266 879 1298 et
909 1259 956 1298 in
986 1260 1084 1312 ipsa
1104 1272 1198 1298 voce
1228 1259 1495 1310 siynzficante
1515 1257 1693 1305 Filium,
1714 1256 1914 1297 similiter

323 1328 454 1368 etiam
485 1327 557 1367 ille
592 1327 972 1380 compreltenditur.
1034 1327 1118 1367 Sed
1148 1327 1485 1367 sermocinantur
1516 1326 1576 1365 ad
1607 1339 1708 1365 nos:
1754 1325 1803 1364 Si
1833 1325 1913 1363 duo
1938 1327 1983 1365 15

316 1396 512 1451 perfecta
552 1394 712 1443 dicitis,
754 1395 992 1435 omnimodo
1027 1402 1066 1435 et
1098 1395 1203 1434 duos
1228 1393 1346 1446 filios
1380 1395 1575 1434 dicemus.
1637 1393 1720 1433 Sed
1755 1406 1842 1432 ecce
1877 1399 1915 1431 et

324 1464 472 1504 Filius
511 1464 650 1503 dictus
690 1470 749 1503 est
789 1464 835 1502 in
870 1464 1036 1503 Divina
1072 1464 1303 1516 Scriptura
1337 1477 1416 1516 per
1450 1463 1645 1515 seipsum,
1686 1461 1916 1501 divinitate

325 1539 509 1586 eoecepta,
533 1530 679 1572 ceteris
700 1531 942 1571 hominibus
963 1538 1299 1579 connumeratus,
1329 1539 1367 1571 et
1388 1545 1470 1570 'non
1489 1530 1586 1583 jam
1610 1530 1711 1569 duos
1733 1529 1917 1569 dicimus

317 1601 447 1652 filios.
517 1599 633 1639 Unus
657 1613 752 1640 vero
773 1599 920 1646 Filius
940 1600 987 1639 in
1008 1600 1261 1653 confessione
1286 1606 1344 1639 est
1365 1599 1490 1651 j'uste,
1512 1598 1713 1651 quoniam
1737 1604 1914 1636 natura-

325 1682 422 1707 rum
442 1668 599 1708 divisio
620 1668 856 1707 necessario
877 1667 993 1707 debet
1010 1679 1263 1721 permane-re
1283 1673 1321 1706 et
1343 1679 1550 1719 personae
1576 1665 1715 1706 unitio
1742 1665 1915 1705 indissi-
1937 1670 1987 1694 20

320 1735 488 1789 pabilis
508 1736 728 1776 custodiri.

1028 1841 1219 1881 CYmLLL

387 1932 521 1985 Papae
562 1932 791 1972 insaniam!
855 1931 1076 1985 Ignoravit
1117 1931 1379 1972 omnifariam
1425 1930 1687 1970 altitudinem
1730 1928 1918 1983 mysterii

331 2000 502 2048 Christi,
536 1989 605 2053 (fui
635 2000 695 2039 ita
731 1999 896 2053 frigidis
931 2003 972 2039 et
1008 1999 1236 2052 puerilibus
1269 1999 1404 2039 verbis
1436 1998 1612 2038 confisus
1647 2001 1721 2038 est.
1796 1997 1917 2037 Quod

330 2072 470 2108 autem
507 2072 548 2107 et
587 2067 738 2120 prolati
773 2067 915 2120 scripti
952 2067 1152 2107 virtutem
1186 2066 1357 2106 minime
1389 2066 1603 2120 intelligit,
1637 2071 1790 2106 rectam
1824 2079 1918 2106 vero
1940 2073 1987 2111 25

332 2136 521 2176 semitam
544 2135 733 2184 dec1inat‚
757 2139 798 2175 et
822 2135 1070 2175 transfertur
1100 2134 1250 2174 iterum
1282 2135 1326 2173 in
1357 2135 1594 2174 sceleratam
1625 2134 1703 2174 sibi
1735 2133 1917 2187 proposi-

331 2207 417 2243 tam
441 2203 724 2251 intentionem,
748 2203 891 2243 stat-im
914 2204 1117 2243 docemus.
1182 2202 1304 2242 Quod
1325 2202 1436 2242 enim
1457 2205 1553 2241 ante
1574 2201 1711 2241 omnia
1735 2201 1919 2241 studium

332 2271 369 2311 ei
391 2274 466 2320 est,
488 2286 639 2323 purum
670 2271 787 2311 nobis
818 2270 1026 2311 hominem
1050 2270 1154 2310 velle
1185 2270 1463 2309 demonstrare
1493 2284 1768 2309 consessorem
1789 2269 1917 2319 Patri,

334 2344 375 2378 et
405 2338 456 2377 ab
487 2338 679 2379 universa
707 2342 893 2378 crea-tura
921 2343 1120 2392 tanquam
1143 2338 1279 2377 Deum
1300 2337 1569 2386 adorandum,
1591 2337 1677 2389 ipse
1708 2337 1825 2376 testis
1854 2336 1917 2376 in-

333 2405 557 2458 gredietur.
621 2406 701 2445 His
723 2407 833 2446 enim
855 2405 924 2460 qui
952 2407 1177 2446 secundum
1202 2404 1380 2458 gratiam
1413 2405 1486 2443 filii
1517 2407 1614 2444 sunt
1643 2408 1685 2444 et
1715 2405 1919 2446 humanae
1940 2414 1990 2450 30

335 2472 596 2512 multitudini
618 2488 915 2514 connumerans
937 2488 1043 2522 eum,
1058 2474 1187 2513 Verbi
1208 2473 1406 2512 deitatem
1429 2472 1555 2511 solam
1571 2485 1687 2511 verae
1708 2471 1920 2512 filiationis

384 2603 416 2632 4.
443 2590 504 2635 Et]
528 2590 614 2624 Item
635 2591 680 2624 D.
746 2603 786 2624 ex
805 2591 925 2625 eodem
945 2591 1031 2624 libro
1043 2590 1217 2624 Theodori
1235 2591 1280 2630 D,
1298 2589 1473 2623 Theodori
1486 2601 1527 2623 ex
1545 2589 1665 2623 eodem
1683 2589 1783 2629 libro,
1799 2594 1831 2623 et
1847 2601 1920 2624 non

337 2637 578 2680 praemittente
598 2638 732 2670 surius.
755 2638 798 2670 Et
815 2649 855 2670 ex
874 2637 997 2670 eodem
1014 2637 1102 2670 libro
1118 2636 1325 2670 Theodorus
1346 2636 1411 2669 Ed.
1597 2636 1630 2671 6.
1654 2648 1698 2670 ne
1715 2640 1921 2680 assumptum

337 2695 377 2716 ea·
395 2684 439 2723 D,
459 2683 573 2716 Surio.
638 2694 746 2716 vanae
764 2684 1004 2717 contentiones
1025 2683 1158 2716 Bellov.
1269 2694 1302 2726 9.
1329 2681 1557 2726 adsumptum
1576 2683 1622 2716 D.
1732 2694 1784 2717 10.
1812 2683 1920 2716 simil-

337 2729 417 2774 iter]
438 2729 701 2762 similitudinem
720 2730 766 2763 D.
879 2741 889 2761 1
904 2742 930 2763 1.
956 2729 1065 2773 gratia
1084 2729 1130 2762 D.
1204 2728 1401 2773 adsumpsit
1419 2729 1581 2763 filiatione
1602 2729 1647 2762 D.
1760 2740 1812 2762 12.
1839 2740 1920 2773 pos-

339 2775 508 2809 sidentem
531 2776 574 2808 l).
647 2781 699 2809 est
716 2776 808 2809 enim
826 2776 957 2808 inverso
975 2775 1093 2808 ordine
1112 2776 1156 2808 D.
1586 2786 1638 2820 13.
1665 2774 1774 2816 gloria
1791 2787 1854 2809 om.
1877 2775 1921 2809 D.

344 2833 396 2866 17.
423 2822 547 2855 deitate
567 2822 612 2854 l).
771 2834 823 2865 Η).
852 2821 970 2865 Unus]
993 2821 1068 2854 Nos
1089 2822 1135 2854 D.
1157 2820 1260 2854 Unde
1281 2820 1413 2865 Migne.
1560 2832 1614 2855 22.
1644 2821 1844 2855 CYRILLI
1875 2821 1920 2860 D,

341 2868 478 2901 Surius.
499 2868 650 2912 Cyrillus
673 2867 735 2901 Ed.
753 2868 869 2901 statim
889 2868 1000 2911 Papae
1018 2868 1131 2912 (quasi
1150 2868 1288 2910 titulus)
1307 2868 1475 2901 connectit
1495 2868 1541 2901 D.
1721 2876 1773 2908 25.
1803 2867 1921 2911 scripti

339 2927 401 2948 om,
423 2914 467 2947 D.
582 2916 636 2948 28.
663 2913 708 2957 ei]
729 2915 819 2947 enim
842 2914 887 2948 D.
947 2925 1068 2958 parum
1090 2914 1134 2947 D.
1247 2925 1304 2957 30.
1329 2915 1438 2958 gratia
1460 2914 1504 2947 D.
1615 2925 1671 2958 3¹·
1699 2913 1823 2948 deitate
1843 2913 1887 2947 D.
