2012 3272
75 152 157 193 xiv.
182 162 243 205 15.
340 151 407 191 IN
446 151 530 192 ΕΡ.
562 151 596 192 Ι.
635 151 717 191 AD
755 151 1142 193 CORINTHIOS.
1196 151 1310 195 LIB.
1334 154 1385 194 V.
1575 156 1656 195 295

73 258 446 326 ἀποκεχρημένος
473 262 530 326 τῇ
553 261 742 334 γλώσ-σῃ
771 262 828 327 τῇ
866 259 940 311 διὰ
966 267 1049 312 τοῦ
1074 261 1355 324 πνεύματος,
1387 262 1477 331 ἔξω
1505 261 1651 332 ἄκαρ-

73 364 161 391 πον
199 340 281 391 τὸν
323 343 425 392 νοῦν·
467 344 537 392 δεῖ
572 342 664 408 γὰρ
703 344 751 393 ἐν
789 347 1076 409 προσευχαῖς
1116 344 1458 402 συντείνεσθαι,
1488 346 1565 395 καὶ
1599 343 1658 394 τὰ

73 427 299 472 τελοῦντα
337 422 456 489 πρὸς
494 425 734 489 σωτηρίαν
765 424 894 489 παρὰ
922 428 1047 474 Θεοῦ
1087 423 1250 489 ζητεῖν,
1281 427 1364 475 οὐκ
1403 426 1654 492 ἐναβρύνε-

73 507 189 553 σθαι
215 503 427 571 γλώσσῃ
459 506 533 554 καὶ
560 505 774 569 γίνεσθαι
802 506 968 558 ἁπλῶς
993 510 1076 555 τοῦ
1101 504 1313 573 γλώσσῃ
1341 512 1519 557 λαλεῖν·
1560 509 1657 558 ἐπεὶ

32 591 94 639 5ὁ
123 586 209 639 νοῦς
237 584 447 654 ἄκαρπος
479 586 666 650 γίνεται,
694 585 923 650 μηδεμίαν
951 587 999 636 ἐκ
1032 589 1114 650 τῆς
1144 587 1360 651 τοιαύτης
1387 590 1661 656 φιλοτιμίας

77 666 429 734 ἀποφερόμενος
456 667 637 732 ὄνησιν.

173 844 470 900 Προσεύὲομαι
508 848 569 899 τῷ
606 846 826 897 Πυεύματι,
864 846 1155 902 Προοεύξομαι
1194 846 1239 887 δὲ
1279 848 1348 888 καὶ
1385 850 1447 902 τῷ
1485 844 1561 892 νοΐ,

151 974 244 1020 Δεῖ
300 992 357 1032 με
419 970 592 1032 τοίνυν,
652 972 817 1037 φησὶν,
874 970 1000 1036 ε’ίπερ
1063 971 1258 1036 ἑλοίμην
1308 972 1664 1040 προσεύχεσθαι

78 1051 288 1118 γλώσσῃ
326 1052 569 1102 τουτέστιν
603 1053 857 1114 εὐδοκιμεῖν
897 1053 946 1102 ἐν
984 1056 1050 1121 τῷ
1090 1058 1255 1103 λαλεῖν
1296 1053 1521 1121 γλώσσῃ,
1556 1076 1658 1104 πει-

13 1161 61 1185 10
78 1137 254 1199 ρᾶσθαι
293 1134 563 1186 σπουδαίως
602 1133 666 1198 μὴ
705 1134 916 1199 ἄκαρπον
943 1134 1063 1201 ἔχειν
1098 1134 1181 1185 τὸν
1217 1140 1340 1197 νοῦν,
1367 1133 1483 1199 μηδὲ
1517 1133 1664 1198 μόνου

79 1214 297 1280 γενέσθαι
342 1220 400 1282 τῇ
445 1216 657 1283 γλώσσῃ
708 1220 873 1266 λαλεῖν
918 1215 1050 1266 ἀλλὰ
1102 1216 1337 1281 διεγείρειν
1388 1218 1435 1266 ε’ν
1478 1218 1664 1284 ἐμαυτῷ

80 1295 164 1346 τὸν
202 1302 323 1348 νοῦν.
374 1298 449 1347 καὶ
484 1301 521 1347 εὶ
555 1296 762 1364 ψάλοιμι
799 1297 943 1364 τυχὸν
968 1299 1017 1347 ἐν
1042 1297 1255 1365 γλώσσῃ
1294 1297 1507 1366 ψάλλειν
1534 1297 1666 1348 οὐδὲν

81 1377 222 1441 ἧττον
253 1381 328 1429 καὶ
362 1380 428 1447 τῷ
467 1378 537 1429 νοῒ
572 1380 620 1429 ἐν
646 1382 711 1447 τῷ
749 1383 868 1429 νοεῖν
894 1381 975 1441 τῆς
1002 1380 1291 1447 ψαλμῳδίας
1319 1381 1394 1429 καὶ
1420 1382 1503 1442 τῆς
1540 1402 1660 1445 προ-

82 1459 276 1526 φητειάς
320 1458 406 1523 τὴν
450 1460 657 1523 δύναμιν,
704 1462 780 1510 καὶ
829 1459 895 1524 μὴ
940 1458 1193 1526 ἀζητήτους
1237 1462 1316 1510 ε’ἇν
1361 1459 1466 1514 τοῦς
1510 1461 1663 1511 τοιού-

1692 223 1763 265 [69
1781 223 1860 264 M.]

16 1556 62 1595 15
82 1562 189 1594 τους
214 1540 401 1606 λόγους.
442 1545 479 1591 εἰ
504 1540 597 1606 γὰρ
624 1541 794 1595 εἰκαίας
827 1541 1011 1607 λε’γοιμι
1038 1540 1213 1609 φωνὰς,
1243 1549 1270 1570 “
1286 1542 1462 1607 γε’γονα
1488 1541 1668 1609 χαλκὸς
1687 1565 1794 1605 Supra
1811 1563 1880 1595 xiii.

85 1628 111 1650 ‘⁴
136 1623 309 1688 ἠχῶν.”
357 1621 427 1672 διὸ
462 1622 648 1685 ἄμεινον
680 1621 734 1673 τὸ
772 1622 1084 1691 προφητεύειν
1110 1623 1211 1686 ἤτοι
1250 1622 1560 1689 διερμηνεύειν
1585 1622 1669 1677 τὰς

83 1703 207 1757 θείας
245 1702 435 1773 γραφὰς
467 1705 514 1754 ἐν
546 1705 775 1773 ἐκκλησίᾳ
812 1703 840 1768 ἢ
878 1703 1134 1771 γλώσσαις
1173 1705 1339 1757 ἁπλῶς
1379 1707 1669 1771 κατακεχρῆ-

83 1789 198 1835 σθαι
224 1790 397 1854 φιλεῖν.
446 1808 490 1836 τι
483 1785 598 1836 ὀὖν
625 1785 760 1836 ἐσται
785 1784 840 1836 τὸ
867 1785 1084 1849 ἄμεινον·
1074 1826 1085 1846 ,
1129 1784 1431 1854 Προσεῦξομοιι
1459 1792 1518 1854 τῷ
1543 1810 1670 1837 πνευ-

83 1889 213 1933 ματι,
242 1866 536 1936 προσ-ευξομοιι
575 1890 652 1918 και
686 1872 747 1936 τῷ
783 1866 850 1919 vot.
894 1889 1112 1934 πνευματι
1141 1866 1189 1917 δὲ
1215 1865 1365 1917 πάλιν
1391 1841 1572 1929 ε’νθοίδε,
1603 1872 1670 1917 τῶ

18 1971 67 1995 20
86 1949 160 2000 διὰ
186 1956 268 2001 τοῦ
290 1951 564 2014 Πνεύματος
592 1952 853 2018 χαρίσματι
891 1951 1032 2016 λεγει.
1075 1949 1231 2015 ἐπειδὴ
1259 1950 1307 2002 δε
1330 1974 1511 2004 σκοπος
1539 1951 1665 2019 αὐτῷ

86 2030 162 2082 διὰ
200 2032 442 2083 πλείστων
477 2031 607 2083 ὅσων
642 2035 717 2083 καὶ
755 2033 1021 2098 ἀναγκαίων
1060 2034 1248 2083 ἐννοιῶν
1286 2031 1513 2097 ἀνόνητον
1552 2035 1671 2084 ἀπο-

87 2116 230 2181 φῆναι
268 2113 321 2164 τὸ
358 2114 570 2181 γλώσσῃ
609 2119 789 2177 λαλεῖν,
817 2116 904 2182 οὐχ
934 2113 1159 2177 ἑπομένου
1185 2120 1268 2165 τοῦ
1305 2114 1537 2165 δύνασθαι
1572 2119 1672 2166 δια-

86 2200 284 2259 τρανοῦν
308 2195 477 2261 ἑτέροις
514 2194 574 2246 τὰ
610 2200 887 2263 προφητῶν,
916 2194 1211 2261 προσεπάγει
1245 2197 1322 2246 καὶ
1354 2196 1487 2262 ἕτερα
1524 2197 1578 2247 δι’
1607 2195 1673 2247 ὧν

89 2274 146 2326 ἄν
170 2299 238 2330 τις
265 2276 374 2327 ε’ίδοι
401 2275 604 2342 λέγοντα
629 2280 818 2345 σαφῶς.

137 2439 239 2481 8—24.
266 2439 363 2473 Haec
381 2438 475 2473 edidl
491 2451 532 2473 ex
552 2440 600 2474 H.
652 2439 775 2474 Paullo
799 2439 935 2473 diverse
957 2439 1024 2473 Ed.
1043 2441 1113 2479 Δεῖ,
1132 2439 1253 2484 φησὶν,
1272 2438 1366 2483 εἴπερ
1389 2440 1528 2483 ἑλοίμην
1547 2440 1674 2474 εὐδοκι-

90 2487 173 2528 μεῖν,
199 2487 252 2519 καὶ
275 2487 421 2531 γλώσσῃ
446 2488 551 2530 τυχὸν
576 2487 764 2531 κεχρῆσθαι
789 2489 828 2530 τῇ
855 2487 910 2520 διὰ
930 2489 990 2519 τοῦ
1007 2486 1207 2530 πνεύματος,
1226 2487 1279 2520 καὶ
1301 2487 1345 2529 μὴ
1363 2487 1548 2531 πειρᾶσθαι
1567 2502 1675 2521 σπου-

92 2532 190 2566 δαίως
215 2533 365 2576 ἰίκαρπον
387 2534 478 2577 ἔχειν
503 2534 561 2566 τὸν
576 2535 674 2576 νοῦν,
700 2533 912 2578 συναγείρειν
937 2533 973 2566 δὲ
981 2534 1116 2585 ὥσπερ
1143 2533 1178 2566 ἐν
1201 2533 1331 2578 ἐμαυτῷ
1358 2534 1417 2566 τὸν
1446 2535 1533 2567 νοῦν·
1569 2534 1623 2567 καὶ
1648 2533 1677 2567 εἷ

91 2578 261 2622 ψάλλοιμι
288 2580 392 2623 τυχὸν
421 2579 456 2612 ἐν
481 2581 640 2623 γλωσσῃ,
667 2580 820 2624 ψάλλειν
854 2578 995 2612 ουδέν
979 2584 1079 2622 ῆττον
1102 2581 1157 2612 καὶ
1180 2584 1225 2623 τῷ
1248 2582 1310 2618 νοῒ,
1335 2578 1493 2613 τουτέστι
1528 2580 1676 2613 συνιέναι

91 2624 222 2659 λεπτῶς
246 2626 304 2668 τῆς
328 2626 534 2670 ψαλμῳδίας
559 2626 619 2668 τὴν
637 2625 785 2668 δύναμιν,
804 2625 858 2659 καὶ
875 2627 934 2668 τῆς
950 2626 1161 2682 προφῃτείας
1178 2625 1255 2660 τοὺς
1272 2626 1399 2669 λόγους
1423 2626 1467 2669 μὴ
1493 2625 1678 2669 ἀζητὴτους

93 2669 159 2703 ἐᾶν·
185 2671 304 2705 οὐκοῦν
328 2671 462 2714 ἷίμεινον
478 2673 516 2704 τὸ
537 2671 797 2716 προφητεύειν’
783 2674 855 2715 η’τοι
882 2670 1107 2715 διερμηνεύειν
1129 2672 1164 2706 ἐν
1186 2672 1349 2716 ἐκκλησίᾳ
1374 2673 1415 2705 τὰ
1439 2671 1474 2705 ἐκ
1498 2675 1563 2707 τῶν
1582 2674 1680 2716 ἱερῶν

91 2718 304 2768 γραμμάτων,
322 2716 340 2760 ἢ
358 2719 538 2762 γλώσσαις
554 2718 670 2753 ἁπλῶς
687 2717 959 2762 κατακεχρῆσθαι
978 2719 1104 2762 φιλεῖν.
1284 2729 1338 2752 12.
1364 2718 1468 2764 τυχὸν
1485 2718 1520 2752 ἐν
1537 2730 1606 2752 om.
1628 2718 1677 2751 H.

93 2762 219 2796 retinui
235 2775 275 2797 ex
294 2763 362 2797 Ed.
582 2775 633 2807 14.
661 2764 717 2799 ε’ἇν
733 2763 811 2799 τοὺς
828 2763 967 2798 edidi.‘
951 2778 1087 2799 εαυτους
1106 2763 1186 2808 (Sic)
1208 2763 1257 2798 H.
1482 2765 1546 2798 18.
1561 2765 1679 2809 φιλεῖν

95 2817 163 2842 om.
183 2809 231 2844 H.
249 2810 376 2845 retinui
393 2821 435 2844 ex
453 2809 521 2844 Ed.
761 2821 815 2853 24.
841 2809 941 2856 ε’ίδοι]
960 2810 1196 2855 legendumne
1212 2809 1302 2844 ἵδοιὲ

1690 1617 1716 1639 Ι.
