1986 3282
119 126 202 166 xix.
221 139 287 182 30.
490 124 562 164 IN
602 123 644 163 S.
678 122 1013 163 ζῙΟΑΝΝΕΜ.
1081 122 1202 161 LIB.
1238 122 1341 161 XII.
1657 122 1712 161 99

118 233 275 300 λέγων
313 235 476 285 “”Ὀτι
514 232 593 284 ἐὰν
631 233 973 298 περιτέμνησθε
1007 230 1220 297 Χριστὸς
1261 233 1378 294 ὑμᾶς
1417 228 1550 280 οὐδὲν
1589 232 1709 298 ὠφε-
1772 242 1845 273 Gal·
1859 252 1889 273 v.
1911 251 1938 273 2.

118 323 146 346 “
172 315 324 381 λήσει.
381 315 705 382 κατηργήθητε
739 313 833 365 ἀπὸ
865 318 1084 380 Χριστοῦ
1118 313 1282 367 οἵτινες
1316 315 1364 363 ἐν
1404 311 1530 382 νόμω
1567 315 1712 362 δικαι-
1777 320 1877 359 1¹³·4-

119 405 146 428 “
170 403 331 460 οῦσθε,
373 401 454 462 τῆς
501 397 692 465 χάριτος
730 395 1027 465 ἐξεπέσατε.”
1081 397 1191 446 ἀλλ’
1234 394 1310 445 ἵνα
1351 393 1434 445 τὸν
1472 399 1556 445 τοῦ
1594 416 1713 459 προ-

118 480 325 543 κειμένου
368 481 615 548 χρησίμως
658 480 733 529 καὶ
778 478 1044 544 ἀναγκαίως
1090 476 1505 544 ἀναμηρυσώμεθα
1546 475 1710 542 λόγον,

75 583 97 622 5
118 561 328 630 σχίζεται
362 564 434 614 τοῧ
471 563 569 613 ναοῦ
605 561 651 614 τὶ
689 558 1047 629 καταπέτασμα
1082 560 1176 612 από
1204 557 1353 611 ἄνωθεν
1381 558 1459 613 ἕως
1490 557 1628 621 κατὰ),
1653 556 1713 608 τὰ

118 643 229 710 ἅγια
263 649 357 695 τῶν
391 644 539 710 ἁγίων
575 642 990 696 ἀνακαλύπτοντος
1026 640 1192 708 ὥσπερ
1230 641 1319 707 ἤδη
1358 646 1441 692 τοῦ
1469 643 1608 703 Θεοῦ,
1637 641 1712 690 καὶ

116 724 270 790 βατὴν
290 730 387 781 τοῖς
411 725 721 777 πιστεύουσιν
748 729 809 779 εἰς
830 724 1049 791 Χριστὸν
1074 723 1159 788 τὴν
1186 723 1282 774 ἔσω
1311 722 1480 774 λοιπὸν
1506 720 1711 776 τιθέντος
1729 729 1756 770 b

117 809 314 874 σκηνήν.
382 807 621 876 πρόκειται
656 807 749 875 γὰρ
788 807 876 872 ἤδη
915 811 1010 858 τῶν
1049 808 1184 858 θείων
1223 807 1334 871 ἡμῖν
1370 805 1645 871 μυστηρίων
1682 804 1711 867 ἡ

117 895 308 957 γνῶσις,
335 891 486 941 οὐκέτι
516 892 574 959 τῇ
604 889 840 958 παχύτητι
866 894 949 941 τοῦ
974 895 1166 953 νομικοῦ
1193 887 1471 955 γράμματος
1498 885 1711 953 καθάπερ

50 999 99 1025 10
117 975 206 1024 τινὶ
242 972 632 1038 καταπετάσματι
666 972 1066 1042 κατημφιεσμένη,
1096 971 1201 1023 οὐδὲ
1236 969 1290 1023 τὸ
1318 973 1366 1022 ἐκ
1391 973 1475 1035 τῆς
1500 970 1713 1036 ἱστορίας

118 1055 296 1123 ε”χουσα
335 1054 701 1120 κατακάλυμμα,
730 1056 878 1121 ἤγουν
904 1054 958 1105 τὸ
998 1056 1046 1104 ἐν
1080 1053 1244 1108 τύποις
1282 1051 1460 1122 ἀφανὲς
1498 1056 1595 1106 τοῖς
1628 1054 1712 1116 τῆς

118 1139 321 1192 διανοίας
370 1138 502 1202 ἡμῶν
552 1137 764 1201 ὄμμασιν
816 1135 1185 1204 ἀνατειχίζουσα,
1227 1134 1340 1187 ἀλλ’
1383 1136 1432 1186 ἐν
1476 1133 1712 1198 ἁπλότητι

119 1220 324 1274 πίστεως
355 1222 432 1271 καὶ
466 1221 515 1271 ἐν
549 1221 730 1286 ὀλίγοις
761 1221 930 1287 κομιδῇ
961 1223 1058 1273 τοῖς
1088 1217 1315 1286 ῥήμασιν·
1362 1224 1389 1247 “
1413 1215 1592 1284 Ἐγγῦς
1618 1216 1712 1282 γάρ
1773 1222 1871 1298 {01¹2-
1888 1233 1921 1253 x.

121 1308 148 1332 “
174 1325 278 1365 σου,
307 1304 446 1371 φησὶ,
475 1302 530 1354 τὸ
567 1302 700 1370 ῥῆμοί
731 1304 879 1363 ἐστιν,
908 1303 956 1352 ἐν
982 1305 1049 1371 τῷ
1080 1299 1288 1365 στόματί
1322 1323 1414 1351 σου
1453 1301 1529 1350 καὶ
1567 1301 1616 1350 ἐν
1653 1302 1712 1367 τῇ
1864 1291 1871 1298 ’

53 1404 100 1444 15
122 1392 148 1414 ‘⁵
175 1385 341 1453 καρδίᾳ
378 1408 485 1448 σου,
515 1384 730 1436 τουτέστι
755 1383 810 1435 τὸ
844 1385 972 1451 ῥῆμα
1002 1386 1085 1448 τῆς
1110 1383 1315 1437 πίστεως
1342 1382 1367 1433 ὃ
1392 1381 1711 1448 κηρύσσομεν,

123 1475 150 1497 “
177 1466 247 1518 ὅτι
291 1466 371 1517 ἐὰν
417 1467 547 1535 ε’ίπῃς
588 1468 637 1517 ἐν
676 1470 742 1536 τῷ
788 1465 993 1530 στόματι
1036 1488 1128 1517 σου
1173 1464 1347 1531 Κύριος
1391 1465 1594 1528 Ἰησοῦς,
1637 1464 1753 1514 καῖο

123 1556 151 1579 “
174 1548 439 1617 πιστεύσῃς
477 1551 525 1599 ἐν
551 1552 609 1617 τῇ
643 1548 810 1617 καρδίᾳ
846 1571 938 1599 σου
974 1548 1045 1599 ὅτι
1076 1549 1101 1598 ὁ
1129 1545 1251 1601 Θεὸς
1282 1546 1467 1613 ἤγειρεν
1494 1544 1637 1596 αὐτὸν
1663 1546 1714 1596 ἐκ

122 1639 150 1662 “
176 1636 362 1699 νεκρῶν,
394 1629 615 1700 σωθήσῃ·
655 1631 823 1699 καρδίᾳ
850 1629 943 1697 γὰρ
976 1629 1247 1682 πιστεύεται
1287 1633 1350 1683 εἷς
1389 1627 1709 1692 δικαιοσύνην,

123 1720 150 1744 “
175 1713 382 1778 στόματι
408 1713 455 1765 δὲ
488 1714 788 1780 ὁμολογεῖται
820 1715 882 1766 εἰς
915 1712 1204 1778 σωτηρίαν.”
1258 1709 1372 1762 ὅλον
1407 1709 1503 1776 γὰρ
1528 1710 1640 1774 ἡμῖν
1665 1711 1714 1760 ἐν

53 1826 103 1851 20
122 1796 301 1850 τούτοις
338 1796 502 1862 ὁρᾶται
540 1794 594 1847 τὸ
632 1798 716 1860 τῆς
754 1795 996 1855 εὐσεβείας
1034 1792 1312 1860 μυστήριον.
1365 1794 1475 1844 ἀλλ’
1505 1793 1591 1847 ἕως
1628 1791 1715 1855 μὲν

123 1880 253 1931 οὔπω
274 1881 357 1943 τῆς
384 1877 608 1945 ἡμετέρας
633 1876 973 1944 ὑπεραθλήσας
997 1876 1115 1942 ζωῆς
1141 1875 1223 1927 τὸν
1251 1878 1333 1938 τῆς
1360 1873 1541 1942 σαρκὸς
1568 1873 1713 1926 θάνα-

123 1984 206 2012 τον
232 1961 471 2026 ὑπέμεινεν
498 1962 522 2011 ὀ
549 1959 783 2027 Χριστὸς,
811 1957 1009 2024 ἥπλωτό
1038 1981 1139 2012 πως
1165 1958 1231 2009 ἔτι
1259 1956 1305 2010 τό
1338 1957 1710 2026 καταπέτασμα·

123 2041 303 2110 ἐκράτει
341 2041 436 2108 γὰρ
468 2042 534 2093 ε”τι
572 2045 656 2106 τῆς
689 2040 809 2093 κατὰ
848 2041 990 2105 νόμον
1016 2042 1210 2104 ἐντολῆς
1237 2040 1265 2104 ἡ
1293 2040 1501 2103 δύναμις.
1556 2038 1713 2102 ἐπειδὴ

124 2124 174 2176 δὲ
208 2124 365 2176 πάντα
402 2121 657 2176 τετέλεστο
695 2122 755 2175 τὰ
789 2125 864 2175 ε’πὶ
896 2126 1099 2192 Χριστῷ
1139 2121 1425 2187 τολμήματα
1462 2120 1593 2188 παρὰ
1632 2123 1714 2185 τῆς

55 2230 103 2267 25
122 2207 361 2258 Ἰουδαίων
399 2205 718 2271 ἀνοσιότητος,
758 2208 834 2256 καὶ
878 2204 1048 2256 λοιπὸν
1090 2202 1314 2274 ἐξέπνευσε
1359 2204 1413 2253 δι’
1455 2203 1595 2267 ἡμᾶς,
1637 2205 1712 2254 καὶ

123 2295 261 2340 τοῦτο
296 2287 463 2340 παθὼν
499 2289 524 2339 ὁ
548 2285 874 2351 Ἐμμανουὴλ,
903 2286 1059 2353 καιρὸς
1095 2285 1153 2351 ἦν
1187 2285 1276 2350 ἤδη
1309 2283 1755 2353 περιῤῥήγνυσθαιᾶ

124 2370 293 2423 λοιπὸν
318 2370 372 2422 τὸ
399 2373 595 2438 ἀρχαῖον
621 2371 764 2421 ἐκεῖνο
794 2371 869 2421 καὶ
894 2368 1055 2421 πλατὺ
1082 2368 1445 2432 καταπέτασμα,
1474 2367 1709 2429 τουτέστι,

124 2452 210 2518 τὴν
235 2458 319 2504 τοῦ
352 2457 542 2515 νομικοῦ
579 2451 857 2518 γράμματος
887 2450 1173 2520 ἀσφάλειαν,
1201 2451 1277 2501 καὶ
1318 2451 1713 2515 ἀπογυμνοῦσθαι

125 2540 222 2589 τοῖς
254 2533 330 2585 διὰ
362 2535 568 2587 πίστεως
606 2533 911 2599 ἡγιασμένοις
949 2535 997 2584 ἐν
1035 2536 1237 2602 Χριστῷ
1277 2535 1359 2596 τῆς
1397 2532 1619 2598 ἀληθείας
1657 2531 1712 2582 τὸ

55 2637 105 2673 3ο
125 2616 321 2671 κάλλος.
376 2616 585 2684 σχίζεται
613 2614 661 2666 δὲ
689 2615 851 2667 διόλου
878 2614 932 2666 τὸ
959 2614 1315 2678 καταπέτασμα,
1342 2613 1395 2665 τὸ
1423 2612 1516 2680 γάρ
1530 2613 1713 2665 ἸΑνωθεν

127 2698 205 2753 ἕως
237 2699 362 2750 κατω
388 2698 436 2749 τί
458 2697 516 2748 ἂν
543 2698 700 2764 ἕτερον
726 2698 836 2761 ἡμῖν
862 2697 890 2762 ἢ
916 2702 1053 2748 τοῦτο
1079 2697 1328 2761 σημαι’νει;
1370 2698 1444 2747 καὶ
1472 2694 1547 2746 διὰ
1572 2696 1713 2747 ποίαν

176 2824 207 2861 7.
232 2815 340 2860 βατὴν
357 2816 399 2850 Ε.
417 2816 524 2860 μάτην
543 2815 609 2850 Ed.
682 2815 831 2850 τιθέντος
849 2820 1070 2860 assumptum
1090 2826 1131 2848 ex
1155 2814 1193 2849 Ε.
1446 2824 1498 2857 13.
1525 2814 1563 2846 τὸ
1581 2824 1641 2857 pro
1660 2812 1713 2845 καὶ

128 2862 263 2907 Migne.
514 2862 565 2897 16,
593 2877 658 2896 σου
675 2868 898 2906 assumptum
917 2874 958 2895 ex
978 2862 1019 2896 E.
1258 2871 1312 2903 24.
1339 2863 1405 2894 τῶν
1422 2871 1483 2904 pro
1501 2861 1559 2902 τῆς
1577 2859 1712 2902 Migne.

129 2909 185 2942 28.
211 2909 408 2953 ἀσφάλειαν
434 2909 518 2943 E.F.
536 2924 593 2954 γρ.
618 2909 790 2954 ἀσάφειαν
816 2909 922 2951 (recte
948 2914 988 2943 ut
1014 2907 1166 2952 Videtur)
1188 2907 1214 2941 F
1232 2919 1303 2952 mg,
1329 2907 1422 2941 unde
1448 2905 1619 2950 ἀσάφειαν
1647 2904 1712 2938 Ed=

131 2966 185 2999 29.
210 2955 281 3000 διὰ]
308 2962 341 2996 ἦ,
363 2957 421 2999 τῆς
440 2955 505 2990 Ed.
524 2956 632 2991 invito
652 2956 693 2990 E.

890 3014 914 3042 ο
940 3014 959 3043 2
