2012 3272
93 165 160 191 xx.
182 151 247 192 28.
321 151 389 191 IN
432 151 475 191 S.
509 150 851 191 JOANNEM.
916 151 1044 191 LIB.
1080 151 1183 192 XII.
1237 153 1372 193 CAP.
1408 153 1444 192 I.
1596 155 1677 193 149

94 257 328 324 ζητήσεως
366 260 440 309 καὶ
479 258 825 324 ἀκριβεστάτης
863 259 1048 324 ἐρεύνης
1079 261 1103 309 ὁ
1137 264 1230 310 τῶν
1268 261 1415 325 ἁγίων
1453 264 1677 324 μαθητῶν

93 340 275 407 ἔρχεται
314 346 452 402 νοῦς,
497 341 550 390 οὐ
582 339 674 406 γὰρ
700 339 952 408 ἐξήρκεσεν
986 340 1042 391 ἂν
1080 345 1141 394 εἷς
1180 341 1418 410 ἀπόδειξιν
1450 349 1532 393 τοῦ
1563 345 1671 408 ἐγη-

92 421 255 485 γε’ρθαι
291 444 340 471 τε
379 423 476 472 κατ’
515 421 739 485 ἀλήθειαν
780 423 830 472 ἐκ
870 427 1056 487 νεκρῶν,
1092 424 1167 473 καὶ
1208 424 1557 488 ἐπιγνωσθῆναι
1595 424 1678 475 τὸν

96 502 284 568 Κύριον,
306 504 332 566 ἡ
359 509 442 553 τοῦ
468 503 690 566 σώματος
717 503 841 572 ὄψις,
870 505 894 554 ὁ
921 509 1004 554 τοῦ
1030 503 1292 570 προσώπου
1318 504 1574 572 χαρακτὴρ,
1596 509 1678 570 τῆς

48 599 70 636 5
93 584 274 647 ἡλικίας
316 584 369 635 τὸ
409 585 607 650 με’τρον;
662 586 735 635 καὶ
774 585 823 635 τί
858 585 976 651 πρὸς
1013 586 1152 636 τοῦτό
1191 590 1377 654 φαμεν;
1426 588 1506 638 οὐκ
1542 589 1673 639 ἐλευ-

92 665 232 731 θεραν
263 668 544 730 ἐνδοιασμοῦ
582 666 668 730 τὴν
694 667 899 717 διάνοιαν
932 665 1058 735 εἶχον
1094 671 1135 717 οἱ
1175 670 1421 719 θεσπέσιοι
1458 672 1677 734 μαθηταὶ,

92 749 240 798 καίτοι
277 748 541 811 τεθεαμένοι
579 746 661 799 τὸν
698 747 890 814 Κύριον.
945 747 1092 818 ᾤοντο
1130 748 1214 812 μὲν
1253 749 1345 815 γὰρ
1384 751 1467 801 οὐκ
1506 753 1677 802 ἐκεῖνον

92 829 232 880 αὐτὸν
259 829 483 897 ὑπάρχειν
510 829 629 880 κατὰ
663 828 887 894 ἀλήθειαν
912 830 995 881 τὸν
1020 830 1170 881 πάλαι
1205 831 1411 883 συνόντα
1444 855 1493 883 τε
1519 834 1674 886 αὐτοῖς

92 914 167 962 καὶ
203 912 608 974 συνδιαιτώμενον,
648 912 723 962 καὶ
762 914 835 962 ἐπὶ
874 911 1024 980 ξύλου
1064 912 1454 979 κεκρεμασμένον,
1490 921 1712 978 πνεῦμαθ

25 1012 72 1038 10
92 992 140 1044 δὲ
178 997 367 1056 μᾶλλον
406 993 524 1059 πρὸς
562 993 648 1057 τὴν
686 999 768 1044 τοῦ
808 996 1029 1060 Σωτῆρος
1067 995 1220 1045 εἰκόνα
1259 996 1674 1059 διαπεπλασμένον

92 1075 302 1137 ἀστείως,
330 1077 405 1125 καὶ
435 1078 623 1143 μορφῆς
655 1075 708 1139 ἧς
735 1074 912 1142 ᾔδεσαν
939 1075 997 1126 τὰ
1029 1075 1134 1142 ’ίχνη
1160 1075 1466 1145 ψευδόμενον.
1517 1080 1670 1129 κατώ-

91 1159 264 1206 λισθον
300 1155 448 1221 γεμὴν
484 1160 546 1210 εἰς
584 1155 638 1207 τὸ
670 1158 790 1208 οὕτω
824 1161 1030 1225 φρονεῖν,
1059 1158 1141 1208 οὐκ
1175 1160 1393 1225 ἀφορμῆς
1417 1182 1542 1212 τινος
1568 1161 1677 1227 δίχα

90 1241 172 1301 τῆς
217 1240 279 1291 εἰς
319 1243 457 1288 τοῦτο
503 1237 744 1302 καλούσης
789 1238 1010 1304 εὐλόγως.
1077 1240 1234 1303 ἐπειδὴ
1286 1238 1334 1290 δὲ
1385 1244 1478 1290 τῶν
1524 1244 1678 1307 θυρῶν

93 1319 432 1382 κεκλεισμένων
462 1319 742 1388 παραδόξως
780 1319 1025 1384 εἰσήλασε,
1053 1326 1136 1371 τοῦ
1169 1321 1372 1386 γεώδους
1405 1324 1480 1372 καὶ
1517 1346 1673 1390 παχυ-

23 1422 72 1461 15
93 1401 227 1467 τέρου
274 1401 496 1463 σώματος
545 1399 631 1465 τὴν
675 1403 969 1469 ἀποχρῶσαν
1011 1403 1136 1471 αὐτῷ
1179 1402 1424 1468 ζητοῦντος
1475 1403 1676 1466 εἴσοδον,

92 1485 168 1533 καὶ
206 1483 261 1533 τὸ
292 1487 522 1533 τοσοῦτον
556 1482 890 1549 ἀνευρύνεσθαι
924 1482 1006 1537 τὰς
1042 1488 1136 1534 τῶν
1170 1485 1415 1548 δωματίων
1450 1484 1678 1546 εἰσβολὰς

91 1563 446 1629 ἀναγκάζοντος,
473 1563 590 1614 ὅσον
614 1563 668 1615 τὸ
700 1563 903 1616 ἑκάστου
935 1565 1130 1630 μέγεθος
1162 1565 1272 1633 ἔχει·
1322 1572 1570 1633 τοιγαροῦν
1602 1568 1678 1617 καὶ
1697 1582 1902 1618 a1108A.

90 1644 284 1712 σφόδρα
321 1646 566 1712 χρησίμως
599 1647 624 1696 ὁ
661 1646 835 1712 Κύριος
873 1647 1004 1710 ἡμῶν
1029 1647 1217 1711 Ἰησοῦς
1248 1649 1273 1698 ὁ
1301 1648 1530 1714 Χριστὸς,
1558 1650 1672 1700 ἀπε-

91 1728 313 1791 γύμνωσε
353 1726 438 1789 μὲν
475 1732 541 1796 τῷ
576 1731 730 1796 Θωμᾷ
767 1727 853 1792 τὴν
891 1727 1116 1794 πλευρὰν,
1155 1728 1215 1779 τὰ
1255 1728 1303 1780 δὲ
1343 1730 1391 1779 ἐν
1435 1733 1493 1798 τῇ
1534 1732 1677 1796 σαρκὶ

23 1834 73 1860 20
91 1808 334 1875 τραύματα
365 1809 567 1872 καθίστη
594 1812 815 1878 διαφανῆ,
843 1808 1024 1863 πάντας
1050 1811 1110 1861 δι’
1139 1811 1308 1862 ἐκείνου
1332 1815 1672 1879 πληροφορῶν.

91 1888 236 1952 μόνου
276 1889 360 1953 μὲν
400 1889 493 1956 γὰρ
532 1895 614 1940 τοῦ
656 1892 792 1956 ἁγίου
829 1895 982 1955 Θωμᾶ
1017 1892 1206 1961 φέρεται
1240 1890 1386 1957 λόγος
1421 1892 1583 1943 ςίἘιῖιν
1609 1893 1674 1957 μὴ
1738 1903 1845 1945 Supra

91 1977 119 1999 ‘⁶
143 1970 282 2032 βάλω
316 1971 399 2025 τὰς
430 1971 586 2039 χεῖράς
623 1996 715 2036 μου
748 1975 823 2024 καὶ
862 1973 944 2024 ’ίδω
969 1972 1077 2027 τοὺς
1104 1974 1276 2028 τύπους
1299 1979 1394 2025 τῶν
1428 1975 1571 2039 ἥλων,
1599 1976 1675 2025 καὶ
1736 1956 1870 1988 vem&

92 2060 119 2082 ‘⁶
144 2053 283 2114 βάλω
321 2053 407 2117 τὴν
439 2054 571 2121 χεῖρά
608 2077 698 2118 μου
741 2058 802 2108 εἰς
839 2054 925 2119 τὴν
962 2055 1175 2121 πλευρὰν
1213 2056 1367 2118 αὐτοῦ,
1399 2057 1451 2108 οὐ
1489 2056 1554 2121 μὴ
1589 2080 1671 2108 πι-

92 2140 119 2163 “
145 2134 376 2197 στεύσω,”
417 2137 528 2186 ἀλλ’
555 2134 613 2200 ἧν
642 2159 742 2189 πως
774 2135 927 2188 ἅπασι
962 2137 1094 2188 κοινὰ
1128 2137 1187 2188 τὰ
1225 2141 1306 2201 τῆς
1346 2139 1675 2204 ὀλιγοπιστίας

23 2240 71 2278 25
91 2215 385 2282 ἐγκλήματα,
413 2219 488 2266 καὶ
522 2221 616 2267 τῶν
655 2217 821 2268 ἄλλων
853 2222 1078 2281 μαθητῶν
1110 2219 1192 2269 οὐκ
1226 2219 1317 2287 ἔξω
1353 2220 1560 2285 θορύβου
1593 2219 1677 2270 τὸν

92 2302 201 2348 νοῦν
226 2297 501 2364 εὑρήσομεν,
530 2299 679 2349 καίτοι
713 2300 789 2349 καὶ
824 2301 977 2350 αὐτῶν
1003 2298 1241 2365 λεγόντων
1274 2304 1340 2370 τῷ
1373 2302 1492 2370 ἁγίῳ
1520 2304 1676 2371 Θωμᾷ
1695 2311 1722 2352 b

92 2386 119 2408 “
141 2379 445 2446 Ἑωράκαμεν
493 2378 575 2431 τὸν
622 2380 839 2447 Κύριον.”
906 2381 976 2432 ὅτι
1017 2380 1065 2431 δὲ
1108 2384 1189 2445 τῆς
1233 2383 1454 2446 ἀληθείας
1497 2382 1607 2446 ἡμῖν
1649 2384 1674 2433 ὁ
1737 2401 1790 2433 Ib.

92 2459 236 2526 λόγος
277 2461 360 2511 οὐκ
400 2462 641 2530 ἐξοίχεται,
680 2461 893 2530 χαλεπὸν
938 2461 1070 2513 οὐδὲν
1109 2465 1325 2526 ἐκμαθεῖν
1370 2465 1428 2514 δι’
1477 2462 1542 2514 ῶν
1582 2464 1673 2533 ἔφη

948 2549 968 2559 a

91 2546 196 2607 περὶ
233 2541 411 2593 τούτων
450 2545 474 2594 ὁ
507 2548 626 2598 θεῖος
664 2544 773 2607 ἡμῖν
809 2548 994 2597 Λουκας
1030 2551 1056 2574 “
1076 2548 1241 2595 Ταῦτα
1267 2543 1359 2611 γὰρ
1385 2546 1539 2596 αὐτῶν
1577 2553 1668 2596 λα-
1736 2559 1862 2609 S-Luc-

7 2642 74 2680 -30
94 2630 121 2653 ‘⁵
144 2623 366 2686 λούντων,
395 2626 558 2693 φησὶν,
585 2625 700 2689 ἔστη
733 2627 781 2676 ἐν
814 2626 947 2695 με’σῳ
975 2626 1173 2676 αὑτῶν·”
1214 2626 1352 2680 αὐτὸς
1378 2627 1426 2678 δὲ
1453 2627 1673 2692 δηλονότι
1735 2613 1854 2686 {2223-

92 2702 318 2770 Χριστός·
384 2712 410 2734 “
431 2708 506 2756 καὶ
544 2705 670 2771 λέγει
711 2708 865 2760 αὐτοῖς
903 2706 1080 2773 Εἰρήνη
1122 2709 1241 2771 ὑμῖν.
1306 2702 1583 2772 πτοηθέντες
1625 2709 1672 2759 δὲ

94 2791 122 2813 “
145 2787 221 2835 καὶ
255 2785 457 2854 ἔμφοβοι
493 2786 732 2853 γενόμενοι
767 2787 955 2840 ἐδόκουν
979 2794 1163 2852 πνεῦμα
1189 2793 1392 2856 θεωρεῖν.
1447 2792 1522 2840 καὶ
1543 2788 1673 2840 ,εἶπεν

140 2901 174 2935 3.
200 2891 282 2925 κατὰ
299 2891 341 2926 Ε.
632 2892 665 2927 6.
691 2893 751 2937 τὴν
768 2900 994 2939 assumptum
1014 2906 1057 2928 ex
1076 2894 1118 2928 E.
1406 2895 1458 2929 16.
1485 2895 1523 2929 τὸ
1541 2906 1611 2928 om.
1631 2894 1673 2929 E.

96 2946 150 2970 22.
175 2936 307 2983 χεῖρας]
328 2935 418 2982 οἶμαι
436 2937 495 2972 τὸν
512 2938 680 2974 δάκτυλόν
696 2954 761 2984 μου
781 2940 807 2974 F
824 2952 896 2986 mg.
972 2942 1098 2976 τόπους
1116 2941 1158 2975 Ε.
