1986 3282
93 130 349 188 xix.23,24.
455 135 523 175 IN
566 135 608 176 S.
643 134 983 176 JOANNEM.
1047 135 1311 176 L113.xn.
1629 137 1681 174 87

160 245 184 286 ἡ
230 245 371 302 Γραφιὲ
418 250 629 306 ΠλΗρωθιῇ
675 248 698 289 ἡ
744 249 924 295 λὲΓουσα
967 247 1275 305 Διεμερίσαντο
1318 247 1368 288 τὰ
1416 245 1559 296 ἱμάτιά
1603 261 1682 294 μου

160 327 344 380 ἑαυτοῖς,
385 330 453 371 καὶ
492 330 563 372 ἐπὶ
603 330 675 374 τὸν
715 329 938 380 ἱματισμόν
978 346 1058 380 μου
1102 331 1258 382 ἔβαλον
1301 336 1469 388 κλῆρον·
1523 329 1561 372 οἱ
1605 330 1681 379 μὲν

159 409 233 454 οὖν
271 414 531 470 στρατιῶται
568 417 696 456 ταῦτα
732 415 956 459 &nomem

168 528 472 590 Διενείμαντο
511 528 595 591 μὲν
629 536 663 580 οἱ
701 529 967 599 στρατιῶτοιι
1008 528 1067 582 rga
1105 535 1189 582 τοῦ
1230 532 1450 596 Σωτῆρος
1492 527 1678 596 ἱμάτια,

51 616 73 656 5
93 611 435 675 θηριοπρεποῦς
469 610 746 677 ἀγριότητος
781 614 858 663 καὶ
892 615 976 677 τῆς
1012 612 1209 677 ἐνούσης
1241 613 1397 665 αὐτοῖς
1430 612 1682 677 ἀπανθρω-

91 691 201 744 πιάς
239 693 316 742 καὶ
353 698 492 744 τοῦτο
530 693 786 747 δεικνύντες
820 700 1034 759 σημεῖον.
1099 696 1148 745 ἐν
1179 695 1271 746 ἔθει
1308 693 1401 760 γάρ
1439 716 1539 747 πως
1578 694 1723 743 ἐστὶο

91 777 188 827 τοῖς
227 779 486 829 κολασταῖς
524 776 697 840 ἥκιστα
734 774 821 839 μὲν
857 778 1083 841 ἐπαλγεῖν
1121 781 1222 831 ταῖς
1260 781 1355 828 τῶν
1390 775 1683 841 κατακρίτων

90 856 445 923 ταλαιπωρίαις,
486 857 808 925 ἀπηνέστερον
853 858 903 910 δὲ
954 858 982 924 ἢ
1027 862 1270 925 προσῆκεν
1315 856 1420 909 ἔσθ’
1463 856 1539 908 ὅτε
1586 862 1683 911 τοῖς

91 939 519 1003 προστεταγμένοις
558 941 813 1006 ὑπηρετεῖν,
840 942 916 991 καὶ
954 945 1052 994 ταῖς
1092 945 1187 992 τῶν
1219 939 1508 1008 πασχόντων
1542 941 1682 991 ε’παν-

26 1037 74 1064 10
93 1018 330 1087 δρίζεσθαι
373 1025 658 1091 συμφοραῖς,
699 1024 775 1074 καὶ
813 1021 976 1090 ὥσπερ
1014 1023 1120 1075 τινὰ
1160 1027 1339 1090 κλῆρον
1376 1020 1682 1086 καθικόμενον

92 1107 155 1157 εἷς
193 1102 374 1165 αὐτοὺς,
411 1103 467 1172 ἐξ
503 1105 760 1170 ἀναγκαίου
801 1127 851 1155 τε
897 1107 972 1156 καὶ
1019 1105 1217 1169 νομίμου
1262 1103 1426 1171 λόγου,
1465 1103 1549 1155 τὸν
1586 1108 1681 1155 τῶν

92 1185 288 1249 ἱματίων
330 1189 569 1237 ποιεῖσθαι
619 1186 962 1254 σφετερισμόν.
1033 1191 1096 1242 εἷς
1141 1187 1346 1259 τέσσαρσι
1389 1186 1546 1239 τοίνυν
1587 1189 1678 1237 διε-

91 1265 255 1321 λόντες
311 1267 414 1336 μέρη
469 1266 529 1319 τὰ
583 1269 924 1335 διηρπασμένα,
978 1269 1109 1320 σῶόν
1154 1293 1202 1321 τε
1260 1272 1336 1321 καὶ
1393 1267 1681 1334 ἀδιάτμητον

91 1354 290 1415 τηροῦσι
327 1349 411 1401 τὸν
448 1350 541 1401 ἕνα.
612 1351 941 1418 διαῤῥηγνύναι
979 1351 1073 1418 γὰρ
1114 1353 1167 1403 οὐ
1205 1355 1332 1403 δοκεῖ
1364 1350 1418 1403 τὸ
1457 1350 1522 1416 μὴ
1560 1359 1725 1403 παν-(1

26 1447 74 1488 15
91 1436 238 1486 τελῶς
278 1433 494 1499 ἀχρειοῦν
525 1432 704 1498 ἀρέσαν
741 1434 909 1487 αὐτοῖς·
951 1432 1199 1501 κληρωτὸν
1229 1440 1479 1500 τοιγαροῦν
1516 1432 1674 1499 ἐποιή-

91 1537 244 1565 σαντο
286 1516 452 1581 δῶρον.
526 1515 579 1565 οὐ
624 1514 717 1580 γὰρ
763 1515 976 1583 ἐνεχώρει
1021 1516 1304 1585 ψεύσασθαι
1350 1517 1553 1583 λέγοντα
1596 1515 1680 1567 τὸν

91 1595 309 1663 Χριστὸν
341 1595 417 1648 διὰ
450 1599 533 1661 τῆς
567 1602 650 1647 τοῦ
683 1596 965 1666 ψάλλοντος
1001 1601 1162 1666 φωνῆς
1196 1606 1223 1629 “
1243 1600 1586 1666 Διεμερίσαντο
1619 1598 1680 1650 τὰ
1740 1603 1794 1677 {³⁵³-
1814 1603 1881 1634 xxi.

94 1685 123 1708 ‘⁶
150 1676 310 1742 ἱμάτιά
352 1701 442 1741 μου
484 1680 676 1741 ἑαυτοῖς,
714 1680 790 1730 καὶ
835 1681 909 1731 ἐπὶ
951 1678 1035 1731 τὸν
1074 1679 1332 1744 ἱματισμόν
1367 1704 1459 1746 μου
1504 1681 1681 1743 ἔβαλον
1763 1657 1793 1688 9·

94 1766 123 1789 ‘⁶
147 1760 366 1827 κλῆρον.”
407 1762 540 1812 ταυτὶ
565 1760 650 1824 μὲν
675 1761 757 1811 οὖν
783 1758 972 1812 ἅπαντα
997 1766 1375 1832 προανεφωνεῖτο
1409 1764 1678 1831 χρησίμως,

24 1856 74 1883 20
93 1841 147 1892 ἵν’
198 1843 422 1908 εἰδείημεν
470 1843 598 1907 ἡμεῖς
649 1848 750 1897 ταῖς
805 1847 901 1894 τῶν
949 1843 1247 1910 πραγμάτων
1293 1844 1524 1907 ἐκβάσεσι
1574 1844 1683 1899 τοὺς

92 1924 268 1990 λόγους
297 1923 680 1989 συμβάλλοντες,
707 1923 868 1992 ὅτιπερ
902 1925 1040 1980 αὐτός
1075 1928 1206 1978 ἐστιν
1233 1928 1258 1979 ὃ
1293 1927 1681 1994 προηγγελμένος

92 2006 222 2076 ἥξειν
251 2030 302 2059 τε
340 2007 455 2073 ὑπὲρ
493 2008 625 2072 ἡμῶν
664 2008 713 2058 ἐν
750 2011 808 2076 τῇ
847 2009 954 2059 καθ’
989 2009 1110 2073 ἡμᾶς
1148 2008 1299 2073 εἰκόνι,
1329 2011 1404 2061 καὶ
1444 2009 1559 2077 ὑπὲρ
1598 2014 1681 2075 τῆς

92 2087 316 2141 ἁπάντων
358 2090 475 2157 ζωῆς
521 2089 739 2140 τεθνάναι
792 2091 1199 2156 προσδοκώμενος.
1274 2093 1328 2143 οὐ
1371 2090 1464 2159 γὰρ
1509 2091 1566 2156 δή
1610 2113 1720 2148 τιςε

92 2171 303 2236 οἰήσεται
341 2178 450 2223 νοῦν
489 2170 622 2238 ἔχων,
661 2173 723 2225 ὡς
760 2171 989 2239 ἠνέσχετο
1031 2172 1089 2223 ἂν
1127 2175 1202 2224 καὶ
1242 2173 1381 2227 αὐτὸς
1423 2175 1448 2225 ὁ
1491 2173 1676 2241 Σωτὴρ,

25 2269 75 2309 25
93 2253 213 2306 κατὰ
250 2253 336 2319 τὴν
373 2257 468 2305 τῶν
498 2252 737 2304 Ἰουδαίων
775 2255 1048 2318 ἀσυνεσιάν,
1080 2254 1297 2322 διυλίζειν
1335 2254 1418 2307 τὸν
1455 2256 1674 2320 κώνωπα,
1738 2247 1900 2334 21:5⁴⁶ssss

92 2339 309 2391 τουτέστι
346 2338 406 2390 τὰ
444 2337 597 2390 λεπτά
633 2360 684 2389 τε
718 2341 793 2389 καὶ
829 2336 1090 2405 ἶσχνότατα
1122 2342 1218 2389 τῶν
1243 2338 1537 2403 παθημάτων
1560 2362 1678 2406 προ-

93 2426 372 2491 αναφωνεῖν,
412 2423 474 2475 ὡς
515 2421 590 2471 καὶ
634 2422 717 2484 τῆς
760 2424 855 2471 τῶν
894 2419 1088 2482 ἱματίων
1125 2423 1394 2484 μεμνῆσθαι
1433 2424 1675 2486 διανομῆς,

93 2504 361 2555 καταπίνειν
387 2501 437 2553 δὲ
472 2500 636 2569 ὥσπερ
670 2500 756 2566 τὴν
782 2500 1012 2566 κάμηλον,
1038 2501 1256 2554 τουτέστι
1287 2501 1346 2553 τὰ
1380 2502 1570 2569 μεγάλα
1604 2507 1682 2554 καὶ

93 2587 334 2653 ὑπερφερῆ
373 2588 467 2635 τῶν
504 2583 825 2648 τολμημάτων
865 2587 927 2638 εἷς
971 2584 1196 2645 ἀσέβειαν
1234 2584 1288 2634 οὐ
1330 2590 1521 2636 πολλοῦ
1558 2608 1681 2639 τινος

25 2686 76 2723 30
95 2667 298 2737 ἀξιῶσαι
323 2665 486 2732 λόγου,
511 2662 975 2736 προκεχρησμῴδηκε
1001 2664 1050 2717 δὲ
1076 2666 1175 2730 μετ’
1203 2666 1386 2717 ἐκείνων
1411 2668 1486 2717 καὶ
1512 2672 1676 2718 ταῦτα·

142 2813 175 2837 2.
200 2803 351 2842 ἔβαλλον
368 2801 410 2836 Ε.
639 2812 744 2846 4—p.
759 2802 816 2846 89,
830 2809 873 2846 25
891 2801 944 2835 bis
963 2800 1102 2835 exhibet
1122 2800 1309 2846 (nonnulla
1325 2803 1445 2835 tamen
1463 2799 1676 2841 diversitate)

95 2849 138 2883 E.
189 2849 287 2883 Haec
306 2848 349 2892 Ε1
367 2848 412 2891 Ε2
430 2853 620 2888 notantur3
648 2848 789 2893 quando
808 2848 838 2881 E
856 2848 972 2881 solum
989 2853 1132 2881 notatur
1149 2853 1201 2881 est
1220 2847 1261 2890 El
1280 2850 1314 2882 et
1334 2848 1389 2890 E2.
1581 2858 1613 2887 4.
1641 2846 1676 2878 δέ

94 2907 158 2940 pro
175 2896 235 2939 μὲν
254 2895 307 2938 El.
463 2906 496 2940 9.
521 2894 831 2939 προστεταγμένοις
849 2894 890 2928 Ε.
907 2894 1192 2940 προτεταγμένοις
1210 2894 1276 2928 Ed.
1442 2902 1493 2938 15.
1520 2892 1679 2937 ἅχρειοῦν

96 2943 138 2977 Ε.
157 2942 283 2987 ἀχροῦν
302 2941 368 2977 Ed.
467 2941 519 2975 16.
545 2942 603 2976 τὸν
620 2942 771 2986 Χριστὸν
787 2941 931 2987 λέγοντα
949 2941 1087 2976 inverso
1105 2940 1227 2975 ordine
1246 2940 1301 2982 Eg.
