1981 3282
106 154 235 180 FILIUS

161 263 234 298 Sua
270 261 450 303 tribuens,
487 260 566 297 Sibi
605 261 680 309 Ipsi
718 273 866 297 rursum

158 339 202 362 ea
239 339 332 374 quae
368 326 523 374 Templo
563 325 641 362 Suo
679 326 868 374 pertinent

162 394 236 428 150
258 404 288 436 e,
322 393 392 427 151
425 404 457 434 a,
498 391 542 427 cf.
570 393 643 428 178
668 404 698 433 c,
731 394 806 428 375
830 392 865 434 d,

158 458 236 493 376
258 469 290 498 a,
317 459 393 493 485
416 469 448 500 e,
475 459 551 494 549
569 470 599 498 e,
623 459 696 493 631
717 470 747 500 c,
774 459 864 501 632,

159 521 351 567 762cde,
374 522 537 563 763ab,
560 522 718 567 836de‚
741 523 817 558 863
832 534 864 562 c,

156 584 197 621 M
216 588 262 622 71
280 586 371 632 init„
388 586 435 623 iii.
455 588 545 628 493,
564 589 654 628 499,
670 589 761 628 500,
777 588 866 632 525,

158 653 234 687 527
275 651 442 698 quamvis
468 664 544 687 non
573 656 659 687 sunt
682 651 781 687 idem
801 663 866 687 na-

155 720 239 751 tura
252 716 421 752 Verbum
439 721 476 752 et
491 728 625 763 corpus
648 717 719 753 361
732 716 767 757 b,
791 718 867 752 363

155 780 178 816 b
195 793 214 816 c
274 780 493 816 Incarnatus
540 780 693 816 humilia
739 785 868 815 nostra

156 845 232 881 Sua
251 845 338 881 fecit
358 847 431 882 178
447 844 515 886 de,
535 847 610 882 585
651 857 718 880 cur
738 844 865 880 Incar-

153 914 264 945 natus
286 911 359 946 501
384 921 404 945 c
420 909 442 945 d
459 921 479 945 e
520 921 605 944 cum
634 908 766 944 ceteris
795 908 865 943 hu-

154 974 304 1010 milibus
338 974 491 1016 nostris,
519 979 555 1010 et
587 973 686 1015 colit,
720 973 866 1009 etiamsi

156 1051 303 1087 semper
355 1039 489 1075 colitur
532 1038 618 1086 Ipse
655 1040 742 1084 185,
778 1040 864 1079 186,

158 1106 232 1141 190
246 1104 270 1140 b
312 1104 543 1152 objectiones
564 1103 774 1139 refutantur
790 1105 864 1140 186

154 1169 324 1206 d—190.
395 1169 483 1204 Vide
506 1169 730 1210 Incarnatio,
749 1168 867 1204 Verbi

153 1234 252 1279 unio,
275 1232 415 1270 Christi
437 1232 594 1281 Corpus.

99 1299 214 1335 Filius
231 1304 254 1318 ‘⁶
267 1298 450 1335 Patrem”
465 1298 567 1340 dicit,
582 1298 632 1334 Se
648 1311 728 1334 esse
743 1299 864 1334 Deum

153 1363 384 1400 subinnuens
412 1365 486 1400 185
509 1375 543 1405 a,
570 1365 646 1399 213
669 1363 705 1405 d,
732 1365 809 1400 214
831 1375 863 1404 c,

158 1431 259 1466 1010
276 1429 299 1464 b
339 1429 460 1465 Deum
482 1428 570 1464 dicit
589 1433 768 1476 tanquam
784 1429 866 1464 Ho-

152 1506 214 1530 mo
244 1495 320 1530 845
338 1506 370 1537 e,
401 1493 449 1530 iii.
479 1495 568 1535 378,
599 1495 676 1530 380

153 1622 202 1659 Se
235 1623 432 1659 nobiscum
467 1636 740 1660 connumerans
775 1624 865 1660 dicit

153 1690 229 1725 599
247 1701 278 1735 e,
301 1690 377 1725 856
393 1689 428 1724 b.

149 1819 270 1855 fectus
299 1823 337 1854 et
365 1819 477 1854 Pater
497 1820 574 1855 493
594 1819 631 1860 b,
661 1821 750 1860 522,
780 1821 857 1855 524

150 1883 250 1919 Patri
271 1883 600 1919 consubstantialis
621 1885 709 1926 496,
733 1886 809 1921 674
826 1897 859 1926 a,

150 1951 226 1985 832
248 1948 271 1984 b
285 1948 352 1985 cd.

95 2012 209 2048 Filius
263 2012 389 2048 omnia
446 2012 577 2054 sciens,
632 2013 859 2050 humanitati

149 2077 248 2113 Suae
275 2077 509 2125 ignorantiae
531 2078 693 2114 formam
715 2079 860 2127 effingit
894 2066 895 2084 ³

149 2144 226 2178 529
241 2154 273 2183 e,
302 2142 347 2179 cf.
368 2142 416 2178 iii.
440 2144 530 2184 584,
553 2145 630 2179 585
688 2144 857 2179 onmium
893 2133 895 2142 “

149 2208 244 2248 Rex,
280 2219 426 2254 semper
459 2213 502 2243 ut
533 2208 659 2254 Deus3
694 2221 715 2244 a
745 2208 856 2245 Patre

147 2272 220 2308 hoc
251 2271 435 2319 accipiens
465 2278 507 2308 ut
541 2272 668 2308 Homo
695 2275 770 2310 963
793 2287 813 2310 c
833 2275 858 2310 d

148 2349 192 2374 ea
211 2349 304 2385 quae
324 2342 367 2372 ut
387 2337 515 2373 Homo
535 2338 667 2386 accipit
686 2344 729 2375 ut
749 2340 852 2376 Deus

145 2401 313 2450 possidet
334 2404 409 2439 972
428 2415 460 2438 a.

93 2467 177 2503 Filii
210 2473 367 2515 “genus
402 2467 561 2503 sumus”
588 2468 673 2516 quia
705 2482 855 2506 carnem

146 2537 316 2568 nostram
335 2532 489 2580 suscipit
506 2533 573 2570 Ille
590 2536 665 2571 653
680 2547 700 2570 c
714 2535 738 2570 d
784 2548 854 2572 nos

145 2597 185 2633 in
223 2597 312 2645 Ipso
349 2610 416 2645 per
455 2598 576 2634 carnis
619 2599 854 2637 identitatem

147 2664 224 2698 823
239 2674 270 2704 c,
290 2662 337 2700 cf.
356 2665 456 2699 1003
474 2676 495 2699 a
532 2663 646 2700 Filius
673 2665 767 2701 filios
787 2678 856 2702 nos

145 2727 258 2763 efficit
290 2726 334 2762 M
359 2729 376 2763 1
445 2728 530 2775 Ipse
566 2729 605 2764 in
642 2729 749 2766 nobis
789 2743 857 2779 per

146 2792 328 2840 Spiritum
349 2793 425 2828 823
441 2792 477 2836 d,
494 2795 571 2830 824
585 2794 621 2836 b,
644 2797 720 2832 933
735 2808 757 2831 a
789 2809 855 2832 no·

650 143 862 179 INDEX
922 144 1164 180 RERUM.

744 1493 865 1529 “Nos
898 1532 900 1544 Ι

152 1565 302 1607 oportet
330 1558 505 1607 operari¹’
531 1564 709 1606 tanquam
737 1558 865 1594 Homo
898 1549 900 1567 ⁴

144 2857 202 2893 bis
218 2857 255 2892 in
272 2857 444 2893 omnibus
463 2858 646 2905 primitiae
663 2862 740 2896 956
753 2873 774 2896 a
786 2861 809 2897 b
824 2874 854 2903 c,

146 2924 220 2959 981
240 2934 270 2964 c,
296 2924 395 2959 1003
413 2922 448 2964 b,
472 2922 512 2958 M
529 2925 577 2960 76
600 2921 651 2974 [p.
670 2922 775 2975 308}
797 2926 852 2962 M.
889 2947 890 2953 ,

1625 148 1701 183 629

992 266 1014 298 5
1032 262 1123 304 init„
1141 263 1189 299 iii.
1206 265 1294 308 365,
1314 266 1401 308 378,
1420 266 1496 300 384
1514 269 1551 300 ct
1565 263 1639 301 vita
1654 266 1697 301 M

992 330 1040 363 74
1056 328 1117 364 fin.
1156 328 1192 363 in
1210 328 1265 363 Eo
1286 329 1560 364 sanctificamur
1576 335 1613 365 ct
1634 342 1702 365 nos

991 393 1100 429 998d
1134 391 1281 441 Corpus
1296 393 1414 429 Suum
1429 394 1700 442 ceuTcmplum

989 457 1211 494 inhabitavit
1231 458 1344 494 Filius
1367 461 1442 495 343
1460 472 1481 494 a
1523 459 1601 495 Sibi
1622 460 1703 495 nni-

990 522 1043 558 vit
1059 522 1100 558 M
1118 526 1234 566 lnot„
1251 523 1300 561 iii.
1318 526 1394 560 364
1439 523 1566 559 Homo
1582 524 1703 561 factus

991 588 1095 624 Deus
1134 600 1281 636 semper
1311 588 1359 625 iii.
1388 590 1477 631 364,
1506 591 1595 634 444,
1624 592 1701 626 474

991 652 1189 688 vivificavit
1205 653 1313 689 Pater
1328 666 1394 701 per
1407 654 1539 689 Filium
1553 657 1654 690 1102
1671 668 1702 699 e,

995 720 1096 754 1103
1114 730 1135 753 a
1177 718 1358 754 Filietatis
1387 718 1533 754 initium
1564 732 1702 755 novum

991 783 1122 819 habuit
1141 783 1188 820 iii.
1206 785 1282 820 365
1325 783 1360 819 in
1385 784 1494 821 Patre
1515 785 1703 832 quomodo

991 849 1068 885 819
1090 848 1114 884 d
1177 849 1364 896 quomodo
1407 849 1604 897 cognoscit
1636 850 1703 885 Pa-

988 918 1083 949 trem
1105 915 1183 950 450
1197 913 1231 949 d.

935 978 1050 1014 Filius
1080 978 1214 1026 accipit
1243 983 1284 1014 ut
1310 978 1424 1014 homo
1454 991 1475 1014 a
1501 984 1606 1026 patre
1635 992 1702 1015 suo

989 1043 1179 1079 hominem
1207 1056 1288 1079 esse
1318 1043 1449 1092 accipit
1476 1046 1547 1080 171
1568 1057 1599 1087 a,
1623 1047 1700 1081 220

990 1121 1021 1150 e,
1047 1110 1121 1145 221
1140 1121 1160 1144 a
1219 1109 1389 1156 spiritum
1423 1122 1492 1158 pro
1523 1115 1605 1146 toto
1638 1123 1703 1158 ge—

989 1185 1077 1209 nere
1115 1173 1281 1209 humano
1315 1176 1389 1211 991
1414 1187 1447 1216 e,
1485 1176 1561 1211 998
1584 1187 1617 1217 c,
1653 1175 1702 1211 iii.

991 1240 1066 1274 378
1117 1238 1179 1274 dat
1209 1238 1319 1286 idque
1349 1252 1424 1275 non
1454 1239 1638 1276 serviliter
1658 1238 1702 1276 M

991 1304 1052 1340 86.

936 1367 1049 1403 Filius
1078 1368 1223 1416 accipit,
1255 1368 1402 1416 quando
1436 1369 1551 1405 homo
1580 1369 1701 1406 factus

988 1439 1044 1468 est
1065 1435 1135 1469 171
1154 1433 1221 1475 de,
1247 1436 1319 1470 172
1335 1433 1403 1475 ad,
1429 1436 1501 1470 173
1517 1446 1550 1475 a,
1573 1436 1650 1470 220
1666 1447 1700 1478 a,

990 1500 1066 1534 224
1089 1499 1124 1540 d,
1168 1501 1245 1535 253
1276 1512 1308 1542 e,
1350 1502 1426 1536 963
1449 1500 1471 1535 d
1493 1513 1525 1542 e,
1567 1503 1644 1537 975
1667 1514 1700 1543 a,

992 1564 1090 1600 1001
1110 1564 1179 1605 be,
1206 1566 1306 1601 1006
1322 1577 1342 1600 a
1380 1565 1513 1613 accipit
1537 1578 1605 1613 pro
1632 1579 1699 1602 no-

988 1628 1044 1664 bis
1069 1631 1169 1666 1003
1185 1642 1218 1665 a.

97 1754 153 1790 Fl
475 1753 492 1789 f
898 1736 900 1762 ἶ
933 1693 1048 1729 Filius
1077 1694 1220 1742 accipit,
1251 1695 1345 1730 sicut
1374 1694 1474 1743 ignis
1503 1695 1622 1731 virtus
1652 1696 1698 1732 ab

128 1754 211 1790 iius
244 1766 321 1789 non
355 1753 473 1801 imper
491 1758 608 1795 ectus,
642 1766 689 1789 ne
723 1753 863 1802 imper·
898 1767 900 1774 ’

987 1758 1074 1807 igne
1103 1758 1237 1807 accipit
1262 1761 1337 1796 225
1357 1772 1376 1795 e
1423 1772 1490 1796 cur
1516 1760 1563 1795 ad
1592 1761 1697 1797 Dex-

985 1828 1080 1858 tram
1103 1824 1305 1859 consedere
1326 1824 1463 1860 dicitur
1484 1826 1560 1860 844
1578 1825 1601 1860 b
1618 1838 1647 1861 c.

896 1905 898 1919 π
931 1886 1044 1924 Filius
1073 1888 1262 1936 quomodo
1297 1889 1432 1924 missus
1462 1892 1535 1926 168
1554 1890 1589 1936 d,
1621 1892 1697 1927 169

982 1954 1235 2000 ab,197cd‚
1267 1956 1343 1991 366
1361 1954 1383 1990 b
1401 1968 1432 1996 c,
1456 1957 1532 1991 413
1553 1955 1586 1997 b,
1617 1957 1695 1992 555

983 2019 1018 2065 b,
1054 2021 1130 2056 670
1153 2033 1183 2062 a,
1218 2021 1352 2063 6711),
1388 2022 1465 2057 689
1489 2034 1521 2064 a,
1557 2023 1634 2058 904
1659 2021 1696 2063 b,

983 2087 1059 2121 965
1082 2085 1104 2121 b
1125 2098 1157 2126 e,
1180 2088 1257 2121 994
1275 2098 1296 2121 a
1341 2086 1530 2133 quomodo
1560 2086 1697 2121 sancti-

982 2150 1115 2186 ficatus
1137 2152 1210 2186 671
1230 2163 1250 2185 c
1266 2150 1288 2186 d
1309 2163 1340 2195 e,
1370 2151 1449 2186 vide
1479 2151 1698 2186 sanctificat

982 2215 1204 2251 Incarnatus
1258 2227 1301 2251 ea
1349 2227 1442 2262 quae
1502 2215 1694 2251 hominem

981 2280 1253 2315 transcendunt
1275 2279 1379 2316 Patri
1404 2280 1545 2323 tribuit,
1568 2293 1697 2329 quam-

981 2344 1036 2380 vis
1075 2344 1199 2380 omnia
1246 2357 1312 2392 per
1349 2345 1478 2392 Ipsum
1526 2346 1696 2393 operanti

982 2411 1057 2445 367
1079 2409 1102 2445 b
1130 2422 1162 2450 c,
1192 2409 1233 2445 M
1259 2411 1319 2452 11,
1351 2413 1398 2447 75
1429 2411 1493 2446 fin.
1531 2410 1640 2446 discit
1674 2424 1696 2447 a

981 2475 1102 2516 Patre,
1147 2474 1186 2510 id
1233 2480 1290 2511 est
1337 2475 1457 2511 Patris
1506 2475 1694 2512 Naturam

980 2538 1095 2577 Suam
1132 2539 1246 2575 habet
1280 2541 1356 2577 528
1385 2540 1410 2576 d
1440 2553 1460 2576 e
1524 2541 1695 2576 similiter

981 2604 1127 2640 “scit’'
1167 2609 1346 2653 tanquam
1395 2605 1510 2642 homo
1558 2610 1693 2641 natura

978 2674 1149 2705 naturam
1183 2670 1300 2718 patris
1331 2670 1386 2706 sui
1419 2670 1488 2706 scit
1521 2671 1596 2706 582
1623 2670 1647 2705 d
1673 2682 1693 2706 e

979 2734 1084 2770 audit
1117 2747 1138 2770 a
1168 2735 1291 2776 Patre,
1326 2734 1364 2770 id
1404 2740 1460 2771 est
1495 2735 1693 2782 cognoscit

980 2800 1057 2835 549
1083 2799 1107 2835 d
1130 2811 1150 2835 e
1201 2807 1239 2835 et
1268 2799 1395 2835 Homo
1424 2799 1546 2836 factus
1573 2801 1649 2835 550
1671 2812 1694 2835 a

979 2862 1029 2900 Se
1056 2864 1272 2906 exinanivit,
1305 2863 1353 2900 Se
1381 2869 1419 2900 et
1445 2864 1623 2901 exaltavit
1643 2864 1692 2903 iii.

982 2930 1070 2965 380.
