1997 3262
81 216 154 258 [86
172 216 251 258 M.]

135 607 201 626 ver.
218 605 232 626 2
241 606 266 626 2.

62 765 167 804 Supra
184 774 250 794 ver.

65 816 114 849 19.

61 1492 93 1522 S.
104 1492 204 1523 Joan.

59 1545 115 1566 xx.
134 1544 184 1566 22.

63 1744 137 1774 Gal.
150 1744 193 1775 iv.
212 1754 258 1785 ¹9·

136 2316 190 2350 87
208 2314 268 2348 Μ.

64 2473 97 2503 S.
108 2473 205 2504 Joan.
223 2472 267 2503 iii.

67 2524 118 2556 33·

287 154 371 193 326
489 153 538 193 Β.
570 153 816 193 CYRILLI
849 152 1198 193 ALEXANDR.
1234 152 1605 193 FRAGMENTA
1664 152 1690 192 i.
1711 165 1757 194 21
1781 167 1866 206 sqq.

289 268 315 290 ‘⁶
341 259 437 326 βάρ
470 259 621 323 Ἰωνᾶ,
647 261 718 311 ὅτι
744 260 879 329 σὰρξ
901 263 975 311 καὶ
1003 260 1118 324 αἷμα
1141 261 1225 312 οὐκ
1250 260 1560 329 ἀπεκάλυψέν
1584 283 1678 324 σοι,
1703 261 1814 312 ἀλλ’
1843 263 1868 312 ὁ

287 349 315 370 “
344 341 514 408 Πατήρ
551 365 641 405 μου
671 344 695 392 ὁ
730 344 778 392 ἐν
808 348 903 396 τοῖς
944 343 1200 408 οὐρανοῖς.”
1248 342 1403 405 ἐπειδὴ
1443 341 1536 407 γὰρ
1574 343 1870 408 παμμέγεθες

286 421 340 474 τὸ
376 424 650 489 μυστήριον,
693 424 824 474 δέοιτ’
866 422 922 474 ἂν
966 422 1150 477 εἰκότως
1194 424 1531 489 μυσταγωγίας
1572 427 1654 487 τῆς
1693 424 1870 475 ἄνωθεν

288 507 362 555 καὶ
388 505 517 571 παρὰ
545 503 747 570 Πατρός·
787 507 984 565 βεβαιοῖ
1011 511 1262 571 τοιγαροῦν
1290 507 1410 573 ἡμᾶς
1438 505 1576 558 αὐτὸς
1603 511 1662 559 εἰς
1690 504 1869 574 Χριττὶν

288 593 305 637 ὁ
335 592 412 637 καὶ
442 585 812 654 σφραγισάμενος
839 588 957 654 ἡμᾶς
986 592 1063 637 καὶ
1091 587 1256 655 χρία-αις
1277 589 1389 641 Θεὶς
1418 592 1494 638 καὶ
1524 584 1620 641 θοὸς
1646 588 1711 637 τόν
1738 589 1869 655 οὶῤῥαι-
1888 606 1911 644 5

287 667 412 726 βῶνοι
446 670 516 718 τοῦ
545 668 816 734 Πνεόμοιτος.
873 667 940 732 εἰἠ
978 669 1024 718 δ’
1060 667 1118 718 ἂν
1156 669 1238 718 οὐκ
1274 668 1550 736 ἀσυμφανές
1589 669 1662 718 καὶ
1702 668 1782 717 διοί
1815 690 1868 732 γε

287 749 466 800 τούτων
491 749 612 812 ἡμῖν,
641 748 710 800 ὅτι
740 747 805 813 μὴ
832 749 1026 816 γε’γονεν
1053 751 1077 800 ὁ
1104 747 1218 803 Υἱὸς
1255 757 1280 779 “
1301 751 1375 800 ναὶ
1408 752 1482 800 καὶ
1523 750 1622 800 οὕ·”
1664 748 1785 803 Θεὸς
1820 748 1869 800 δὲ

285 835 475 894 μᾶλλον
512 830 747 893 ἀληθινὸς,
803 833 876 881 καὶ
916 832 988 899 ἐφ’
1030 830 1183 882 ἅπασι
1226 836 1321 885 τοῖς
1367 833 1561 896 ἀγαθοῖς
1607 838 1635 860 “
1654 832 1703 881 ἐν
1743 831 1868 898 αὐτῷ

285 920 312 941 “
338 913 392 963 τὸ
421 911 535 962 ναί·”
589 915 714 962 Θεοῦ
748 911 841 978 γὰρ
869 913 988 975 ἡμᾶς
1024 912 1300 980 σφραγίσαι
1337 935 1387 962 τε
1421 915 1497 963 καὶ
1531 912 1694 978 χρίσαι
1731 919 1869 977 λεγο-

284 995 436 1057 μένου,
477 992 637 1046 δόντος
674 1015 722 1044 τε
760 992 825 1045 τὶν
863 994 1097 1064 ἀρ’ῥοιβῶνα
1134 996 1207 1045 τοῦ
1250 993 1522 1060 Πνεόμοιτος,
1559 993 1773 1059 Χριστὸς
1811 991 1868 1043 ἂν

285 1075 352 1139 εἴη
390 1074 538 1127 πάλιν
576 1077 600 1125 ὸ
639 1081 787 1126 ταῦτα
824 1080 1022 1141 πληρῶν
1055 1077 1103 1126 ἐν
1135 1075 1262 1139 ἡμῖν,
1306 1077 1393 1143 οὐχ
1433 1077 1735 1141 ὑπουργικῶς,
1764 1076 1868 1125 οὔτε

284 1157 378 1220 μὴν
403 1158 642 1225 ἀλλοτρίῳ
672 1157 937 1223 καταχρίων
963 1179 1010 1206 τε
1037 1157 1156 1220 ἡμᾶς
1191 1159 1266 1207 καὶ
1303 1158 1585 1224 σφραγίζων
1615 1156 1868 1217 Πνεύματι,

284 1237 395 1288 ἀλλ’
423 1240 547 1306 αὐτῷ
585 1241 650 1305 τῷ
690 1239 788 1307 ἰδίῳ
816 1240 890 1288 καὶ
916 1242 982 1306 τῷ
1013 1244 1096 1288 τοῦ
1126 1237 1330 1304 Πατρός·
1379 1240 1427 1288 ἐν
1465 1237 1557 1303 γὰρ
1597 1239 1775 1304 ἀμφοῖν
1812 1236 1867 1287 τὸ

285 1324 478 1382 Πνεῦμα
515 1319 567 1369 τὸ
587 1318 759 1384 ”Αγιον
785 1318 859 1368 διὰ
893 1317 979 1382 τὴν
1010 1320 1272 1383 ταυτότητα
1310 1322 1391 1379 τῆς
1428 1320 1592 1372 οὐσίας
1628 1320 1681 1368 οὐ
1720 1341 1860 1382 μεμε-

282 1401 526 1466 ρισμένως,
554 1402 662 1451 ἀλλ’
692 1403 753 1454 ὡς
778 1402 826 1451 ἐκ
856 1400 1045 1466 Πατρὸς
1073 1400 1128 1450 δι’
1150 1405 1267 1451 Υιοῦ
1293 1404 1452 1465 διῆκον
1479 1402 1551 1451 ἐπὶ
1581 1399 1666 1463 τὴν
1693 1401 1863 1450 κτίσιν·

281 1482 549 1549 ἐνεφύσησε
600 1481 693 1547 γὰρ
744 1487 839 1534 τοῖς
891 1483 1038 1547 ἁγίοις
1091 1481 1380 1535 ἀποστόλοις
1425 1481 1581 1546 λέγων
1632 1489 1659 1510 “
1680 1480 1866 1541 Λάβετε

285 1571 312 1594 “
341 1568 536 1627 Πνεῦμα
568 1564 766 1628 Ἅγιον·”
818 1565 872 1614 δι’
915 1565 1056 1614 αὐτοῦ
1095 1587 1144 1614 τε
1184 1566 1257 1614 καὶ
1299 1565 1346 1614 ἐν
1388 1565 1513 1631 αὐτῷ
1552 1562 1671 1628 πρὸς
1714 1562 1868 1614 εἰκόνα

285 1646 740 1712 κατεσφραγίσμεθα
776 1645 862 1708 τὴν
896 1646 1022 1696 θείαν
1054 1647 1128 1696 καὶ
1169 1645 1351 1708 νοητήν·
1408 1645 1498 1711 ἔφη
1533 1644 1625 1710 γὰρ
1665 1643 1804 1698 αὐτὸς
1842 1645 1866 1694 ὁ

286 1731 404 1780 θεῖος
441 1726 714 1780 ἀπόστολος
755 1727 993 1779 Γαλάταις
1038 1726 1338 1777 ἐπιστέλλων
1384 1734 1410 1756 “
1437 1727 1610 1777 Τεκνία
1645 1749 1749 1788 μου,
1789 1725 1868 1779 οῦς

287 1815 313 1838 “
338 1806 485 1859 πάλιν
511 1809 673 1871 ὠδίνω,
700 1809 833 1876 ἄχρις
864 1808 917 1858 οὗ
950 1809 1185 1875 μορφωθῇ
1212 1807 1426 1873 Χριστὸς
1461 1809 1508 1857 ἐν
1535 1808 1692 1869 ὑμῖν·”
1748 1811 1785 1857 εἰ
1817 1806 1867 1857 δὲ

285 1893 346 1943 εἰς
373 1889 588 1955 Χριστὸν
625 1890 958 1957 μορφούμενοι,
991 1888 1073 1940 τὸν
1112 1893 1233 1940 θεῖον
1271 1890 1319 1938 ἐν
1357 1889 1534 1942 ἑαυτοῖς
1572 1893 1868 1952 πλουτοῦμεν

285 1970 566 2033 εἰκονισμὸν,
584 1969 720 2023 αὐτὸς
747 1971 838 2036 ἄρα
864 1972 994 2021 ἐστὶν
1022 1971 1048 2033 ἡ
1073 1970 1208 2021 εἰκὼν
1234 1976 1316 2020 τοῦ
1334 1974 1459 2020 Θεοῦ
1480 1971 1554 2020 καὶ
1575 1969 1766 2035 Πατρὸς
1792 1972 1867 2021 καὶ

285 2053 312 2114 ἡ
354 2053 548 2118 ἀκριβὴς
589 2052 819 2120 ἐμφέρεια,
867 2055 943 2103 καὶ
994 2053 1048 2101 οὐ
1092 2051 1301 2117 καθάπερ
1347 2052 1474 2114 ἡμεῖς
1518 2050 1637 2102 κατὰ
1681 2051 1868 2120 μέθεξιν

285 2134 525 2198 ἁγιασμοῦ
558 2134 675 2199 πρὸς
712 2133 963 2197 ὁμοιότητα
1000 2134 1294 2196 κεκλημένοι,
1327 2132 1470 2200 φύσει
1497 2132 1545 2183 δὲ
1578 2137 1767 2195 μᾶλλον
1793 2134 1868 2183 καὶ

285 2216 536 2268 οὐσιωδῶς·
587 2215 707 2268 Θεὸς
734 2214 826 2281 γὰρ
853 2217 877 2265 ὁ
905 2215 1047 2283 φύσει
1073 2214 1194 2280 πρὸς
1220 2213 1302 2265 τὸν
1328 2215 1472 2282 φύσει
1500 2237 1549 2264 τε
1577 2217 1650 2264 καὶ
1678 2216 1866 2278 ἀληθῶς

287 2296 411 2346 Θεὸν
437 2298 512 2346 καὶ
538 2298 587 2347 ἐκ
617 2300 699 2360 τῆς
734 2297 876 2347 αὐτοῦ
912 2296 1220 2362 γεγενημένον
1248 2296 1424 2357 οὐσίας,
1452 2296 1582 2346 οὐδὲν
1609 2294 1665 2346 ἂν
1690 2295 1786 2362 ε”χοι
1813 2293 1866 2346 τὸ

286 2377 512 2431 ἀπεοικός·
559 2378 885 2445 ἐσφραγίσθαι
930 2376 977 2427 δὲ
1022 2380 1096 2428 καὶ
1142 2376 1284 2427 αὑτὸν
1328 2377 1458 2442 παρὰ
1505 2383 1588 2428 τοῦ
1628 2381 1752 2427 Θεοῦ
1791 2378 1867 2427 καὶ

432 2458 445 2473 x
530 2460 539 2474 ’
628 2459 639 2472 Ι
899 2461 913 2477 N
997 2460 1007 2473 ff
1181 2459 1192 2474 st
1456 2459 1467 2474 C
1677 2457 1689 2473 Χ
1818 2458 1831 2474 ἱ

291 2462 493 2524 Πατρος,
547 2462 750 2522 Ιωαννης
793 2464 943 2528 φησιν
988 2482 1012 2509 ο
1053 2465 1352 2525 σοφωτατος·
1403 2465 1431 2487 “
1473 2461 1519 2507 O
1565 2464 1731 2518 λαβων
1773 2481 1867 2523 γαρ

288 2547 314 2569 “
341 2540 482 2589 αὐτοῦ
532 2537 618 2602 τὴν
668 2540 930 2604 μαρτυρίαν
981 2539 1279 2607 ἐσφράγισεν
1330 2539 1399 2589 ὅτι
1444 2541 1468 2589 ὁ
1514 2538 1636 2592 Θεὸς
1687 2538 1868 2604 ἀληθής

334 2714 366 2747 9.
384 2703 614 2747 γὰρ-δόντος
639 2702 692 2748 τε]
721 2703 756 2736 δὲ
780 2703 966 2747 λεγομένου
992 2704 1188 2747 σφραγίσαι
1212 2703 1295 2747 ἡμᾶς
1321 2704 1374 2737 καὶ
1399 2703 1519 2748 χρῖσαι
1542 2703 1595 2737 καὶ
1618 2703 1793 2737 δεδωκέναι
1819 2703 1867 2738 Η.

290 2760 343 2782 12.
369 2750 433 2792 μὴν
450 2761 518 2783 om
542 2750 586 2782 H.
638 2749 763 2782 Statim
781 2750 969 2793 ἀλλοτρίως
987 2750 1077 2794 (Sic)
1100 2750 1145 2783 H.
1374 2760 1459 2783 12—2
1465 2761 1497 2793 3.
1528 2748 1863 2795 κατιιχρίων-κατὰ]

286 2797 392 2839 χρίων
408 2810 568 2838 πνευματι
585 2795 676 2829 ἀλλα
693 2798 738 2840 τῷ
763 2796 834 2841 ἰδίῳ
853 2796 1055 2840 σφριιγίζων
1072 2795 1113 2829 δι’
1132 2795 1170 2829 οὗ
1187 2797 1272 2839 πρὸς
1297 2795 1406 2829 εἰκόνα
1430 2811 1490 2839 την
1515 2796 1606 2829 θείαν
1631 2797 1866 2841 κατασφραγι-

288 2842 409 2883 ζόμεθα
428 2856 479 2875 και
497 2844 603 2886 μορφ(
605 2840 720 2884 ιυμεθα
738 2856 819 2875 κατα
841 2841 885 2875 Η.
1105 2853 1159 2884 24.
1187 2842 1439 2885 κεκλημενος(
1425 2844 1487 2884 sic)
1506 2850 1538 2875 et
1556 2843 1668 2886 pergit
1685 2857 1711 2875 ει
1729 2857 1795 2886 γαρ
1813 2842 1866 2876 καὶ

287 2889 385 2923 αὐτὸς
402 2890 419 2921 ὁ
438 2890 585 2932 Χριστὸς
609 2889 744 2932 λέγεται
770 2888 1005 2933 ἐσφραγίσθιιι
1031 2903 1112 2921 κατα
1138 2904 1176 2922 το
1198 2888 1379 2932 εἰρημένον,
1406 2890 1423 2921 ὁ
1450 2890 1567 2930 λαβὼν
1591 2889 1692 2922 αὐτοῦ
1718 2889 1795 2933 (29)
1819 2889 1866 2922 H.

289 2934 343 2968 26.
364 2933 600 2979 γεγενημένον]
623 2933 871 2978 Legendumne
888 2934 1150 2979 γεγεννημένοςὲ

1891 1016 1940 1041 10

1888 1833 1938 1858 20
