2017 3252
82 219 271 260 [286M.]

69 358 101 387 S.
120 357 199 387 an.
219 357 251 386 ii.

72 410 121 439 14-

75 758 129 788 ΕΒ.
145 758 199 788 vii.
215 766 263 796 14.

75 924 148 956 Gal.
165 924 210 954 iii.
228 932 277 962 13.

85 1790 173 1824 289
195 1787 257 1823 M.

96 2498 152 2529 Es.
170 2497 191 2528 1.
205 2495 236 2528 6.

289 148 372 190 460
491 148 538 187 B.
573 145 817 187 CYRILLI
853 141 1200 184 ALEXANDR.
1239 140 1668 181 FRAGMENTUM

290 267 301 282 δ

306 261 319 283 ⁶
344 255 604 320 στρατιᾶς”
634 253 717 306 τὰς
753 252 867 318 ὑπὲρ
899 252 1031 315 ἡμῶν
1057 247 1314 312 ἐποιήσατο
1352 249 1682 315 χαριστηρίους
1720 245 1873 316 ᾠδάςς

291 336 365 386 ἐπὶ
391 334 520 403 μόνῳ
544 338 610 404 τῷ
634 333 950 398 Ἐμμανουήλ
978 330 1190 396 εἰρήκασι
1220 337 1248 358 ‘⁶
1270 329 1407 398 Δόξα
1432 331 1479 380 ἐν
1506 330 1727 397 ὑψίστοις
1755 329 1878 396 Θεῷ,

294 424 322 445 “
347 419 422 467 καὶ
465 418 539 467 ε’πί
583 419 670 481 γῆς
712 414 881 481 εἰρήνη,
924 415 972 464 ἐν
1016 410 1278 477 ἀνθρώποις
1322 411 1546 461 εὐδοκία·”
1588 412 1635 460 ἐν
1678 413 1879 461 πολλοῖς

294 499 388 560 οὖν,
416 500 478 551 ὡς
504 498 635 564 ἔφην,
664 497 812 562 ἁγίοις
839 492 1205 556 κατοικήσαντος
1231 497 1313 541 τοῦ
1341 494 1479 552 Θεοῦ,
1506 489 1640 558 ἅπαξ
1668 492 1741 541 ἐπὶ
1765 512 1878 539 συν-

293 579 448 647 τελείᾳ
486 583 580 628 τῶν
613 578 792 628 αἰώνων
828 577 853 625 ὁ
891 580 974 626 τοῦ
1003 578 1128 624 Θεοῦ
1161 572 1317 638 Λόγος
1356 574 1641 636 ἐπιδημῆσαι
1680 572 1879 636 λέγεται,

295 657 431 726 ἅπαξ
464 659 656 724 γέγονεν
690 659 951 722 ἄνθρωπος,
992 657 1067 706 καὶ
1104 656 1210 720 περὶ
1251 653 1351 707 ἑνὸς
1389 655 1414 703 ὁ
1452 652 1700 720 προφήτης
1731 653 1881 721 φησίν

296 748 322 770 “
346 739 468 791 Ἰδοὺ
513 741 540 803 ἡ
585 740 815 806 παρθένος
857 740 906 788 ἐν
950 738 1126 802 γαστρὶ
1175 736 1267 804 ἕξει
1312 737 1386 785 καὶ
1430 734 1608 803 τέξεται
1654 733 1765 797 υἱὸν,
1806 736 1880 784 καὶ

296 829 324 851 “
351 821 612 873 καλέσουσι
656 822 710 872 τὸ
756 821 903 883 ὄνομα
950 820 1092 869 αὐτοῦ
1133 815 1489 880 Ἐμμανουήλ·”
1535 815 1597 869 εἷς
1641 817 1761 879 ἡμᾶς
1807 817 1883 865 καὶ

296 902 438 966 μόνος
465 910 491 932 ‘⁵
512 902 804 972 ἐξηγόρασεν
844 903 894 952 ἐκ
939 904 1020 964 τῆς
1066 899 1269 965 κατοίρας
1310 904 1392 949 τοῦ
1434 897 1596 960 νόμου,
1638 896 1883 963 γενόμενος

298 992 326 1014 “
356 984 470 1050 ὑπὲρ
506 985 635 1049 ἡμῶν
670 984 890 1050 κατάρα·”
932 982 1012 1032 ἕνα
1051 980 1244 1031 δέδωκεν
1268 978 1385 1030 Υἰὸν
1417 978 1531 1046 ὑπὲρ
1565 980 1696 1043 ἡμῶν
1721 979 1746 1028 ὁ
1774 982 1880 1029 Πα-

298 1065 402 1132 τήρ·
460 1065 522 1119 εἷς
565 1065 679 1119 Υἱὸς
722 1067 921 1116 τέθεικεν
965 1062 1081 1128 ὑπὲρ
1126 1062 1258 1125 ἡμῶν
1299 1060 1384 1124 τὴν
1429 1062 1548 1112 ἰδίαν
1587 1059 1768 1128 ψυχήν·
1823 1058 1885 1112 εἶς

299 1148 574 1213 ἐσταυρώθη
615 1149 689 1197 καὶ
735 1147 920 1207 ἀνεβίω,
961 1150 1044 1195 τοῦ
1084 1142 1287 1194 θανάτου
1328 1142 1547 1207 πατήσας
1592 1142 1646 1193 τὸ
1692 1140 1878 1207 κράτος.

301 1230 468 1280 οὐκοῦν
505 1231 553 1279 ἐν
591 1231 733 1294 σαρκὶ
772 1226 1003 1293 γεγονότα
1043 1225 1162 1276 κατὰ
1201 1223 1435 1289 ἀλήθειαν,
1474 1223 1621 1290 ἤγουν
1659 1223 1885 1274 ἑνωθέντα

300 1314 358 1379 τῇ
397 1313 539 1377 σαρκὶ
578 1310 659 1361 τὸν
691 1315 774 1360 τοῦ
800 1313 924 1359 Θεοῦ
953 1306 1113 1372 Λόγον
1138 1305 1522 1372 ἐπιγινώσκομεν·
1565 1307 1640 1355 καὶ
1679 1305 1760 1355 οὐκ
1797 1303 1883 1353 ἄν·

304 1397 495 1459 θρωπον
520 1390 638 1442 εἶναι’
660 1395 815 1459 φαμεν
843 1389 1073 1457 θεοφόρον
1099 1388 1180 1439 τὸν
1199 1387 1523 1451 Ἐμμανουήλ·
1565 1388 1888 1451 ὁμολογοῦμεν

304 1474 352 1526 δὲ
392 1473 463 1525 ὅτι
502 1473 623 1527 Θεὸς
662 1471 727 1523 ὧν
766 1471 923 1540 φύσει,
957 1470 1148 1538 μορφὴν
1187 1469 1359 1520 δούλου
1396 1467 1577 1531 λαβὼν,
1612 1469 1775 1534 γε’γονε
1814 1469 1890 1517 καὶ

307 1555 402 1610 υἱὸς
440 1554 706 1621 ἀνθρώπου·
766 1554 847 1605 καί
888 1555 1018 1604 ἐστιν
1058 1554 1083 1602 ὁ
1123 1551 1261 1606 αὐτὸς
1292 1550 1411 1604 Θεός
1449 1574 1496 1602 τε
1537 1552 1653 1613 ὁμοῦ
1691 1551 1765 1600 καὶ
1805 1548 1886 1598 ἄν·

306 1642 505 1705 θρωπος.

420 1880 506 1921 Τοῦ
543 1879 662 1927 ἀπίου
703 1879 904 1937 Κυρίλλου
940 1880 988 1923 ἐκ
1025 1882 1102 1920 τῆς
1139 1878 1246 1935 Πρὸς
1284 1872 1561 1933 ἀλεξανὸρεῖο
1598 1873 1781 1923 ὁμιλίας.

375 1986 574 2037 ’Έτεκεν
603 1987 708 2050 ἡμῖν
741 1986 769 2050 ἡ
807 1985 1035 2051 παρθένος
1074 1983 1156 2035 τὸν
1189 1982 1511 2047 Ἐμμανουήλ,
1536 1980 1655 2032 κατὰ
1692 1979 1776 2044 μὲν
1809 1978 1894 2043 τὴν

314 2067 512 2133 θεότητα
539 2068 792 2131 ὁμοούσιον
814 2071 880 2136 τῷ
906 2070 1074 2133 Πατρῖ,
1096 2065 1215 2117 κατὰ
1242 2064 1289 2116 δὲ
1310 2064 1394 2128 τὴν
1421 2060 1761 2129 ἀνθρωπότητα
1788 2061 1896 2124 ἡμῖν

314 2150 583 2215 ὁμοούσιον·
625 2150 744 2201 κατὰ
782 2149 868 2214 τὴν
906 2150 1116 2214 θεότητα,
1149 2151 1324 2212 ἀπαθῆ,
1366 2146 1483 2198 κατὰ
1521 2145 1607 2209 τὴν
1645 2143 1891 2211 ἀνθρωπό-

315 2256 445 2296 τητα,
477 2231 705 2295 παθητόν.
758 2236 795 2283 εἰ
835 2231 928 2298 γὰρ
967 2232 1040 2282 καὶ
1080 2234 1320 2281 οἰκειοῦται
1358 2234 1441 2280 τοῦ
1473 2229 1638 2279 οἰκείου
1675 2226 1897 2288 σώματος

316 2313 375 2364 τὰ
413 2313 542 2377 ποίθη
582 2315 606 2364 ὁ
640 2312 760 2366 Θεὸς
788 2313 945 2378 Λόγος
986 2313 1062 2362 καὶ
1106 2315 1166 2365 εἰς
1207 2309 1371 2361 ἑαυτὸν
1410 2309 1644 2377 ἀναφέρει,
1672 2305 1803 2358 ἀλλά
1841 2329 1896 2373 γε

317 2395 454 2447 αὐτὸς
493 2395 744 2458 μεμένηκεν
783 2397 830 2444 ἐν
867 2399 963 2448 τοῖς
1001 2396 1083 2457 τῆς
1122 2393 1345 2444 ἀπαθείας
1384 2390 1523 2456 ὅροις·
1566 2388 1653 2439 κᾶν
1690 2388 1898 2456 ἀκούσῃς

320 2477 460 2526 αὐτοῦ
498 2476 719 2541 λε’γοντος
755 2474 995 2526 “”Εδωκα
1027 2473 1110 2525 τὸν
1136 2472 1283 2524 νῶτόν
1312 2495 1402 2536 μου
1436 2475 1498 2524 εἰς
1537 2469 1787 2535 μάστιγας,
1814 2469 1898 2523 τὰς

367 2618 399 2648 4.
426 2605 534 2650 ἁγίοις
551 2605 594 2639 ὡς
611 2605 698 2649 ἔφην
714 2605 852 2638 inverso
870 2603 991 2637 ordine
1009 2604 1030 2637 i.
1186 2614 1238 2636 11.
1266 2602 1351 2636 ἰδίαν
1368 2613 1438 2635 om.
1456 2601 1490 2635 b.
1652 2612 1705 2643 14.
1731 2602 1769 2644 τῇ
1789 2612 1858 2634 om.
1874 2600 1898 2635 i.

322 2664 378 2687 20.
407 2652 655 2695 Fragmentum
682 2650 748 2684 hoc
774 2650 881 2684 edidit
906 2650 1040 2694 primus
1067 2661 1084 2682 e
1110 2649 1291 2693 Euthymii
1318 2648 1484 2692 Zigabeni
1513 2647 1678 2691 Panoplia
1703 2646 1900 2691 dogmatica

322 2699 374 2732 tit.
398 2697 438 2731 16
460 2697 552 2741 (cod.
573 2697 650 2730 Vat.
675 2708 773 2741 1904.
792 2697 849 2730 fol.
869 2696 933 2740 54)
951 2697 986 2729 in
1007 2696 1097 2729 Bibl.
1117 2695 1237 2729 eadem
1255 2695 1302 2729 iii.
1322 2696 1387 2739 289
1410 2694 1516 2738 partis
1545 2693 1687 2727 Latinae
1712 2693 1804 2727 idem
1830 2695 1899 2727 cla-

322 2745 481 2779 rissimus
502 2743 617 2777 Maius
639 2743 777 2787 [Migne
795 2755 827 2776 x.
844 2741 963 2786 1116]:
993 2754 1073 2776 cum
1093 2742 1277 2786 exemplari
1295 2741 1360 2775 alio
1381 2740 1473 2784 (cod.
1494 2740 1530 2774 S.
1547 2739 1722 2774 Laurentii
1742 2740 1900 2773 Escoria-

321 2791 428 2825 lensis
447 2790 490 2824 X.
510 2790 554 2823 iii.
572 2799 604 2833 5,
631 2790 711 2823 olim
740 2789 843 2823 Card.
870 2788 1049 2822 Hurtados
1076 2788 1118 2821 de
1146 2788 1320 2821 Mendoza
1345 2788 1395 2821 tit.
1418 2796 1470 2832 17.
1498 2786 1556 2820 fol.
1577 2789 1643 2820 260
1662 2798 1694 2820 v.
1720 2797 1786 2820 sec..
1810 2785 1898 2828 xiii.)

323 2849 428 2882 quem
453 2848 472 2870 a
497 2836 632 2880 signavi
657 2836 788 2869 contuli
814 2835 897 2882 ipse.
949 2835 1172 2878 Ephraimius
1193 2834 1283 2868 Patr.
1303 2834 1512 2867 Antiochen.
1538 2833 1613 2867 cod.
1632 2843 1697 2877 229
1724 2833 1760 2866 in
1784 2832 1900 2865 Photii

324 2884 417 2917 Bibl.
436 2892 514 2927 205,
534 2883 598 2916 col.
619 2893 631 2916 1
654 2882 712 2916 fin.
732 2882 813 2916 citat
833 2882 870 2915 S.
891 2881 1009 2926 Cyrilli
1027 2892 1126 2924 opus,
1145 2881 1198 2914 καὶ
1216 2881 1251 2915 ἐκ
1269 2883 1328 2915 τοῦ
1345 2880 1422 2924 περὶ
1439 2879 1598 2915 ἀπαθείας
1615 2881 1721 2924 λόγῳ.
1770 2878 1899 2912 Nescio

324 2942 367 2964 an
386 2931 472 2964 sorte
490 2930 556 2963 hoc
574 2928 616 2963 ad
635 2940 723 2974 opus
743 2928 983 2973 supradictum
1002 2927 1183 2973 pertineat.
1374 2937 1429 2962 21,
1454 2926 1515 2971 μὲν
1532 2931 1753 2970 assumptum
1771 2936 1811 2959 ex
1829 2935 1860 2959 a.

1900 588 1921 625 Cn

1907 1003 1957 1029 10

1915 1884 1964 1909 20
