<?xml version="1.0" encoding="UTF-8"?>
<!DOCTYPE html PUBLIC "-//W3C//DTD XHTML 1.0 Transitional//EN"
    "http://www.w3.org/TR/xhtml1/DTD/xhtml1-transitional.dtd">
<html xmlns="http://www.w3.org/1999/xhtml" xml:lang="en" lang="en">
 <head>
  <title>
</title>
<meta http-equiv="Content-Type" content="text/html;charset=utf-8" />
  <meta name='ocr-system' content='tesseract 3.04.00' />
  <meta name='ocr-capabilities' content='ocr_page ocr_carea ocr_par ocr_line ocrx_word'/>
</head>
<body>
  <div class='ocr_page' id='page_1' title='image "./operacyrilli05cyriuoft/operacyrilli05cyriuoft_0370.png"; bbox 0 0 1997 3262; ppageno 0'>
   <div class='ocr_carea' id='block_1_1' title="bbox 67 155 1867 252">
    <p class='ocr_par' dir='ltr' id='par_1_1' title="bbox 67 155 1867 252">
     <span class='ocr_line' id='line_1_1' title="bbox 67 155 1867 252; baseline 0.002 -58"><span class='ocrx_word' id='word_1_1' title='bbox 67 210 81 250; x_wconf 53' lang='grc' dir='ltr'>ἱ</span> <span class='ocrx_word' id='word_1_2' title='bbox 175 211 254 252; x_wconf 74' lang='lat' dir='ltr'>M]</span> <span class='ocrx_word' id='word_1_3' title='bbox 287 155 371 195; x_wconf 84' lang='lat'>356</span> <span class='ocrx_word' id='word_1_4' title='bbox 519 157 567 196; x_wconf 87' lang='lat' dir='ltr'>B.</span> <span class='ocrx_word' id='word_1_5' title='bbox 603 157 850 197; x_wconf 84' lang='lat' dir='ltr'>CYRILLI</span> <span class='ocrx_word' id='word_1_6' title='bbox 888 158 1236 198; x_wconf 82' lang='lat' dir='ltr'><strong>ALEXANDR.</strong></span> <span class='ocrx_word' id='word_1_7' title='bbox 1276 158 1648 213; x_wconf 76' lang='lat' dir='ltr'><strong>FRAGMENTA</strong></span> <span class='ocrx_word' id='word_1_8' title='bbox 1772 174 1808 198; x_wconf 77' lang='lat' dir='ltr'>x,</span> <span class='ocrx_word' id='word_1_9' title='bbox 1834 171 1867 197; x_wconf 78' lang='lat'><strong>1.</strong></span> 
     </span>
     <span class='ocr_line' id='line_1_2' title="bbox 100 219 224 242; baseline 0.016 -2"><span class='ocrx_word' id='word_1_10' title='bbox 100 219 158 240; x_wconf 92' lang='lat'>100</span> <span class='ocrx_word' id='word_1_11' title='bbox 217 235 224 242; x_wconf 91' lang='lat'>.</span> 
     </span>
    </p>
   </div>
   <div class='ocr_carea' id='block_1_2' title="bbox 65 265 1942 1148">
    <p class='ocr_par' dir='ltr' id='par_1_2' title="bbox 66 265 1913 903">
     <span class='ocr_line' id='line_1_3' title="bbox 66 265 1866 334; baseline 0.003 -24"><span class='ocrx_word' id='word_1_12' title='bbox 66 280 147 311; x_wconf 80' lang='lat' dir='ltr'><strong>Hos.</strong></span> <span class='ocrx_word' id='word_1_13' title='bbox 164 280 205 311; x_wconf 86' lang='lat' dir='ltr'><strong>iv.</strong></span> <span class='ocrx_word' id='word_1_14' title='bbox 228 281 256 312; x_wconf 89' lang='lat'>8.</span> <span class='ocrx_word' id='word_1_15' title='bbox 289 266 504 329; x_wconf 80' lang='grc' dir='ltr'>ἱερᾶσθαι</span> <span class='ocrx_word' id='word_1_16' title='bbox 541 266 966 331; x_wconf 76' lang='grc' dir='ltr'>προστεταγμένων</span> <span class='ocrx_word' id='word_1_17' title='bbox 1005 265 1293 331; x_wconf 61' lang='grc' dir='ltr'>ἐςἉμαρτίας</span> <span class='ocrx_word' id='word_1_18' title='bbox 1334 271 1454 315; x_wconf 90' lang='grc' dir='ltr'>λαοῦ</span> <span class='ocrx_word' id='word_1_19' title='bbox 1492 289 1581 329; x_wconf 93' lang='grc' dir='ltr'>μου</span> <span class='ocrx_word' id='word_1_20' title='bbox 1614 265 1866 334; x_wconf 70' lang='grc' dir='ltr'>φάγονται,</span> 
     </span>
     <span class='ocr_line' id='line_1_4' title="bbox 290 346 1867 414; baseline 0.002 -20"><span class='ocrx_word' id='word_1_21' title='bbox 290 352 316 374; x_wconf 83' lang='grc'><strong>“</strong></span> <span class='ocrx_word' id='word_1_22' title='bbox 344 347 418 394; x_wconf 77' lang='grc' dir='ltr'>καὶ</span> <span class='ocrx_word' id='word_1_23' title='bbox 456 347 504 396; x_wconf 89' lang='grc' dir='ltr'>ἐν</span> <span class='ocrx_word' id='word_1_24' title='bbox 538 350 638 399; x_wconf 84' lang='grc' dir='ltr'>ταῖς</span> <span class='ocrx_word' id='word_1_25' title='bbox 667 347 860 399; x_wconf 78' lang='grc' dir='ltr'>ἀδικίαις</span> <span class='ocrx_word' id='word_1_26' title='bbox 891 347 1044 396; x_wconf 79' lang='grc' dir='ltr'>αὐτῶν</span> <span class='ocrx_word' id='word_1_27' title='bbox 1081 346 1321 413; x_wconf 78' lang='grc' dir='ltr'>λήψονται</span> <span class='ocrx_word' id='word_1_28' title='bbox 1357 346 1440 400; x_wconf 80' lang='grc' dir='ltr'>τὰς</span> <span class='ocrx_word' id='word_1_29' title='bbox 1477 346 1638 414; x_wconf 79' lang='grc' dir='ltr'>ψυχας</span> <span class='ocrx_word' id='word_1_30' title='bbox 1672 348 1867 398; x_wconf 82' lang='grc' dir='ltr'>αὐτῶν·”</span> 
     </span>
     <span class='ocr_line' id='line_1_5' title="bbox 287 426 1869 493; baseline 0.003 -18"><span class='ocrx_word' id='word_1_31' title='bbox 287 426 457 490; x_wconf 77' lang='grc' dir='ltr'>ἤσθιον</span> <span class='ocrx_word' id='word_1_32' title='bbox 491 426 583 492; x_wconf 74' lang='grc' dir='ltr'>γὰρ</span> <span class='ocrx_word' id='word_1_33' title='bbox 622 426 680 478; x_wconf 77' lang='grc' dir='ltr'>τὰ</span> <span class='ocrx_word' id='word_1_34' title='bbox 720 426 835 490; x_wconf 75' lang='grc' dir='ltr'>ὑπὲρ</span> <span class='ocrx_word' id='word_1_35' title='bbox 873 429 1111 493; x_wconf 82' lang='grc' dir='ltr'>ἁμαρτιῶν</span> <span class='ocrx_word' id='word_1_36' title='bbox 1144 428 1328 491; x_wconf 84' lang='grc' dir='ltr'>θύματα</span> <span class='ocrx_word' id='word_1_37' title='bbox 1367 427 1485 478; x_wconf 77' lang='grc' dir='ltr'>κατὰ</span> <span class='ocrx_word' id='word_1_38' title='bbox 1524 428 1605 479; x_wconf 79' lang='grc' dir='ltr'>τὸν</span> <span class='ocrx_word' id='word_1_39' title='bbox 1644 428 1800 490; x_wconf 83' lang='grc' dir='ltr'>νόμον,</span> <span class='ocrx_word' id='word_1_40' title='bbox 1827 432 1869 479; x_wconf 79' lang='grc' dir='ltr'>οἱ</span> 
     </span>
     <span class='ocr_line' id='line_1_6' title="bbox 288 509 1871 575; baseline 0.002 -18"><span class='ocrx_word' id='word_1_41' title='bbox 288 513 382 557; x_wconf 79' lang='grc' dir='ltr'>τῶν</span> <span class='ocrx_word' id='word_1_42' title='bbox 433 509 568 558; x_wconf 86' lang='grc' dir='ltr'>θείων</span> <span class='ocrx_word' id='word_1_43' title='bbox 618 509 970 573; x_wconf 84' lang='grc' dir='ltr'>θυσιαστηρίων</span> <span class='ocrx_word' id='word_1_44' title='bbox 1020 511 1292 572; x_wconf 79' lang='grc' dir='ltr'>ἐπιμεληταὶ</span> <span class='ocrx_word' id='word_1_45' title='bbox 1343 512 1418 560; x_wconf 78' lang='grc' dir='ltr'>καὶ</span> <span class='ocrx_word' id='word_1_46' title='bbox 1470 509 1683 560; x_wconf 78' lang='grc' dir='ltr'>διάκονοι.</span> <span class='ocrx_word' id='word_1_47' title='bbox 1748 510 1871 575; x_wconf 72' lang='grc' dir='ltr'>με’γα</span> 
     </span>
     <span class='ocr_line' id='line_1_7' title="bbox 287 589 1913 659; baseline 0.002 -21"><span class='ocrx_word' id='word_1_48' title='bbox 287 591 442 640; x_wconf 92' lang='grc' dir='ltr'>τοίνυν</span> <span class='ocrx_word' id='word_1_49' title='bbox 468 589 588 655; x_wconf 80' lang='grc' dir='ltr'>πρὸς</span> <span class='ocrx_word' id='word_1_50' title='bbox 626 589 855 656; x_wconf 81' lang='grc' dir='ltr'>ἐντροπὴν</span> <span class='ocrx_word' id='word_1_51' title='bbox 888 595 983 643; x_wconf 91' lang='grc' dir='ltr'>τοῖς</span> <span class='ocrx_word' id='word_1_52' title='bbox 1017 589 1231 640; x_wconf 76' lang='grc' dir='ltr'>ἐθέλουσι</span> <span class='ocrx_word' id='word_1_53' title='bbox 1269 593 1491 659; x_wconf 73' lang='grc' dir='ltr'>ῥᾳθυμεῖν</span> <span class='ocrx_word' id='word_1_54' title='bbox 1517 591 1570 641; x_wconf 81' lang='grc' dir='ltr'>τὸ</span> <span class='ocrx_word' id='word_1_55' title='bbox 1611 593 1864 654; x_wconf 83' lang='grc' dir='ltr'>διενθυμεῖ-</span> <span class='ocrx_word' id='word_1_56' title='bbox 1891 610 1913 648; x_wconf 88' lang='grc'><em>5</em></span> 
     </span>
     <span class='ocr_line' id='line_1_8' title="bbox 289 671 1869 738; baseline 0.002 -18"><span class='ocrx_word' id='word_1_57' title='bbox 289 675 404 720; x_wconf 90' lang='grc' dir='ltr'>σθαι</span> <span class='ocrx_word' id='word_1_58' title='bbox 443 676 610 738; x_wconf 79' lang='grc' dir='ltr'>σοφῶς</span> <span class='ocrx_word' id='word_1_59' title='bbox 650 671 720 721; x_wconf 75' lang='grc' dir='ltr'>ὅτι</span> <span class='ocrx_word' id='word_1_60' title='bbox 754 677 849 724; x_wconf 89' lang='grc' dir='ltr'>τοῖς</span> <span class='ocrx_word' id='word_1_61' title='bbox 879 672 1175 737; x_wconf 81' lang='grc' dir='ltr'>ἁμαρτωλοῖς</span> <span class='ocrx_word' id='word_1_62' title='bbox 1202 671 1616 737; x_wconf 86' lang='grc' dir='ltr'>συγκατεδικάσθη</span> <span class='ocrx_word' id='word_1_63' title='bbox 1644 674 1718 723; x_wconf 77' lang='grc' dir='ltr'>καὶ</span> <span class='ocrx_word' id='word_1_64' title='bbox 1746 695 1869 738; x_wconf 86' lang='grc' dir='ltr'>συγ·-</span> 
     </span>
     <span class='ocr_line' id='line_1_9' title="bbox 288 752 1872 821; baseline 0.003 -20"><span class='ocrx_word' id='word_1_65' title='bbox 288 752 562 818; x_wconf 74' lang='grc' dir='ltr'>κεκρέμαται</span> <span class='ocrx_word' id='word_1_66' title='bbox 597 754 649 802; x_wconf 83' lang='grc' dir='ltr'>δι’</span> <span class='ocrx_word' id='word_1_67' title='bbox 680 754 798 816; x_wconf 81' lang='grc' dir='ltr'>ἡμᾶς</span> <span class='ocrx_word' id='word_1_68' title='bbox 824 754 847 803; x_wconf 83' lang='grc' dir='ltr'>ὁ</span> <span class='ocrx_word' id='word_1_69' title='bbox 874 752 937 814; x_wconf 81' lang='grc' dir='ltr'>μὴ</span> <span class='ocrx_word' id='word_1_70' title='bbox 963 753 1091 804; x_wconf 79' lang='grc' dir='ltr'>εἰδὼς</span> <span class='ocrx_word' id='word_1_71' title='bbox 1117 758 1342 821; x_wconf 64' lang='grc' dir='ltr'>ἁμαρτίαν</span> <span class='ocrx_word' id='word_1_72' title='bbox 1380 754 1449 805; x_wconf 58' lang='grc' dir='ltr'>&gt;ἵνα</span> <span class='ocrx_word' id='word_1_73' title='bbox 1486 754 1607 821; x_wconf 66' lang='grc' dir='ltr'>ἡμεῖς</span> <span class='ocrx_word' id='word_1_74' title='bbox 1646 753 1872 821; x_wconf 70' lang='grc' dir='ltr'>γενώμεθα</span> 
     </span>
     <span class='ocr_line' id='line_1_10' title="bbox 290 833 1872 903; baseline 0.002 -20"><span class='ocrx_word' id='word_1_75' title='bbox 290 833 535 893; x_wconf 60' lang='grc' dir='ltr'>δικαιοσύνη</span> <span class='ocrx_word' id='word_1_76' title='bbox 564 837 672 885; x_wconf 75' lang='grc' dir='ltr'>Θεοῦ</span> <span class='ocrx_word' id='word_1_77' title='bbox 711 837 747 886; x_wconf 80' lang='grc' dir='ltr'>ἐν</span> <span class='ocrx_word' id='word_1_78' title='bbox 784 839 917 903; x_wconf 72' lang='grc' dir='ltr'>αὐτῷ’</span> <span class='ocrx_word' id='word_1_79' title='bbox 974 836 1304 898; x_wconf 83' lang='grc' dir='ltr'>δεδικαιώμεθα</span> <span class='ocrx_word' id='word_1_80' title='bbox 1342 836 1434 901; x_wconf 79' lang='grc' dir='ltr'>γὰρ</span> <span class='ocrx_word' id='word_1_81' title='bbox 1473 835 1602 901; x_wconf 77' lang='grc' dir='ltr'>παρὰ</span> <span class='ocrx_word' id='word_1_82' title='bbox 1641 841 1723 886; x_wconf 91' lang='grc' dir='ltr'>τοῦ</span> <span class='ocrx_word' id='word_1_83' title='bbox 1749 840 1872 886; x_wconf 78' lang='grc' dir='ltr'>Θεοῦ</span> 
     </span>
    </p>

    <p class='ocr_par' dir='ltr' id='par_1_3' title="bbox 65 916 1942 1148">
     <span class='ocr_line' id='line_1_11' title="bbox 65 916 1873 985; baseline 0.002 -21"><span class='ocrx_word' id='word_1_84' title='bbox 65 935 129 965; x_wconf 74' lang='lat' dir='ltr'><strong>Tit.</strong></span> <span class='ocrx_word' id='word_1_85' title='bbox 148 935 193 965; x_wconf 78' lang='lat' dir='ltr'><strong>iii.</strong></span> <span class='ocrx_word' id='word_1_86' title='bbox 208 942 238 974; x_wconf 84' lang='lat'>5·</span> <span class='ocrx_word' id='word_1_87' title='bbox 290 916 364 964; x_wconf 77' lang='grc' dir='ltr'>καὶ</span> <span class='ocrx_word' id='word_1_88' title='bbox 394 916 583 981; x_wconf 59' lang='lat' dir='ltr'><strong>How-pb?</strong></span> <span class='ocrx_word' id='word_1_89' title='bbox 610 923 638 944; x_wconf 72' lang='lat'>‘⁶</span> <span class='ocrx_word' id='word_1_90' title='bbox 655 917 736 966; x_wconf 77' lang='grc' dir='ltr'>οὐκ</span> <span class='ocrx_word' id='word_1_91' title='bbox 763 916 817 984; x_wconf 76' lang='grc' dir='ltr'>ἐξ</span> <span class='ocrx_word' id='word_1_92' title='bbox 841 916 989 982; x_wconf 61' lang='grc' dir='ltr'>ἔργων</span> <span class='ocrx_word' id='word_1_93' title='bbox 1009 921 1103 967; x_wconf 81' lang='grc' dir='ltr'>τῶν</span> <span class='ocrx_word' id='word_1_94' title='bbox 1130 918 1177 967; x_wconf 85' lang='grc' dir='ltr'>ἐν</span> <span class='ocrx_word' id='word_1_95' title='bbox 1203 917 1474 985; x_wconf 81' lang='grc' dir='ltr'>δικαιοσύνῃ</span> <span class='ocrx_word' id='word_1_96' title='bbox 1502 916 1566 967; x_wconf 77' lang='grc' dir='ltr'>ὧν</span> <span class='ocrx_word' id='word_1_97' title='bbox 1586 916 1873 981; x_wconf 85' lang='grc' dir='ltr'>ἐποιήσαμεν</span> 
     </span>
     <span class='ocr_line' id='line_1_12' title="bbox 291 997 1942 1063; baseline 0 -17"><span class='ocrx_word' id='word_1_98' title='bbox 291 1003 317 1024; x_wconf 73' lang='grc'><em>“</em></span> <span class='ocrx_word' id='word_1_99' title='bbox 348 997 483 1059; x_wconf 75' lang='grc' dir='ltr'>ἡμεῖς,</span> <span class='ocrx_word' id='word_1_100' title='bbox 512 998 641 1047; x_wconf 77' lang='grc' dir='ltr'>ἀλλὰ</span> <span class='ocrx_word' id='word_1_101' title='bbox 681 998 800 1048; x_wconf 71' lang='grc' dir='ltr'>κατὰ</span> <span class='ocrx_word' id='word_1_102' title='bbox 838 997 891 1049; x_wconf 80' lang='grc' dir='ltr'>τὸ</span> <span class='ocrx_word' id='word_1_103' title='bbox 918 997 1045 1049; x_wconf 75' lang='grc' dir='ltr'>πολὺ</span> <span class='ocrx_word' id='word_1_104' title='bbox 1072 999 1214 1049; x_wconf 82' lang='grc' dir='ltr'>αὐτοῦ</span> <span class='ocrx_word' id='word_1_105' title='bbox 1242 997 1406 1053; x_wconf 74' lang='grc' dir='ltr'>ἐ’λεος”</span> <span class='ocrx_word' id='word_1_106' title='bbox 1448 998 1523 1050; x_wconf 79' lang='grc' dir='ltr'>διὰ</span> <span class='ocrx_word' id='word_1_107' title='bbox 1561 999 1765 1052; x_wconf 86' lang='grc' dir='ltr'>πίστεως</span> <span class='ocrx_word' id='word_1_108' title='bbox 1791 1002 1873 1063; x_wconf 80' lang='grc' dir='ltr'>τῆς</span> <span class='ocrx_word' id='word_1_109' title='bbox 1895 1022 1942 1047; x_wconf 93' lang='lat'>10</span> 
     </span>
     <span class='ocr_line' id='line_1_13' title="bbox 291 1081 578 1148; baseline 0.003 -20"><span class='ocrx_word' id='word_1_110' title='bbox 291 1081 338 1128; x_wconf 79' lang='grc' dir='ltr'>ἐν</span> <span class='ocrx_word' id='word_1_111' title='bbox 365 1082 578 1148; x_wconf 71' lang='grc' dir='ltr'>Χριστῷ.</span> 
     </span>
    </p>
   </div>
   <div class='ocr_carea' id='block_1_3' title="bbox 70 1228 1872 1294">
    <p class='ocr_par' dir='ltr' id='par_1_4' title="bbox 70 1228 1872 1294">
     <span class='ocr_line' id='line_1_14' title="bbox 70 1228 1872 1294; baseline 0.002 -20"><span class='ocrx_word' id='word_1_112' title='bbox 70 1232 169 1281; x_wconf 76' lang='grc' dir='ltr'>Κεφ·</span> <span class='ocrx_word' id='word_1_113' title='bbox 197 1228 233 1269; x_wconf 68' lang='grc' dir='ltr'>ι’·</span> <span class='ocrx_word' id='word_1_114' title='bbox 290 1236 422 1277; x_wconf 73' lang='grc' dir='ltr'>Αὐτὸς</span> <span class='ocrx_word' id='word_1_115' title='bbox 461 1237 506 1278; x_wconf 75' lang='grc' dir='ltr'>δὲ</span> <span class='ocrx_word' id='word_1_116' title='bbox 544 1237 628 1284; x_wconf 58' lang='lat' dir='ltr'>&amp;seb</span> <span class='ocrx_word' id='word_1_117' title='bbox 665 1239 830 1279; x_wconf 75' lang='grc' dir='ltr'>Παῦλος</span> <span class='ocrx_word' id='word_1_118' title='bbox 868 1238 1110 1293; x_wconf 75' lang='grc' dir='ltr'>Παρακαλῶ</span> <span class='ocrx_word' id='word_1_119' title='bbox 1148 1239 1255 1286; x_wconf 67' lang='grc' dir='ltr'>ὑμᾶς</span> <span class='ocrx_word' id='word_1_120' title='bbox 1300 1237 1367 1278; x_wconf 74' lang='grc' dir='ltr'>διὰ</span> <span class='ocrx_word' id='word_1_121' title='bbox 1408 1241 1484 1278; x_wconf 60' lang='grc' dir='ltr'>τῆς</span> <span class='ocrx_word' id='word_1_122' title='bbox 1524 1239 1766 1294; x_wconf 75' lang='grc' dir='ltr'>Πρ-αότΗτοε</span> <span class='ocrx_word' id='word_1_123' title='bbox 1805 1237 1872 1278; x_wconf 80' lang='grc' dir='ltr'>καὶ</span> 
     </span>
    </p>
   </div>
   <div class='ocr_carea' id='block_1_4' title="bbox 711 1321 1449 1376">
    <p class='ocr_par' dir='ltr' id='par_1_5' title="bbox 711 1321 1449 1376">
     <span class='ocr_line' id='line_1_15' title="bbox 711 1321 1449 1376; baseline 0 -14"><span class='ocrx_word' id='word_1_124' title='bbox 711 1321 943 1362; x_wconf 69' lang='grc' dir='ltr'>ἐπιεικείας</span> <span class='ocrx_word' id='word_1_125' title='bbox 981 1325 1053 1362; x_wconf 84' lang='grc' dir='ltr'>τοῦ</span> <span class='ocrx_word' id='word_1_126' title='bbox 1093 1322 1271 1376; x_wconf 76' lang='grc' dir='ltr'>Χριστοῦ</span> <span class='ocrx_word' id='word_1_127' title='bbox 1309 1323 1449 1364; x_wconf 87' lang='grc' dir='ltr'>κ,τ.λ.</span> 
     </span>
    </p>
   </div>
   <div class='ocr_carea' id='block_1_5' title="bbox 67 1434 1943 2481">
    <p class='ocr_par' dir='ltr' id='par_1_6' title="bbox 67 1434 1943 2481">
     <span class='ocr_line' id='line_1_16' title="bbox 367 1434 1873 1503; baseline 0.001 -20"><span class='ocrx_word' id='word_1_128' title='bbox 367 1437 556 1484; x_wconf 83' lang='grc' dir='ltr'>Πολλοὶ</span> <span class='ocrx_word' id='word_1_129' title='bbox 609 1434 733 1498; x_wconf 76' lang='grc' dir='ltr'>ἦσαν</span> <span class='ocrx_word' id='word_1_130' title='bbox 783 1440 876 1485; x_wconf 80' lang='grc' dir='ltr'>τῶν</span> <span class='ocrx_word' id='word_1_131' title='bbox 918 1435 1150 1503; x_wconf 80' lang='grc' dir='ltr'>Ἀθήνῃσι</span> <span class='ocrx_word' id='word_1_132' title='bbox 1195 1440 1380 1503; x_wconf 81' lang='grc' dir='ltr'>σοφῶν,</span> <span class='ocrx_word' id='word_1_133' title='bbox 1426 1440 1522 1489; x_wconf 89' lang='grc' dir='ltr'>τοῖς</span> <span class='ocrx_word' id='word_1_134' title='bbox 1565 1437 1613 1485; x_wconf 81' lang='grc' dir='ltr'>ἐν</span> <span class='ocrx_word' id='word_1_135' title='bbox 1655 1435 1873 1503; x_wconf 77' lang='grc' dir='ltr'>Κορίνθῳ</span> 
     </span>
     <span class='ocr_line' id='line_1_17' title="bbox 71 1516 1941 1583; baseline 0.002 -22"><span class='ocrx_word' id='word_1_136' title='bbox 71 1541 81 1561; x_wconf 88' lang='lat'>1</span> <span class='ocrx_word' id='word_1_137' title='bbox 100 1531 272 1563; x_wconf 44' lang='lat'>0012118.</span> <span class='ocrx_word' id='word_1_138' title='bbox 291 1516 684 1578; x_wconf 84' lang='grc' dir='ltr'>συνδιαιτώμενοι,</span> <span class='ocrx_word' id='word_1_139' title='bbox 707 1517 748 1567; x_wconf 74' lang='grc' dir='ltr'>οἳ</span> <span class='ocrx_word' id='word_1_140' title='bbox 773 1520 952 1582; x_wconf 82' lang='grc' dir='ltr'>μωρίαν</span> <span class='ocrx_word' id='word_1_141' title='bbox 974 1518 1174 1583; x_wconf 81' lang='grc' dir='ltr'>ἡγοῦντο</span> <span class='ocrx_word' id='word_1_142' title='bbox 1201 1517 1282 1568; x_wconf 82' lang='grc' dir='ltr'>τὸν</span> <span class='ocrx_word' id='word_1_143' title='bbox 1302 1523 1384 1568; x_wconf 90' lang='grc' dir='ltr'>τοῦ</span> <span class='ocrx_word' id='word_1_144' title='bbox 1410 1520 1626 1582; x_wconf 81' lang='grc' dir='ltr'>Σωτῆρος</span> <span class='ocrx_word' id='word_1_145' title='bbox 1651 1517 1872 1582; x_wconf 86' lang='grc' dir='ltr'>σταυρὸν,</span> <span class='ocrx_word' id='word_1_146' title='bbox 1896 1539 1941 1576; x_wconf 90' lang='lat'>15</span> 
     </span>
     <span class='ocr_line' id='line_1_18' title="bbox 292 1597 1871 1667; baseline 0.002 -21"><span class='ocrx_word' id='word_1_147' title='bbox 292 1599 365 1647; x_wconf 72' lang='grc' dir='ltr'>καὶ</span> <span class='ocrx_word' id='word_1_148' title='bbox 420 1597 501 1648; x_wconf 79' lang='grc' dir='ltr'>τὸν</span> <span class='ocrx_word' id='word_1_149' title='bbox 551 1601 633 1662; x_wconf 79' lang='grc' dir='ltr'>τῆς</span> <span class='ocrx_word' id='word_1_150' title='bbox 685 1600 1001 1650; x_wconf 83' lang='grc' dir='ltr'>θεοπνεύστου</span> <span class='ocrx_word' id='word_1_151' title='bbox 1052 1603 1241 1667; x_wconf 82' lang='grc' dir='ltr'>γραφῆς</span> <span class='ocrx_word' id='word_1_152' title='bbox 1300 1597 1648 1665; x_wconf 73' lang='grc' dir='ltr'>διαγγέλλοντα</span> <span class='ocrx_word' id='word_1_153' title='bbox 1710 1597 1871 1664; x_wconf 89' lang='grc' dir='ltr'>λόγον,</span> 
     </span>
     <span class='ocr_line' id='line_1_19' title="bbox 68 1680 1874 1749; baseline 0.001 -20"><span class='ocrx_word' id='word_1_154' title='bbox 68 1700 153 1730; x_wconf 74' lang='lat' dir='ltr'>Acta</span> <span class='ocrx_word' id='word_1_155' title='bbox 172 1700 226 1749; x_wconf 89' lang='lat' dir='ltr'>SS.</span> <span class='ocrx_word' id='word_1_156' title='bbox 292 1680 499 1745; x_wconf 77' lang='grc' dir='ltr'>ἀγύρτην</span> <span class='ocrx_word' id='word_1_157' title='bbox 527 1682 601 1731; x_wconf 75' lang='grc' dir='ltr'>καὶ</span> <span class='ocrx_word' id='word_1_158' title='bbox 629 1681 969 1746; x_wconf 88' lang='grc' dir='ltr'>σπερμολόγον</span> <span class='ocrx_word' id='word_1_159' title='bbox 997 1682 1113 1743; x_wconf 82' lang='grc' dir='ltr'>ὁμοῦ</span> <span class='ocrx_word' id='word_1_160' title='bbox 1141 1687 1234 1734; x_wconf 86' lang='grc' dir='ltr'>τοῖς</span> <span class='ocrx_word' id='word_1_161' title='bbox 1262 1681 1429 1734; x_wconf 74' lang='grc' dir='ltr'>ἄλλοις</span> <span class='ocrx_word' id='word_1_162' title='bbox 1456 1681 1606 1746; x_wconf 79' lang='grc' dir='ltr'>ἁγίοις</span> <span class='ocrx_word' id='word_1_163' title='bbox 1633 1682 1707 1730; x_wconf 78' lang='grc' dir='ltr'>καὶ</span> <span class='ocrx_word' id='word_1_164' title='bbox 1733 1680 1874 1731; x_wconf 80' lang='grc' dir='ltr'>αὐτὸν</span> 
     </span>
     <span class='ocr_line' id='line_1_20' title="bbox 67 1744 1875 1829; baseline 0.002 -18"><span class='ocrx_word' id='word_1_165' title='bbox 67 1744 134 1817; x_wconf 51' lang='grc' dir='ltr'>ἷζρ</span> <span class='ocrx_word' id='word_1_166' title='bbox 153 1754 231 1774; x_wconf 78' lang='lat' dir='ltr'><strong>xvu.</strong></span> <span class='ocrx_word' id='word_1_167' title='bbox 292 1760 528 1827; x_wconf 76' lang='grc' dir='ltr'>ὠνόμαζον</span> <span class='ocrx_word' id='word_1_168' title='bbox 553 1761 634 1812; x_wconf 79' lang='grc' dir='ltr'>τὸν</span> <span class='ocrx_word' id='word_1_169' title='bbox 660 1762 889 1828; x_wconf 77' lang='grc' dir='ltr'>μακάριον</span> <span class='ocrx_word' id='word_1_170' title='bbox 910 1767 1123 1813; x_wconf 82' lang='grc' dir='ltr'>Παῦλον·</span> <span class='ocrx_word' id='word_1_171' title='bbox 1165 1763 1311 1828; x_wconf 79' lang='grc' dir='ltr'>ἕτεροι</span> <span class='ocrx_word' id='word_1_172' title='bbox 1337 1763 1395 1813; x_wconf 68' lang='grc' dir='ltr'>δέ</span> <span class='ocrx_word' id='word_1_173' title='bbox 1413 1785 1530 1815; x_wconf 92' lang='grc' dir='ltr'>τινες</span> <span class='ocrx_word' id='word_1_174' title='bbox 1555 1767 1650 1812; x_wconf 82' lang='grc' dir='ltr'>τῶν</span> <span class='ocrx_word' id='word_1_175' title='bbox 1671 1764 1720 1813; x_wconf 84' lang='grc' dir='ltr'>ἐκ</span> <span class='ocrx_word' id='word_1_176' title='bbox 1744 1786 1875 1829; x_wconf 88' lang='grc' dir='ltr'>περι-</span> 
     </span>
     <span class='ocr_line' id='line_1_21' title="bbox 291 1843 1874 1911; baseline 0.003 -19"><span class='ocrx_word' id='word_1_177' title='bbox 291 1846 436 1905; x_wconf 80' lang='grc' dir='ltr'>τομῆς</span> <span class='ocrx_word' id='word_1_178' title='bbox 475 1844 821 1911; x_wconf 85' lang='grc' dir='ltr'>κατεπεφύοντο</span> <span class='ocrx_word' id='word_1_179' title='bbox 858 1843 1005 1895; x_wconf 79' lang='grc' dir='ltr'>πάλιν</span> <span class='ocrx_word' id='word_1_180' title='bbox 1041 1849 1135 1895; x_wconf 82' lang='grc' dir='ltr'>τῶν</span> <span class='ocrx_word' id='word_1_181' title='bbox 1161 1843 1554 1906; x_wconf 76' lang='grc' dir='ltr'>πεπιστευκότων,</span> <span class='ocrx_word' id='word_1_182' title='bbox 1582 1846 1874 1899; x_wconf 84' lang='grc' dir='ltr'>ἐπαινοῦντες</span> 
     </span>
     <span class='ocr_line' id='line_1_22' title="bbox 291 1925 1943 1994; baseline 0 -20"><span class='ocrx_word' id='word_1_183' title='bbox 291 1925 376 1988; x_wconf 85' lang='grc' dir='ltr'>τὴν</span> <span class='ocrx_word' id='word_1_184' title='bbox 401 1926 657 1990; x_wconf 88' lang='grc' dir='ltr'>περιτομὴν</span> <span class='ocrx_word' id='word_1_185' title='bbox 684 1929 759 1976; x_wconf 80' lang='grc' dir='ltr'>καὶ</span> <span class='ocrx_word' id='word_1_186' title='bbox 785 1926 868 1979; x_wconf 77' lang='grc' dir='ltr'>τὰς</span> <span class='ocrx_word' id='word_1_187' title='bbox 892 1926 1086 1989; x_wconf 80' lang='grc' dir='ltr'>νομικὰς</span> <span class='ocrx_word' id='word_1_188' title='bbox 1113 1926 1291 1987; x_wconf 81' lang='grc' dir='ltr'>θυσίας,</span> <span class='ocrx_word' id='word_1_189' title='bbox 1319 1925 1607 1994; x_wconf 74' lang='grc' dir='ltr'>ἐξεστηκότα</span> <span class='ocrx_word' id='word_1_190' title='bbox 1633 1948 1682 1976; x_wconf 92' lang='grc' dir='ltr'>τε</span> <span class='ocrx_word' id='word_1_191' title='bbox 1711 1925 1872 1992; x_wconf 78' lang='grc' dir='ltr'>λε’γον-</span> <span class='ocrx_word' id='word_1_192' title='bbox 1894 1949 1943 1974; x_wconf 82' lang='lat'>20</span> 
     </span>
     <span class='ocr_line' id='line_1_23' title="bbox 291 2007 1874 2074; baseline 0.002 -19"><span class='ocrx_word' id='word_1_193' title='bbox 291 2030 363 2059; x_wconf 89' lang='grc' dir='ltr'>τες</span> <span class='ocrx_word' id='word_1_194' title='bbox 403 2007 484 2057; x_wconf 81' lang='grc' dir='ltr'>τὸν</span> <span class='ocrx_word' id='word_1_195' title='bbox 522 2007 749 2073; x_wconf 83' lang='grc' dir='ltr'>μακάριον</span> <span class='ocrx_word' id='word_1_196' title='bbox 790 2011 1001 2070; x_wconf 82' lang='grc' dir='ltr'>Παῦλον,</span> <span class='ocrx_word' id='word_1_197' title='bbox 1042 2011 1104 2061; x_wconf 87' lang='grc' dir='ltr'>ὡς</span> <span class='ocrx_word' id='word_1_198' title='bbox 1149 2013 1244 2061; x_wconf 81' lang='grc' dir='ltr'>τοῖς</span> <span class='ocrx_word' id='word_1_199' title='bbox 1288 2008 1496 2074; x_wconf 82' lang='grc' dir='ltr'>ἀρχαίοις</span> <span class='ocrx_word' id='word_1_200' title='bbox 1544 2008 1874 2071; x_wconf 89' lang='grc' dir='ltr'>θεσπίσμασιν</span> 
     </span>
     <span class='ocr_line' id='line_1_24' title="bbox 291 2088 1868 2156; baseline 0.003 -20"><span class='ocrx_word' id='word_1_201' title='bbox 291 2089 492 2141; x_wconf 80' lang='grc' dir='ltr'>ἀνοσίως</span> <span class='ocrx_word' id='word_1_202' title='bbox 525 2094 750 2152; x_wconf 84' lang='grc' dir='ltr'>πολεμεῖν</span> <span class='ocrx_word' id='word_1_203' title='bbox 775 2090 1019 2156; x_wconf 73' lang='grc' dir='ltr'>ᾑρημένον.</span> <span class='ocrx_word' id='word_1_204' title='bbox 1062 2088 1179 2154; x_wconf 76' lang='grc' dir='ltr'>πρὸς</span> <span class='ocrx_word' id='word_1_205' title='bbox 1214 2090 1261 2140; x_wconf 75' lang='grc' dir='ltr'>δὲ</span> <span class='ocrx_word' id='word_1_206' title='bbox 1302 2088 1407 2142; x_wconf 75' lang='grc' dir='ltr'>τοὺς</span> <span class='ocrx_word' id='word_1_207' title='bbox 1440 2089 1673 2143; x_wconf 85' lang='grc' dir='ltr'>τοιούτους</span> <span class='ocrx_word' id='word_1_208' title='bbox 1706 2113 1868 2155; x_wconf 86' lang='grc' dir='ltr'>παρω-</span> 
     </span>
     <span class='ocr_line' id='line_1_25' title="bbox 289 2169 1873 2237; baseline 0.001 -18"><span class='ocrx_word' id='word_1_209' title='bbox 289 2169 513 2234; x_wconf 81' lang='grc' dir='ltr'>τρύνοντο</span> <span class='ocrx_word' id='word_1_210' title='bbox 542 2170 626 2232; x_wconf 74' lang='grc' dir='ltr'>μὲν</span> <span class='ocrx_word' id='word_1_211' title='bbox 661 2173 733 2220; x_wconf 75' lang='grc' dir='ltr'>καὶ</span> <span class='ocrx_word' id='word_1_212' title='bbox 769 2170 902 2234; x_wconf 82' lang='grc' dir='ltr'>μάλα</span> <span class='ocrx_word' id='word_1_213' title='bbox 942 2169 1124 2223; x_wconf 75' lang='grc' dir='ltr'>εἰκότως</span> <span class='ocrx_word' id='word_1_214' title='bbox 1165 2176 1258 2221; x_wconf 80' lang='grc' dir='ltr'>τῶν</span> <span class='ocrx_word' id='word_1_215' title='bbox 1289 2171 1551 2237; x_wconf 87' lang='grc' dir='ltr'>Κορινθίων</span> <span class='ocrx_word' id='word_1_216' title='bbox 1576 2175 1617 2222; x_wconf 80' lang='grc' dir='ltr'>οἱ</span> <span class='ocrx_word' id='word_1_217' title='bbox 1656 2171 1873 2237; x_wconf 67' lang='grc' dir='ltr'>ζηλωταὶ,</span> 
     </span>
     <span class='ocr_line' id='line_1_26' title="bbox 291 2251 1872 2320; baseline 0.001 -19"><span class='ocrx_word' id='word_1_218' title='bbox 291 2256 446 2317; x_wconf 85' lang='grc' dir='ltr'>χεῖρας</span> <span class='ocrx_word' id='word_1_219' title='bbox 492 2251 539 2302; x_wconf 76' lang='grc' dir='ltr'>δὲ</span> <span class='ocrx_word' id='word_1_220' title='bbox 584 2253 738 2306; x_wconf 79' lang='grc' dir='ltr'>αὐτοῖς</span> <span class='ocrx_word' id='word_1_221' title='bbox 782 2253 1017 2320; x_wconf 73' lang='grc' dir='ltr'>ἐπιφέρειν</span> <span class='ocrx_word' id='word_1_222' title='bbox 1060 2253 1246 2317; x_wconf 69' lang='grc' dir='ltr'>ἤθελον,</span> <span class='ocrx_word' id='word_1_223' title='bbox 1288 2255 1348 2306; x_wconf 86' lang='grc' dir='ltr'>ὡς</span> <span class='ocrx_word' id='word_1_224' title='bbox 1393 2254 1577 2319; x_wconf 79' lang='grc' dir='ltr'>ἐχθροῖς</span> <span class='ocrx_word' id='word_1_225' title='bbox 1621 2258 1703 2303; x_wconf 88' lang='grc' dir='ltr'>τοῦ</span> <span class='ocrx_word' id='word_1_226' title='bbox 1749 2254 1872 2303; x_wconf 87' lang='grc' dir='ltr'>θείου</span> 
     </span>
     <span class='ocr_line' id='line_1_27' title="bbox 292 2332 1940 2401; baseline 0.002 -19"><span class='ocrx_word' id='word_1_227' title='bbox 292 2333 600 2398; x_wconf 83' lang='grc' dir='ltr'>κηρύγματος·</span> <span class='ocrx_word' id='word_1_228' title='bbox 653 2335 807 2398; x_wconf 81' lang='grc' dir='ltr'>ἐπειδὴ</span> <span class='ocrx_word' id='word_1_229' title='bbox 841 2334 888 2385; x_wconf 81' lang='grc' dir='ltr'>δὲ</span> <span class='ocrx_word' id='word_1_230' title='bbox 923 2333 979 2398; x_wconf 82' lang='grc' dir='ltr'>ἧν</span> <span class='ocrx_word' id='word_1_231' title='bbox 1005 2333 1210 2387; x_wconf 75' lang='grc' dir='ltr'>ἀκαλλὲς</span> <span class='ocrx_word' id='word_1_232' title='bbox 1250 2335 1358 2385; x_wconf 89' lang='grc' dir='ltr'>λίαν</span> <span class='ocrx_word' id='word_1_233' title='bbox 1384 2332 1438 2384; x_wconf 80' lang='grc' dir='ltr'>τὸ</span> <span class='ocrx_word' id='word_1_234' title='bbox 1476 2337 1648 2401; x_wconf 81' lang='grc' dir='ltr'>χρῆμα,</span> <span class='ocrx_word' id='word_1_235' title='bbox 1677 2335 1750 2384; x_wconf 78' lang='grc' dir='ltr'>καὶ</span> <span class='ocrx_word' id='word_1_236' title='bbox 1790 2337 1872 2397; x_wconf 84' lang='grc' dir='ltr'>τῆς</span> <span class='ocrx_word' id='word_1_237' title='bbox 1893 2357 1940 2396; x_wconf 90' lang='lat'>25</span> 
     </span>
     <span class='ocr_line' id='line_1_28' title="bbox 71 2414 1872 2481; baseline 0.002 -19"><span class='ocrx_word' id='word_1_238' title='bbox 71 2419 275 2459; x_wconf 49' lang='lat' dir='ltr'>ssim-³2²4</span> <span class='ocrx_word' id='word_1_239' title='bbox 293 2414 440 2477; x_wconf 84' lang='grc' dir='ltr'>ἁγίοις</span> <span class='ocrx_word' id='word_1_240' title='bbox 485 2416 758 2480; x_wconf 83' lang='grc' dir='ltr'>πρεπούσης</span> <span class='ocrx_word' id='word_1_241' title='bbox 810 2417 1048 2469; x_wconf 85' lang='grc' dir='ltr'>ἐπιεικείας</span> <span class='ocrx_word' id='word_1_242' title='bbox 1099 2418 1160 2469; x_wconf 85' lang='grc' dir='ltr'>ὡς</span> <span class='ocrx_word' id='word_1_243' title='bbox 1201 2415 1446 2467; x_wconf 70' lang='grc' dir='ltr'>οἰπωτάτωο</span> <span class='ocrx_word' id='word_1_244' title='bbox 1502 2420 1738 2465; x_wconf 78' lang='grc' dir='ltr'>“Δοῦλον</span> <span class='ocrx_word' id='word_1_245' title='bbox 1779 2415 1872 2481; x_wconf 80' lang='grc' dir='ltr'>γὰρ</span> 
     </span>
    </p>
   </div>
   <div class='ocr_carea' id='block_1_6' title="bbox 72 2472 1872 2564">
    <p class='ocr_par' dir='ltr' id='par_1_7' title="bbox 72 2472 1872 2564">
     <span class='ocr_line' id='line_1_29' title="bbox 72 2473 122 2493; baseline 0.02 -1"><span class='ocrx_word' id='word_1_246' title='bbox 72 2473 87 2492; x_wconf 80' lang='grc'><strong>2</strong></span> <span class='ocrx_word' id='word_1_247' title='bbox 116 2487 122 2493; x_wconf 81' lang='lat'><strong>.</strong></span> 
     </span>
     <span class='ocr_line' id='line_1_30' title="bbox 93 2472 1872 2564; baseline 0.003 -21"><span class='ocrx_word' id='word_1_248' title='bbox 93 2472 109 2503; x_wconf 62' lang='lat'><strong>⁵</strong></span> <span class='ocrx_word' id='word_1_249' title='bbox 292 2501 317 2523; x_wconf 81' lang='lat'>“</span> <span class='ocrx_word' id='word_1_250' title='bbox 349 2497 524 2560; x_wconf 82' lang='grc' dir='ltr'>Κυρίου</span> <span class='ocrx_word' id='word_1_251' title='bbox 550 2498 602 2545; x_wconf 83' lang='grc' dir='ltr'>οὐ</span> <span class='ocrx_word' id='word_1_252' title='bbox 630 2499 700 2546; x_wconf 90' lang='grc' dir='ltr'>δεῖ</span> <span class='ocrx_word' id='word_1_253' title='bbox 720 2496 970 2564; x_wconf 81' lang='grc' dir='ltr'>μάχεσθαι,</span> <span class='ocrx_word' id='word_1_254' title='bbox 998 2497 1116 2548; x_wconf 80' lang='grc' dir='ltr'>κατὰ</span> <span class='ocrx_word' id='word_1_255' title='bbox 1143 2497 1196 2548; x_wconf 78' lang='grc' dir='ltr'>τὸ</span> <span class='ocrx_word' id='word_1_256' title='bbox 1227 2497 1561 2563; x_wconf 75' lang='grc' dir='ltr'>γεγραμμένον,</span> <span class='ocrx_word' id='word_1_257' title='bbox 1590 2498 1699 2547; x_wconf 84' lang='grc' dir='ltr'>ἀλλ’</span> <span class='ocrx_word' id='word_1_258' title='bbox 1732 2497 1872 2561; x_wconf 72' lang='grc' dir='ltr'>ἤπιον</span> 
     </span>
    </p>
   </div>
   <div class='ocr_carea' id='block_1_7' title="bbox 291 2626 1872 2995">
    <p class='ocr_par' dir='ltr' id='par_1_8' title="bbox 291 2626 1872 2995">
     <span class='ocr_line' id='line_1_31' title="bbox 343 2626 1869 2673; baseline 0.002 -15"><span class='ocrx_word' id='word_1_259' title='bbox 343 2636 371 2658; x_wconf 67' lang='lat' dir='ltr'><strong>r.</strong></span> <span class='ocrx_word' id='word_1_260' title='bbox 398 2639 461 2668; x_wconf 89' lang='grc' dir='ltr'>μου</span> <span class='ocrx_word' id='word_1_261' title='bbox 479 2631 702 2668; x_wconf 75' lang='lat' dir='ltr'>assumptum</span> <span class='ocrx_word' id='word_1_262' title='bbox 721 2638 761 2659; x_wconf 79' lang='lat' dir='ltr'>ex</span> <span class='ocrx_word' id='word_1_263' title='bbox 782 2626 830 2659; x_wconf 92' lang='lat' dir='ltr'>H.</span> <span class='ocrx_word' id='word_1_264' title='bbox 999 2638 1029 2660; x_wconf 84' lang='lat'><strong>2.</strong></span> <span class='ocrx_word' id='word_1_265' title='bbox 1058 2628 1277 2671; x_wconf 75' lang='grc' dir='ltr'>καὶ--ψυχὰς</span> <span class='ocrx_word' id='word_1_266' title='bbox 1293 2627 1401 2661; x_wconf 82' lang='grc' dir='ltr'>αυτῶν</span> <span class='ocrx_word' id='word_1_267' title='bbox 1419 2638 1487 2660; x_wconf 89' lang='lat' dir='ltr'>om</span> <span class='ocrx_word' id='word_1_268' title='bbox 1510 2626 1556 2660; x_wconf 82' lang='lat' dir='ltr'>H.</span> <span class='ocrx_word' id='word_1_269' title='bbox 1709 2638 1742 2671; x_wconf 83' lang='lat'>3.</span> <span class='ocrx_word' id='word_1_270' title='bbox 1709 2627 1869 2673; x_wconf 81' lang='grc' dir='ltr'>3ὑπέρ]</span> 
     </span>
     <span class='ocr_line' id='line_1_32' title="bbox 296 2671 1871 2718; baseline 0.003 -14"><span class='ocrx_word' id='word_1_271' title='bbox 296 2676 331 2712; x_wconf 73' lang='lat'>—†-</span> <span class='ocrx_word' id='word_1_272' title='bbox 353 2675 419 2705; x_wconf 82' lang='grc' dir='ltr'>τῶν</span> <span class='ocrx_word' id='word_1_273' title='bbox 438 2671 486 2704; x_wconf 84' lang='lat' dir='ltr'>H.</span> <span class='ocrx_word' id='word_1_274' title='bbox 549 2671 843 2716; x_wconf 43' lang='grc' dir='ltr'>κατα-διάκονοι]</span> <span class='ocrx_word' id='word_1_275' title='bbox 864 2688 893 2706; x_wconf 84' lang='grc' dir='ltr'>(ι</span> <span class='ocrx_word' id='word_1_276' title='bbox 913 2674 1011 2716; x_wconf 80' lang='grc' dir='ltr'>ἱερεῖς</span> <span class='ocrx_word' id='word_1_277' title='bbox 1034 2673 1078 2706; x_wconf 86' lang='lat' dir='ltr'>H.</span> <span class='ocrx_word' id='word_1_278' title='bbox 1185 2674 1264 2715; x_wconf 81' lang='lat' dir='ltr'><strong>4—S.</strong></span> <span class='ocrx_word' id='word_1_279' title='bbox 1290 2673 1461 2717; x_wconf 79' lang='grc' dir='ltr'>μέγα-ἐν</span> <span class='ocrx_word' id='word_1_280' title='bbox 1478 2688 1566 2707; x_wconf 90' lang='grc' dir='ltr'>αυτω</span> <span class='ocrx_word' id='word_1_281' title='bbox 1586 2679 1664 2717; x_wconf 77' lang='lat' dir='ltr'>post</span> <span class='ocrx_word' id='word_1_282' title='bbox 1680 2672 1777 2709; x_wconf 83' lang='grc' dir='ltr'>ε’λεος</span> <span class='ocrx_word' id='word_1_283' title='bbox 1795 2675 1871 2718; x_wconf 76' lang='lat'>(10)</span> 
     </span>
     <span class='ocr_line' id='line_1_33' title="bbox 293 2717 1871 2776; baseline 0.003 -26"><span class='ocrx_word' id='word_1_284' title='bbox 293 2718 490 2776; x_wconf 73' lang='lat' dir='ltr'>transponit</span> <span class='ocrx_word' id='word_1_285' title='bbox 510 2717 557 2752; x_wconf 85' lang='lat' dir='ltr'>H.</span> <span class='ocrx_word' id='word_1_286' title='bbox 725 2728 758 2761; x_wconf 85' lang='lat'>5.</span> <span class='ocrx_word' id='word_1_287' title='bbox 784 2721 854 2753; x_wconf 84' lang='grc' dir='ltr'>τοῖς</span> <span class='ocrx_word' id='word_1_288' title='bbox 875 2719 921 2752; x_wconf 88' lang='grc' dir='ltr'>Η.</span> <span class='ocrx_word' id='word_1_289' title='bbox 940 2720 1052 2754; x_wconf 84' lang='grc' dir='ltr'>αυτοῖς</span> <span class='ocrx_word' id='word_1_290' title='bbox 1072 2719 1136 2753; x_wconf 87' lang='lat' dir='ltr'>Ed.</span> <span class='ocrx_word' id='word_1_291' title='bbox 1315 2729 1345 2763; x_wconf 89' lang='lat'>7.</span> <span class='ocrx_word' id='word_1_292' title='bbox 1371 2719 1535 2763; x_wconf 81' lang='grc' dir='ltr'>ἁμαρτίαν</span> <span class='ocrx_word' id='word_1_293' title='bbox 1556 2721 1602 2753; x_wconf 88' lang='lat' dir='ltr'>H.</span> <span class='ocrx_word' id='word_1_294' title='bbox 1620 2719 1784 2764; x_wconf 85' lang='grc' dir='ltr'>ἁμαρτίας</span> <span class='ocrx_word' id='word_1_295' title='bbox 1802 2720 1871 2755; x_wconf 84' lang='lat' dir='ltr'>Ed.</span> 
     </span>
     <span class='ocr_line' id='line_1_34' title="bbox 293 2764 1872 2810; baseline 0.002 -13"><span class='ocrx_word' id='word_1_296' title='bbox 293 2766 326 2798; x_wconf 86' lang='lat'>8.</span> <span class='ocrx_word' id='word_1_297' title='bbox 353 2764 441 2810; x_wconf 77' lang='grc' dir='ltr'>αὐτῷ</span> <span class='ocrx_word' id='word_1_298' title='bbox 461 2764 533 2798; x_wconf 83' lang='lat' dir='ltr'><strong>des.</strong></span> <span class='ocrx_word' id='word_1_299' title='bbox 555 2764 602 2799; x_wconf 88' lang='lat' dir='ltr'>H.</span> <span class='ocrx_word' id='word_1_300' title='bbox 664 2764 858 2810; x_wconf 81' lang='grc' dir='ltr'>δεδ.-οὐκ]</span> <span class='ocrx_word' id='word_1_301' title='bbox 887 2766 939 2798; x_wconf 83' lang='grc' dir='ltr'>καὶ</span> <span class='ocrx_word' id='word_1_302' title='bbox 966 2765 1035 2798; x_wconf 85' lang='grc' dir='ltr'>δεδ.</span> <span class='ocrx_word' id='word_1_303' title='bbox 1059 2765 1149 2809; x_wconf 87' lang='grc' dir='ltr'>παρὰ</span> <span class='ocrx_word' id='word_1_304' title='bbox 1171 2780 1230 2798; x_wconf 88' lang='grc' dir='ltr'>του</span> <span class='ocrx_word' id='word_1_305' title='bbox 1256 2768 1343 2800; x_wconf 79' lang='grc' dir='ltr'>Θεοῦ</span> <span class='ocrx_word' id='word_1_306' title='bbox 1369 2768 1542 2810; x_wconf 81' lang='grc' dir='ltr'>γενόμενοι</span> <span class='ocrx_word' id='word_1_307' title='bbox 1566 2766 1760 2810; x_wconf 82' lang='grc' dir='ltr'>δικαιοσύνη</span> <span class='ocrx_word' id='word_1_308' title='bbox 1784 2769 1872 2800; x_wconf 86' lang='grc' dir='ltr'>Θεοῦ</span> 
     </span>
     <span class='ocr_line' id='line_1_35' title="bbox 294 2809 1871 2856; baseline 0.003 -13.026"><span class='ocrx_word' id='word_1_309' title='bbox 294 2811 352 2844; x_wconf 73' lang='grc' dir='ltr'>οὐκ</span> <span class='ocrx_word' id='word_1_310' title='bbox 373 2809 419 2844; x_wconf 94' lang='lat' dir='ltr'><strong>H.</strong></span> <span class='ocrx_word' id='word_1_311' title='bbox 574 2823 606 2855; x_wconf 91' lang='lat'>9.</span> <span class='ocrx_word' id='word_1_312' title='bbox 634 2826 668 2844; x_wconf 90' lang='grc' dir='ltr'>εν</span> <span class='ocrx_word' id='word_1_313' title='bbox 685 2810 880 2854; x_wconf 77' lang='grc' dir='ltr'>δικαιοσύνῃ</span> <span class='ocrx_word' id='word_1_314' title='bbox 899 2810 959 2856; x_wconf 75' lang='grc' dir='ltr'>ὧν]</span> <span class='ocrx_word' id='word_1_315' title='bbox 977 2812 1058 2845; x_wconf 86' lang='grc' dir='ltr'>κατὰ</span> <span class='ocrx_word' id='word_1_316' title='bbox 1076 2811 1288 2853; x_wconf 78' lang='grc' dir='ltr'>δικαιοσύνην</span> <span class='ocrx_word' id='word_1_317' title='bbox 1305 2812 1325 2845; x_wconf 82' lang='grc' dir='ltr'>ἃ</span> <span class='ocrx_word' id='word_1_318' title='bbox 1346 2812 1394 2846; x_wconf 89' lang='lat' dir='ltr'><strong>H.</strong></span> <span class='ocrx_word' id='word_1_319' title='bbox 1542 2824 1595 2847; x_wconf 89' lang='lat'>10.</span> <span class='ocrx_word' id='word_1_320' title='bbox 1621 2812 1714 2856; x_wconf 83' lang='grc' dir='ltr'>ἡμεῖς</span> <span class='ocrx_word' id='word_1_321' title='bbox 1731 2824 1801 2847; x_wconf 89' lang='lat' dir='ltr'>om.</span> <span class='ocrx_word' id='word_1_322' title='bbox 1824 2813 1871 2847; x_wconf 88' lang='lat' dir='ltr'>H.</span> 
     </span>
     <span class='ocr_line' id='line_1_36' title="bbox 291 2856 1869 2905; baseline 0.002 -15"><span class='ocrx_word' id='word_1_323' title='bbox 291 2856 404 2902; x_wconf 78' lang='grc' dir='ltr'>ἕλεος]</span> <span class='ocrx_word' id='word_1_324' title='bbox 425 2857 537 2902; x_wconf 76' lang='lat' dir='ltr'>pergit</span> <span class='ocrx_word' id='word_1_325' title='bbox 553 2857 640 2902; x_wconf 85' lang='grc' dir='ltr'>μέγα</span> <span class='ocrx_word' id='word_1_326' title='bbox 658 2857 709 2901; x_wconf 87' lang='lat'>(4)</span> <span class='ocrx_word' id='word_1_327' title='bbox 730 2869 835 2902; x_wconf 86' lang='lat' dir='ltr'>supra</span> <span class='ocrx_word' id='word_1_328' title='bbox 856 2858 902 2892; x_wconf 86' lang='lat' dir='ltr'>H.</span> <span class='ocrx_word' id='word_1_329' title='bbox 1070 2858 1122 2892; x_wconf 85' lang='lat'>16.</span> <span class='ocrx_word' id='word_1_330' title='bbox 1148 2857 1409 2904; x_wconf 83' lang='grc' dir='ltr'>διαγγέλλοντες</span> <span class='ocrx_word' id='word_1_331' title='bbox 1427 2859 1506 2902; x_wconf 83' lang='lat' dir='ltr'>(Sic)</span> <span class='ocrx_word' id='word_1_332' title='bbox 1526 2859 1572 2893; x_wconf 87' lang='lat' dir='ltr'>H.</span> <span class='ocrx_word' id='word_1_333' title='bbox 1741 2860 1793 2893; x_wconf 85' lang='grc'>18.</span> <span class='ocrx_word' id='word_1_334' title='bbox 1817 2858 1869 2905; x_wconf 85' lang='grc' dir='ltr'>ε’κ]</span> 
     </span>
     <span class='ocr_line' id='line_1_37' title="bbox 300 2903 1870 2951; baseline 0.003 -15"><span class='ocrx_word' id='word_1_335' title='bbox 300 2910 331 2942; x_wconf 63' lang='lat'>4—</span> <span class='ocrx_word' id='word_1_336' title='bbox 356 2906 413 2946; x_wconf 83' lang='grc' dir='ltr'>τῆς</span> <span class='ocrx_word' id='word_1_337' title='bbox 435 2903 480 2937; x_wconf 88' lang='grc' dir='ltr'>Η.</span> <span class='ocrx_word' id='word_1_338' title='bbox 714 2915 768 2938; x_wconf 82' lang='lat'><strong>22.</strong></span> <span class='ocrx_word' id='word_1_339' title='bbox 794 2904 967 2949; x_wconf 81' lang='grc' dir='ltr'>εἰρημένον</span> <span class='ocrx_word' id='word_1_340' title='bbox 986 2904 1066 2949; x_wconf 83' lang='lat' dir='ltr'>(sic)</span> <span class='ocrx_word' id='word_1_341' title='bbox 1088 2905 1134 2939; x_wconf 85' lang='lat' dir='ltr'>H.</span> <span class='ocrx_word' id='word_1_342' title='bbox 1364 2917 1418 2950; x_wconf 83' lang='lat'><strong>23.</strong></span> <span class='ocrx_word' id='word_1_343' title='bbox 1444 2906 1504 2950; x_wconf 79' lang='grc' dir='ltr'>μὲν</span> <span class='ocrx_word' id='word_1_344' title='bbox 1520 2910 1743 2951; x_wconf 85' lang='lat' dir='ltr'><strong>assumptum</strong></span> <span class='ocrx_word' id='word_1_345' title='bbox 1762 2917 1804 2940; x_wconf 84' lang='lat' dir='ltr'>ex</span> <span class='ocrx_word' id='word_1_346' title='bbox 1822 2905 1870 2941; x_wconf 91' lang='lat' dir='ltr'>H.</span> 
     </span>
     <span class='ocr_line' id='line_1_38' title="bbox 295 2949 773 2995; baseline 0.002 -12"><span class='ocrx_word' id='word_1_347' title='bbox 295 2950 350 2984; x_wconf 84' lang='lat'>26.</span> <span class='ocrx_word' id='word_1_348' title='bbox 377 2950 602 2986; x_wconf 79' lang='grc' dir='ltr'>ἀτοπωτάτων</span> <span class='ocrx_word' id='word_1_349' title='bbox 621 2949 702 2995; x_wconf 85' lang='lat' dir='ltr'>(Sic)</span> <span class='ocrx_word' id='word_1_350' title='bbox 725 2950 773 2985; x_wconf 88' lang='lat' dir='ltr'>H.</span> 
     </span>
    </p>
   </div>
  </div>
 </body>
</html>
