2012 3272
121 146 187 172 xv.
211 144 262 175 20
284 147 370 187 sqq.
433 134 502 175 IN
539 135 624 177 ΕΡ.
658 137 693 177 1.
731 137 813 178 AD
851 138 1238 182 CORINTHIOS.
1291 142 1406 184 LIB.
1431 145 1482 185 V.
1622 148 1705 189 303

1737 216 1808 257 [73
1825 217 1906 258 M]

118 238 337 302 μάλιστα
375 243 557 308 πρέπον
595 245 721 315 αὐτῷ
754 250 848 297 τῶν
886 247 1142 316 στεφάνων
1175 252 1201 301 ὁ
1237 252 1493 317 διανομεῦς,
1526 255 1703 307 ἐποίσει

117 320 165 371 δὲ
192 321 382 378 πάντως
408 330 503 378 τοῖς
531 328 858 388 δυσσεβοῦσιν
885 328 970 394 τὴν
997 330 1217 383 κόλασιν·
1263 334 1422 400 κρίτης
1449 335 1543 402 γάρ
1569 338 1703 389 ἐστιν

117 405 211 452 τῶν
238 403 365 455 ὅλων
392 407 454 459 ὡς
482 407 618 461 Θεός.

1721 535 1776 570 74
1797 536 1858 572 Μ.

116 578 215 620 Νυνὶ
247 579 293 621 δὲ
320 582 498 638 Χριστὸς
529 583 751 642 &sm-emm
780 586 828 627 ἐκ
857 587 1034 644 νεκρῶν,
1061 588 1232 647 ἀπαρχὴ
1262 591 1348 633 τῶν
1377 597 1699 643 κεκοιμΗμὲνων
1723 616 1771 641 20
1792 618 1872 654 sqq.

733 677 903 725 ὲΓὲνετο
927 683 1069 723 κ.τ.λ.

69 679 92 717 01

184 796 385 864 Δέχεται
425 801 594 852 λοιπὸν
625 804 688 855 ὡς
726 803 1108 869 ὁμολογούμενον
1146 805 1200 858 τὸ
1239 811 1409 875 χρῆναι
1446 810 1694 874 πιστεύειν,

109 879 170 931 ὡς
203 880 372 940 ἀνεβίω
406 881 491 944 μὲν
516 883 745 949 Χριστὸς,
774 888 850 936 καὶ
881 887 1073 952 γε’γονεν
1097 887 1285 958 ἀπαρχὴ
1313 891 1391 942 τῶν
1420 894 1689 961 κεκοιμημέ-

109 983 193 1022 νων,
219 965 405 1026 πρῶτος
430 968 525 1014 τῶν
550 966 625 1016 ἐπὶ
651 969 734 1030 τῆς
760 970 846 1033 γῆς
872 969 1093 1033 πατήσας
1118 969 1201 1022 τὸν
1228 971 1445 1024 θάνατον·
1482 974 1694 1042 καθάπερ

106 1040 267 1105 ἀμέλει
298 1045 373 1094 καὶ
399 1045 423 1095 ὁ
450 1047 710 1115 προπάτωρ
735 1048 894 1113 Ἀδὰμ
925 1055 1112 1117 πρῶτος
1148 1057 1209 1106 εἰς
1243 1054 1386 1106 αὐτὸν
1411 1057 1690 1121 ε’μβέβηκεν,

38 1146 85 1171 10
105 1124 180 1172 καὶ
217 1122 408 1190 γέγονεν
434 1128 625 1196 ἀπαρχὴ
664 1135 759 1181 τῶν
785 1134 1127 1195 ὠλισθηκότων
1163 1139 1226 1190 εἷς
1265 1137 1468 1205 φθοράν·
1525 1139 1691 1207 ἕψεται

104 1203 152 1255 δὲ
191 1204 261 1256 ὅτι
301 1210 359 1275 τῇ
397 1215 481 1260 τοῦ
509 1213 728 1278 Σωτῆρος
758 1213 890 1277 ἡμῶν
916 1215 1181 1268 ἀναστάσει
1213 1220 1288 1269 καὶ
1319 1219 1347 1282 ἡ
1381 1224 1475 1271 τῶν
1501 1226 1689 1287 νεκρῶν,

102 1288 395 1354 προσεπάγει
425 1291 582 1357 λέγων
606 1292 789 1364 ’Ὠσπερ
827 1295 917 1363 γέιρ
954 1296 1013 1348 δι’
1039 1298 1256 1368 ἀνθρώπου
1288 1300 1473 1357 θάνατος
1515 1309 1591 1355 καὶ
1630 1301 1687 1355 δι’
1708 1330 1774 1351 ver·
1794 1330 1843 1353 2¹.

101 1368 320 1439 ἀνθρώπου
357 1371 608 1430 ἀνάστασις
647 1377 807 1444 νεκρῶν.
863 1379 993 1445 ἄθρει
1020 1381 1067 1432 δὲ
1093 1381 1220 1436 ὅπως
1245 1386 1327 1447 τῆς
1354 1383 1472 1447 μετὰ
1510 1385 1689 1452 σαρκὸς

101 1453 363 1514 οἰκονομίας
403 1452 457 1504 τὸ
499 1456 761 1523 μυστήριον
805 1463 1091 1527 θεοπρεποῦς
1142 1463 1410 1527 ἀνάμεστον
1454 1467 1689 1535 εὐτεχνίας

32 1554 79 1594 15
100 1533 348 1601 ἀποφαίνει
373 1534 535 1587 πάλιν·
591 1538 680 1589 ἔδει
707 1540 800 1607 γὰρ
826 1542 928 1605 ἔδει,
951 1546 1116 1611 φησὶν,
1134 1546 1386 1612 ἄνθρωπον
1414 1547 1530 1616 ὑπὲρ
1556 1550 1687 1613 ἡμῶν

98 1617 286 1678 νικῆσαι
320 1616 402 1667 τὸν
433 1617 654 1671 θάνατον·
698 1623 869 1687 ταύτης
898 1647 947 1675 τε
983 1626 1114 1677 ἕνεκα
1144 1630 1226 1691 τῆς
1259 1630 1407 1684 αἰτίας
1434 1632 1458 1681 ὁ
1484 1633 1533 1682 ἐκ
1560 1636 1685 1684 Θεοῦ

96 1696 316 1763 πεφηνως
343 1699 463 1753 Θεὸς
491 1701 663 1768 Λόγος,
695 1704 778 1755 οὐκ
810 1705 1032 1772 ἀγγέλων
1062 1710 1336 1774 ἐπελάβετο,
1370 1713 1492 1764 καθά
1530 1719 1682 1783 φησιν
1701 1731 1789 1763 Heb-
1808 1732 1907 1771 ii.16,

95 1777 246 1840 αὐτὸς,
274 1780 405 1831 ἀλλὰ
430 1784 702 1849 σπέρματος
729 1786 955 1852 Ἁβραάμ,
981 1789 1056 1840 ἵνα
1083 1790 1202 1842 κατὰ
1228 1793 1385 1844 πάντα
1411 1800 1506 1849 τοῖς
1533 1798 1677 1849 ἀδελ·
1704 1783 1752 1814 η’

95 1863 202 1926 φοΐς
241 1862 460 1931 ὁμοιωθῇ·
515 1866 602 1916 ἔδει
642 1866 748 1934 γὰρ,
790 1871 852 1922 ὡς
891 1871 1025 1938 ἔφην,
1053 1874 1394 1939 θεραπεύεσθαι
1433 1876 1486 1928 τὸ
1521 1878 1675 1946 ἠῤῥω-

26 1965 75 1990 20
93 1941 282 2005 στηκὸς,
309 1945 570 2010 ἀναστῆναι
608 1947 661 1999 τὸ
700 1952 962 2006 πεπτωκός·
1009 1954 1097 2004 ε”δει
1137 1959 1438 2021 καταθλῆσαι
1473 1960 1679 2013 θανάτου

92 2024 147 2074 δι’
177 2026 383 2092 ὑπακοῆς
417 2032 492 2081 καὶ
527 2033 825 2098 δικαιοσύνης
850 2035 904 2086 τὸ
932 2037 1006 2088 ὑπ’
1036 2038 1161 2108 αὐτῷ
1196 2039 1390 2105 γεγονὸς
1416 2041 1493 2092 διὰ
1517 2066 1672 2109 παρα-

89 2105 277 2168 βάσεως
316 2112 391 2160 καὶ
429 2112 673 2179 ἁμαρτίας·
727 2115 874 2185 ταύτῃ
913 2118 1106 2184 γε’γονεν
1136 2122 1385 2187 ἄνθρωπος
1425 2124 1508 2175 οὐκ
1546 2125 1676 2179 εἰδὼς

91 2189 320 2255 ἁμαρτίαν
357 2193 382 2243 ὁ
426 2195 703 2260 Μονογενὴς
741 2203 823 2248 τοῦ
863 2203 989 2251 Θεοῦ
1021 2200 1195 2266 Λόγος,
1236 2204 1291 2254 ἵν’
1320 2203 1484 2271 ὥσπερ
1522 2207 1572 2257 ἐν
1610 2211 1676 2276 τῷ

89 2269 230 2335 Ἀδάμ
260 2274 430 2329 πάντες
465 2279 845 2343 κατακεκρίμεθα,
874 2284 957 2344 τῆς
983 2283 1234 2348 ἀνθρώπου
1261 2286 1452 2353 φύσεως
1485 2289 1668 2339 παθού-

22 2376 69 2414 25
89 2374 179 2416 σης
217 2353 299 2404 τὸν
337 2356 555 2421 θάνατον,
594 2360 716 2411 οὕτω
755 2363 830 2412 καὶ
869 2365 1187 2420 δικαιωθέντες
1225 2368 1272 2417 ἐν
1311 2371 1511 2439 Χριστῷ
1548 2394 1669 2422 συν-

88 2437 425 2502 αποδυσόμεθα
451 2443 508 2508 τῇ
536 2441 740 2512 ἁμαρτίᾳ
778 2442 861 2495 τὸν
898 2445 956 2514 ἐξ
983 2447 1126 2511 αὐτῆς
1160 2449 1407 2519 ἀναφύντα
1445 2450 1666 2505 θάνατον.

87 2609 265 2648 assumpta
282 2616 323 2639 ex
343 2605 377 2639 H
397 2607 456 2652 qui
482 2609 593 2653 pergit
615 2610 668 2644 καὶ
690 2610 892 2647 ἀπολώλασι
913 2614 1001 2659 τάχα
1025 2629 1090 2649 που
1116 2616 1145 2649 εἷ
1164 2616 1209 2660 μὴ
1233 2616 1418 2654 ἀθανασίας
1440 2619 1516 2654 ἐστὶ
1538 2620 1670 2665 πλήρης

86 2651 151 2682 τῶν
167 2649 269 2695 ἁγίων
286 2651 304 2695 ἡ
323 2652 431 2693 ἐλπὶς,
450 2654 479 2687 εἷ
500 2655 544 2698 μὴ
570 2658 811 2699 προσδοκῶσιν
836 2661 1105 2702 συμβασιλεύειν
1126 2664 1214 2709 αὐτῷ
1243 2665 1418 2709 (repetens
1436 2678 1454 2700 e
1472 2667 1597 2712 supra)
1619 2668 1667 2703 H.

86 2694 119 2728 6.
147 2695 310 2731 Scholion
338 2699 442 2734 breve
467 2700 604 2745 Ἐπειδὴ
631 2705 891 2750 ὁμολογημένως
918 2707 1040 2746 ἀνεβίω
1071 2710 1088 2742 ὁ
1114 2711 1264 2753 Χριστὸς
1289 2711 1343 2744 καὶ
1367 2712 1507 2757 γέγονεν
1532 2713 1667 2759 ἀπαρχὴ

610 2751 623 2757 Α
976 2753 991 2764 ΡΙ

85 2743 151 2775 τῶν
174 2756 241 2777 κεκ.
259 2747 393 2788 πρῶτος
416 2750 483 2781 τῶν
503 2748 558 2782 ἐπὶ
583 2764 644 2794 γης
660 2765 696 2784 π.
715 2752 773 2785 τὸν
791 2752 944 2787 θάνατον·
971 2755 1093 2800 εψεται
1118 2757 1250 2791 πάντως
1274 2759 1313 2801 τῇ
1341 2761 1400 2792 τοῦ
1418 2761 1572 2804 Σωτῆρος
1588 2760 1667 2793 ἀνα-

86 2788 206 2822 στάσει
224 2790 277 2823 καὶ
294 2790 312 2834 ἡ
331 2795 397 2826 τῶν
414 2797 537 2837 νεκρῶν
553 2795 693 2830 exhibet
712 2796 761 2832 H.
1126 2813 1181 2847 23.
1207 2802 1259 2837 ἵνα
1277 2805 1320 2839 A.
1392 2806 1509 2850 ὥσπερ
1526 2806 1593 2839 inc.
1617 2806 1665 2841 H.

85 2842 140 2875 ²4·
165 2835 340 2879 παθούσης
362 2838 408 2872 H.
425 2840 599 2885 πατούσης
617 2842 697 2887 (sic)
716 2843 748 2877 A
765 2850 798 2878 et
815 2845 863 2880 ita
887 2845 1050 2881 exhibere
1068 2848 1223 2883 codicem
1245 2862 1350 2884 suum
1368 2856 1516 2885 testatur
1534 2852 1664 2887 Maius.

85 2888 140 2921 25.
165 2881 324 2928 θάνατον]
352 2883 495 2920 ὄλισθον
520 2887 575 2921 διὰ
599 2891 769 2934 παρακοῆς
798 2891 846 2926 Η.
920 2892 962 2926 δι’
988 2893 1136 2938 ὑπακοῆς
1160 2907 1224 2940 pro
1249 2898 1302 2931 καὶ
1330 2897 1379 2931 H.
1451 2898 1664 2932 συναποδυό-

83 2925 167 2967 μεθα
186 2927 234 2963 Η.
