2017 3252
96 219 111 259 [
132 227 189 249 122
208 218 257 249 M.
274 217 290 258 ]

88 285 192 335 Κεφ.
218 281 255 322 ι’.

242 352 290 387 29

90 922 184 954 Rom.
200 921 246 954 iii.
263 911 324 962 3.‘

148 2651 226 2686 122
243 2648 304 2684 M.

307 152 391 190 410
536 150 587 190 B.
619 147 868 190 CYRILLI
903 146 1253 187 ALEXANDR.
1295 145 1670 187 FRAGMENTA
1764 162 1804 187 x.
1825 159 1890 200 29.

622 301 696 343 Καὶ
732 301 781 344 τὸ
817 303 978 350 Πνεῦμα
1016 302 1094 341 τῆς
1132 301 1304 356 χάριτος
1340 298 1578 355 ἐνυβρίσας.

373 414 567 480 “Ώσπερ
593 413 686 480 γὰρ
712 413 1010 480 στρατιώτην
1035 413 1118 465 τὸν
1141 411 1416 481 ῥιψάσπιδα
1449 413 1525 463 καὶ
1552 411 1895 480 φυγοπόλεμον

309 497 363 547 οὐ
409 496 634 562 δευτεροις
683 499 914 560 τιμᾶσθαι
963 493 1270 560 σημάντροις,
1318 495 1429 545 ἀλλ’
1475 493 1564 558 ἤδη
1609 493 1895 560 κολάζεσθαι

309 576 418 645 χρὴ,
448 581 522 628 καὶ
560 579 643 640 τῆς
681 577 930 642 ἀνανδρίας
965 574 1265 628 ἀποτιννύναι
1298 577 1460 641 λόγον,
1487 574 1570 626 τὸν
1600 574 1742 626 αὐτὸν
1769 572 1896 638 οἶμαι

309 658 487 724 τρόπον
511 656 597 722 τὴν
623 659 744 708 οὕτω
779 657 961 722 σεπτήν
986 680 1035 708 τε
1072 660 1146 708 καὶ
1186 657 1482 726 άξιάγαστον
1516 656 1895 723 περιυβρίζοντας
1916 674 1938 713 5

309 739 448 808 χάριν
486 741 539 790 οὐ
575 739 788 805 δευτέρου
826 743 1055 802 τιμᾶσθαι
1096 738 1372 802 Πνεύματος
1410 737 1555 800 δόσει,
1587 741 1667 802 τῆς
1708 737 1897 834 πρώτης

311 820 637 886 ἀθετουμένης,
680 820 791 871 ἀλλ’
819 821 908 886 ἠδη
946 825 1128 875 ποιναῖς
1168 822 1444 871 ὑποκεῖσθαι
1481 819 1660 886 πρέπει·
1712 819 1766 869 οὐ
1804 817 1897 885 γάρ

327 904 393 968 (ἡ
428 904 582 954 αὐτῶν
608 902 807 954 ἀπιστία
844 901 930 967 τὴν
961 903 1127 954 πίστιν
1152 907 1235 953 τοῦ
1263 905 1388 952 Θεοῦ
1426 900 1754 967 καταργήσει,”
1795 901 1895 950 οὐδ’

311 985 497 1051 ἐπείπερ
548 983 1005 1052 καταπεφρονήκασί
1050 1007 1168 1037 τινες
1220 983 1387 1034 ἀνόπιν
1432 982 1596 1044 ἰόντες,
1645 985 1728 1045 τῆς
1774 981 1899 1035 θείας

311 1066 501 1134 χάριτος
537 1066 591 1117 τὸ
630 1065 856 1127 ἀβέβαιον
894 1065 1282 1134 καταγράψομεν·
1338 1069 1520 1118 ποιναῖς
1558 1063 1606 1114 δὲ
1643 1068 1835 1127 μᾶλλον
1873 1062 1898 1113 ὃ

311 1153 406 1200 τῶν
432 1148 558 1199 ὅλων
585 1146 815 1212 ὑποθήσει
844 1146 1021 1213 Κριτὴς
1055 1146 1163 1200 τοὺς
1189 1150 1251 1200 είς
1277 1152 1415 1197 τοῦτο
1442 1146 1726 1207 δυσσεβείας
1754 1167 1893 1196 κατο-

312 1234 499 1281 λισθεῖν
529 1231 582 1280 οὐ
615 1228 1026 1295 παραιτουμένους,
1055 1231 1115 1282 ὡς
1151 1228 1218 1280 τὶν
1253 1227 1346 1279 Τὶὂν
1377 1230 1449 1278 τοῦ
1477 1229 1586 1279 Θεοῦ
1626 1225 1900 1286 amomon}-

313 1334 409 1373 σαι,
439 1313 514 1362 καὶ
540 1309 586 1362 τὶ
617 1311 799 1378 Πνεῧμοι
824 1309 900 1369 τ’ἦς
931 1309 1113 1378 χάριτος
1146 1310 1353 1375 ὑβρίσαι,
1382 1309 1419 1360 ἐν
1446 1307 1479 1378 ᾧ
1510 1307 1793 1374 ἠγάσθησαν
1824 1311 1899 1359 καὶ

311 1396 394 1457 τῆς
421 1393 543 1446 θείας
573 1391 764 1460 φύσεως
791 1389 1022 1457 γεγόνασι
1048 1392 1275 1442 κοινωνοί.

312 1535 530 1593 θυμιαματος·
565 1533 685 1567 εὐωδία
703 1534 769 1579 γὰρ
792 1533 894 1567 αὐτοῦ
912 1535 929 1567 6
948 1533 1090 1569 θάνατος
1105 1535 1164 1577 τῆς
1187 1535 1247 1568 τοῦ
1267 1535 1398 1577 κόσμου
1422 1533 1602 1578 σωτηρίας·
1638 1533 1692 1567 καὶ
1715 1534 1755 1567 τὸ
1778 1534 1901 1568 λοιπὸν

313 1582 349 1616 δέ
379 1585 459 1625 αἱμα
487 1581 598 1624 ἐχεῖτο
627 1579 691 1625 [ita
717 1579 805 1614 Cod.
824 1579 940 1624 ἐχεετο
966 1579 1052 1626 Ed.]
1082 1581 1136 1614 ἐπὶ
1162 1582 1200 1614 τὸ
1230 1579 1476 1625 θυσιαστήριον
1501 1583 1568 1614 τῶν
1597 1581 1897 1624 ὁλοκαυτωμάτων·

313 1628 416 1662 ἔπαθε
442 1628 507 1672 γὰρ
535 1627 599 1671 οὐχ
622 1627 706 1670 ὑπὲρ
731 1629 798 1661 τῶν
823 1627 927 1660 ἐθνῶν
951 1628 1065 1670 μόνον,
1092 1627 1184 1660 ἀλλὰ
1211 1627 1264 1660 καὶ
1293 1627 1377 1671 ὑπὲρ
1406 1630 1472 1660 τῶν
1499 1625 1680 1661 Ἰουδαίων·
1716 1641 1768 1660 ινα
1798 1628 1898 1669 σώσῃ

313 1722 463 1765 Χριστὸς
487 1721 547 1763 τὴν
571 1720 632 1763 μὲν
658 1720 768 1763 σάρκα
790 1720 855 1762 ἕξω
873 1721 931 1763 τῆς
948 1719 1057 1764 πύλης
1074 1720 1188 1762 ἔπαθε,
1206 1720 1265 1763 τὴν
1283 1720 1318 1753 δὲ
1335 1719 1455 1765 ψυχὴν
1479 1722 1524 1765 τῷ
1549 1720 1652 1764 πατρὶ
1676 1719 1896 1763 παρατίθησι·

312 1768 444 1811 χρίεται
471 1767 507 1800 δέ
534 1767 587 1800 καὶ
612 1767 651 1800 τὸ
675 1766 741 1810 ἕξω
767 1765 1022 1810 θυσιαστήριον·
1062 1767 1158 1812 ἅγιος
1183 1767 1248 1811 Ὑὰρ
1278 1768 1296 1800 6
1323 1768 1436 1810 νόμος,
1466 1755 1576 1800 καιλῶν
1601 1767 1687 1811 πρὸς
1713 1766 1899 1820 ἐπίγνωσιν

313 1815 466 1857 Χριστοῦ
494 1813 573 1849 τοὺς
598 1811 790 1847 ἀκούοντας·
828 1813 918 1857 πλὴν
944 1814 962 1846 ὁ
987 1813 1049 1857 μὲν
1076 1814 1159 1847 κατὰ
1191 1814 1292 1856 νόμον
1320 1812 1495 1857 ἀρχιερεὺς
1521 1813 1612 1855 ἅπαξ
1645 1811 1752 1856 εἷσῄει
1781 1813 1828 1848 εἷς
1858 1812 1899 1847 τὰ

313 1860 430 1902 ἰίδυτα,
458 1860 542 1903 μετὰ
573 1873 712 1902 αιματος
742 1858 873 1903 ταύρων
905 1859 958 1893 καὶ
989 1860 1133 1915 τράγων·
1176 1861 1194 1892 6
1223 1859 1260 1893 δέ
1291 1861 1441 1904 Χριστὸς
1468 1859 1522 1892 διὰ
1547 1861 1608 1893 τοῦ
1641 1858 1727 1893 ἰδίου
1760 1857 1900 1903 αἵματος

315 1906 475 1949 εἷσῆλθεν
500 1904 555 1950 ἐφ’
581 1905 672 1949 ἅπαξ
697 1905 744 1940 εἷς
770 1905 811 1939 τὰ
836 1905 926 1950 ἅγια,
955 1905 1133 1940 τουτέστιν
1161 1905 1208 1941 εἷς
1232 1906 1291 1940 τὸν
1318 1906 1470 1949 ουρανόν·
1510 1906 1590 1951 ἅγια
1615 1906 1682 1951 γὰρ
1712 1907 1770 1940 νῦν
1797 1906 1900 1940 αὐτὸν

317 1953 474 1986 ἐκάλεσε.

365 1998 611 2044 Sequebantur
639 2000 706 2031 Τοῦ
733 1997 1151 2042 θεοῦ-παρειλημμενους
1174 2010 1193 2032 e
1217 2003 1331 2032 tractu
1358 1997 1400 2032 de
1428 1998 1469 2032 R.
1497 1997 1564 2032 fide
1589 1997 1632 2032 ad
1659 1997 1812 2043 Reginas
1834 1997 1897 2044 167

316 2045 433 2080 bede
460 2044 708 2089 desu1nptum3
745 2044 1296 2098 Καθοριοῦμεν-ἀπηλλάγμεθα
1321 2056 1339 2079 e
1365 2045 1455 2078 libro
1482 2056 1577 2078 nono
1606 2044 1685 2079 adv,
1714 2045 1900 2079 Julianum

316 2095 523 2136 Apostatam
542 2102 611 2135 304
629 2091 663 2131 d,
691 2097 771 2135 post
796 2091 880 2124 haec
904 2092 1127 2135 βεβαιότερον
1150 2096 1208 2126 οὐν
1231 2093 1319 2126 ποιεῖ
1344 2092 1403 2125 τὸν
1426 2092 1533 2135 λόγον
1557 2091 1623 2125 ἀπὸ
1647 2092 1706 2134 τῆς
1731 2091 1901 2150 εὐτελείας

316 2143 383 2172 τῶν
406 2137 673 2182 προσαγομένων
697 2139 749 2170 καὶ
770 2140 830 2171 τοῦ
855 2138 1018 2182 μεγέθους
1042 2141 1102 2172 τοῦ
1129 2138 1330 2182 νοσήματος·
1366 2139 1404 2172 τὸ
1429 2138 1490 2181 μὲν
1509 2138 1574 2183 γὰρ
1602 2139 1734 2182 νόσημα
1757 2138 1900 2183 ἰσχυρο-

316 2186 416 2228 τέρου
441 2185 548 2218 ἐδεῖτο
573 2187 633 2218 τοῦ
658 2182 873 2227 βοηθήματος
894 2185 932 2218 τὸ
956 2184 991 2217 δέ
1009 2182 1089 2228 αἱμα
1107 2185 1215 2229 ψιλον
1233 2185 1329 2218 οὐδεν
1346 2199 1410 2229 μεγ
1412 2199 1444 2224 α,
1463 2196 1550 2230 quae
1570 2184 1606 2219 S.
1627 2184 1798 2229 Cyrillum
1816 2196 1900 2218 auc·

316 2238 427 2265 torem
452 2242 524 2264 non
549 2229 691 2270 habent,
710 2231 891 2264 τίνα-οὐκ
916 2230 1111 2274 εὐδοκήσεις
1127 2243 1144 2264 e
1161 2230 1374 2264 Theodmito
1392 2230 1435 2264 ad
1452 2231 1519 2264 loe.
1541 2230 1634 2276 [cap.
1651 2243 1685 2264 x.
1704 2230 1767 2276 4];
1794 2236 1900 2265 Νενο-

317 2277 594 2321 μοθέτηκε-τῶν
619 2280 746 2334 νοητῶν
778 2288 795 2310 e
824 2277 913 2311 libro
938 2289 1033 2311 nono
1062 2277 1140 2312 adv.
1166 2278 1351 2311 Julianum
1379 2278 1587 2322 Apostatam
1617 2288 1705 2322 309.
1744 2278 1901 2323 sequitur

317 2323 507 2364 Ἀναβαίνει
525 2323 560 2357 δέ
579 2323 625 2358 εἷς
641 2323 752 2366 ὀσμὴν
769 2323 907 2358 εὐωδίας
923 2326 969 2369 τῷ
988 2326 1062 2369 Θεῷ
1081 2325 1134 2358 καὶ
1147 2325 1257 2367 Πατρὶ
1275 2324 1329 2357 διὰ
1346 2326 1405 2357 τοῦ
1423 2324 1508 2357 ἷδιου
1526 2325 1682 2367 σώματος
1699 2323 1782 2368 ὅπερ
1800 2324 1901 2359 αὐτὸς

318 2370 494 2415 ειληφέναι
509 2368 610 2415 ελεγε
632 2370 722 2413 παρὰ
744 2372 804 2403 τοῦ
826 2372 963 2414 πατρός·
998 2374 1097 2422 σῶμα
1120 2371 1197 2416 γὰρ,
1217 2371 1318 2415 φησι,
1337 2370 1527 2414 κατηρτίσω
1549 2384 1605 2413 μοι
1627 2370 1686 2412 (cf.
1704 2370 1901 2414 fragmenta

319 2417 355 2450 in
385 2418 550 2460 p‚salmos
582 2416 684 2450 Nova
713 2416 804 2449 Bibl.
833 2416 977 2450 Patrum
1005 2417 1053 2451 iii.
1080 2426 1159 2461 295.
1179 2418 1273 2459 2Q.;)
1314 2419 1384 2460 Μιᾷ
1395 2416 1737 2474 προσφορᾷ-Ἡκαὶ
1751 2417 1854 2460 πατρί
1882 2428 1900 2450 e

320 2469 470 2497 tlactatu
497 2462 540 2495 de
571 2461 613 2495 R.
633 2462 700 2495 fide
726 2462 769 2496 ad
789 2462 940 2507 Reginas
963 2463 1027 2505 164
1052 2463 1126 2497 init.
1179 2463 1365 2507 Reliquum
1391 2462 1453 2506 ὅρα
1470 2462 1517 2496 δέ·
1543 2465 1634 2497 εἶπεν
1651 2461 1702 2496 ὅτι
1720 2462 1840 2496 ἐκεῖναι
1866 2463 1900 2496 αἶ

320 2509 435 2542 θυσίαι
453 2509 490 2542 οὐ
507 2509 775 2552 προσφέρονται·
810 2510 1059 2553 συνελογίσατο
1079 2511 1179 2542 τοῦτο
1202 2509 1267 2542 ἀπὸ
1285 2512 1351 2542 τῶν
1368 2508 1543 2552 ἀγράφων·
1577 2523 1774 2568 παρεστησε
1793 2509 1829 2542 δέ
1847 2509 1901 2542 καὶ

321 2554 423 2599 ῥητὸν
439 2556 650 2612 προφητικὸν
666 2553 816 2598 λεγον,”
797 2569 848 2588 οτι
866 2555 988 2589 θυσίαν
1005 2556 1057 2588 καὶ
1079 2556 1286 2599 προσφορὰν
1303 2555 1362 2588 οὐκ
1384 2553 1564 2612 ηθὲλησας·
1600 2557 1702 2595 εἶπεν,
1722 2555 1772 2589 ὅτι
1790 2556 1900 2601 ἀφῆκε

321 2601 380 2636 τὰς
396 2601 568 2644 ἁμαρτίας,
588 2601 640 2633 καὶ
661 2601 765 2634 πάλιν
782 2615 835 2634 και
851 2603 952 2635 τοῦτο
971 2601 1037 2634 ἀπὸ
1056 2601 1233 2658 εγγράφου
1256 2601 1440 2645 μαρτυρίας
1463 2603 1645 2636 πιστοῦται
1669 2602 1781 2636 εἰπών·
1815 2616 1900 2645 μαρ-

322 2649 415 2690 τυρεῖ
437 2648 471 2681 δέ
493 2646 570 2690 ἡμῖν
587 2661 639 2679 και
656 2647 694 2679 τὸ
711 2649 840 2690 πνεῖμα
857 2648 895 2680 τὸ
912 2647 1018 2691 ἅγιον·
1053 2647 1086 2681 τί
1101 2649 1279 2691 μαρτυρεῖ;
1307 2647 1358 2681 ότι
1375 2647 1555 2692 ἀφέθησαν
1572 2649 1604 2681 αἱ
1621 2647 1778 2692 ἁμαρτίαι
1796 2647 1900 2692 ἡμῶν,

322 2694 373 2727 ὅτι
398 2693 534 2728 τελείως
559 2692 643 2734 ἡμᾶς
668 2692 781 2735 ἀπὴλ)
785 2694 897 2736 αξεν
880 2708 898 2726 ο
915 2694 1065 2738 Χριστὸς
1081 2694 1135 2727 διὰ
1152 2695 1210 2737 τῆς
1231 2696 1308 2736 μιᾶς
1328 2695 1581 2738 προσφορᾶς,“’
1561 2709 1650 2729 ωστε
1674 2695 1718 2738 μὴ
1745 2695 1900 2738 δεηθῆναι

323 2739 480 2784 δευτέρας
500 2739 536 2773 S.
556 2739 729 2784 Cyrillum
746 2745 924 2772 auctorem
943 2751 1014 2773 non
1032 2740 1156 2774 habet.
1185 2740 1343 2774 scholion
1361 2741 1465 2775 breve
1484 2740 1900 2787 Μοιχοὺς-προστέταχε

322 2798 340 2820 e
357 2786 446 2821 libro
464 2797 558 2820 nono
575 2791 696 2820 contra
713 2785 897 2820 Julianum
916 2786 1123 2830 Apostatam
1141 2798 1209 2832 304
1227 2786 1261 2821 b.

1920 1085 1970 1111 10
