2027 3257
319 130 402 170 212
543 128 593 168 B.
627 127 872 169 CYRILLI
909 125 1256 167 ALEXANDR.
1295 125 1667 165 FRAGMENTA
1750 123 1891 177 viii.3.

95 197 283 291 ἑυιῖῗειᾞῖἰὲ
317 241 432 288 σθαι
468 240 583 304 δρᾶν
608 236 738 288 αὐτό·
786 236 878 304 ε”φη
904 235 996 301 γάρ
1028 235 1098 285 ὅτι
1138 240 1166 263 “
1191 232 1263 284 Τὸ
1301 231 1394 299 γὰρ
1432 233 1583 284 θέλειν
1620 230 1899 299 παράκειταί

101 298 147 323 m
317 325 345 347 “
369 341 447 381 μοι
501 318 554 369 τὸ
594 318 641 369 δὲ
681 340 789 369 κατε
872 316 921 382 ’ζ
972 320 1001 367 θ
1119 315 1132 329 “
1243 315 1294 365 λΧ
1404 315 1467 342 '‘·”
1558 323 1589 365 λ
1793 313 1804 329 '

450 360 462 381 ,
792 340 884 383 ργα
911 339 969 366 εσ
1003 339 1049 366 αι
1087 339 1141 366 το
1181 338 1239 365 κα
1278 338 1330 365 ον
1368 338 1421 366 ου
1519 338 1555 366 π
1593 336 1896 377 εονεκτουσης

316 400 536 465 δηλονότι
567 402 650 463 τῆς
675 399 915 464 ἁμαρτίας,
943 400 1018 448 καὶ
1044 402 1127 447 τοῦ
1153 399 1234 459 τῆς
1260 395 1438 462 σαρκὸς
1464 394 1607 460 νόμου
1635 395 1894 462 καταστρέ-

317 486 491 550 φοντος
530 485 591 534 εἷς
625 480 685 531 τὰ
715 484 858 531 οἰκεῖα
897 481 972 529 καὶ
1011 479 1096 545 οὐχ
1138 477 1303 528 ἑκόντα
1347 476 1430 528 τὸν
1473 484 1596 529 νοῦν·
1659 477 1778 527 κατὰ
1815 476 1897 528 τὸν

316 561 458 613 αὐτὸν
485 561 533 612 δὲ
569 560 694 624 οἶμαι
728 561 911 612 τουτονὶ
945 559 1121 625 τρόπον
1148 560 1283 609 νοοῖτ’
1312 557 1369 608 ἂν
1395 559 1580 612 εἰκότως
1611 558 1657 610 τδ
1689 556 1897 610 ἀδύνατον
1917 579 1938 616 5

316 645 389 695 τοῦ
429 645 566 712 νόμου,
600 649 682 694 τοῦ
721 665 769 693 τε
809 644 857 693 ἐν
895 640 1146 708 γράμμασι
1182 642 1258 691 καὶ
1296 639 1371 691 διὰ
1400 640 1660 702 Μωυσέως,
1689 638 1897 706 καθάπερ

317 725 436 792 ε”φην
463 726 645 791 ἀρτίως,
677 726 752 775 καὶ
790 724 946 787 μέντοι
984 728 1067 774 τοῦ
1103 722 1313 790 ἐμφύτου
1351 723 1426 772 καὶ
1460 723 1508 773 ἐν
1540 722 1662 785 ἡμῖν,
1701 722 1809 772 καθ’
1844 720 1897 772 ὃν

318 808 393 857 καὶ
432 806 490 857 τὰ
529 806 652 870 ἔθνη,
685 806 832 856 καίτοι
870 804 953 856 τὸν
993 804 1208 871 γραπτὸν
1246 805 1328 855 οὐκ
1366 803 1534 870 ἔχοντα
1573 803 1727 867 νόμον,
1754 803 1897 871 φύσει

95 891 249 973 ξὲιηϊῑὶῑ·
318 887 377 939 τὰ
417 894 499 939 τοῦ
540 888 683 951 νόμου
722 892 943 938 ποιοῦντα
984 886 1208 954 φαίνεται,
1247 887 1321 936 καὶ
1362 885 1502 947 νόμος
1543 887 1662 935 εἰσὶν
1701 885 1894 938 ἑαυτοῖς·

95 988 210 1028 11].15.
318 976 346 999 “
371 970 676 1020 ἐνδείκνυνται
726 968 819 1034 γὰρ
860 966 914 1019 τὸ
964 968 1101 1033 ἔργον
1141 973 1224 1017 τοῦ
1268 966 1411 1031 νόμου
1451 965 1666 1032 γραπτὸν
1707 968 1755 1017 ἐν
1798 971 1898 1020 ταῖς
1921 990 1970 1015 10

319 1059 344 1081 “
371 1051 579 1118 καρδίαις
618 1051 809 1112 αὐτῶν,”
852 1049 974 1100 καθὰ
1008 1049 1285 1115 γέγραπται.
1324 1053 1459 1100 ποῖον
1487 1048 1534 1099 δὲ
1571 1052 1615 1099 τὸ
1648 1050 1695 1098 ἐν
1722 1050 1899 1116 ἀμφοῖν

317 1131 538 1192 ἀδύνατον,
578 1132 842 1193 βασανίσαι
881 1130 1054 1196 καιρός·
1111 1131 1135 1180 ὁ
1170 1129 1253 1192 μὲν
1281 1130 1374 1196 γὰρ
1401 1132 1448 1180 ἐν
1474 1129 1723 1196 γράμμασι
1759 1129 1898 1193 νόμος

316 1213 603 1267 διδάσκαλος
635 1211 694 1277 ἧν
719 1211 971 1277 εὐκοσμίας
1007 1214 1083 1262 καὶ
1117 1216 1210 1262 τῶν
1243 1213 1452 1277 ἀρίστων
1478 1210 1746 1277 εἰσηγητὴς,
1775 1213 1895 1261 δεδι-

316 1296 482 1346 καίωκε
527 1294 575 1346 δὲ
618 1299 863 1348 παντελῶς
908 1293 1084 1344 οὐδένα·
1141 1295 1165 1344 ὁ
1208 1292 1356 1360 γεμὴν
1397 1292 1602 1362 ἔμφυτός
1646 1316 1696 1344 τε
1735 1294 1811 1343 καὶ
1851 1293 1900 1342 ἐν

315 1377 440 1440 ἡμῖν,
471 1375 524 1427 ὃν
551 1379 626 1427 καὶ
664 1375 876 1442 ὀνομάζει
914 1378 984 1427 τοῦ
1023 1375 1289 1443 πνεύματος,
1327 1375 1598 1426 ἀπονένευκε
1634 1373 1718 1438 μὲν
1751 1378 1814 1428 εἷς
1843 1372 1898 1425 τὸ
1921 1391 1968 1430 15

315 1459 510 1524 ἀγαθὸν,
555 1459 748 1522 ἡττᾶται
793 1457 841 1509 δὲ
885 1458 995 1508 λίαν
1034 1464 1116 1509 τοῦ
1160 1457 1278 1524 πρὸς
1324 1456 1382 1508 τὰ
1427 1458 1598 1525 αἰσχίω
1643 1461 1900 1509 καλοῦντος

315 1541 474 1604 νόμου.
531 1541 698 1591 οὐκοῦν
735 1540 780 1592 τὶ
820 1537 1041 1601 ἀδύνατον,
1069 1540 1284 1590 τουτέστι
1322 1537 1375 1590 τὸ
1415 1541 1659 1600 ἀσθενοῦν,
1691 1537 1778 1589 εἴτε
1816 1542 1900 1588 τοῦ

315 1624 363 1672 ἐν
403 1621 681 1689 γράμμασιν
719 1620 804 1673 ε’ίτε
844 1627 927 1672 τοῦ
966 1621 1174 1690 ἐμφύτου
1214 1621 1370 1685 νόμου,
1405 1620 1637 1672 πέπαυται
1676 1619 1750 1670 διὰ
1777 1622 1895 1685 Χρι-

315 1710 449 1756 στοῦ.
493 1704 829 1769 νενεκρωμένης
868 1702 961 1769 γὰρ
990 1702 1166 1769 τρόπον
1197 1702 1300 1753 τινὰ
1338 1705 1420 1766 τῆς
1458 1700 1656 1768 σαρκὸς,
1688 1703 1762 1752 καὶ
1801 1700 1898 1751 οἷον

316 1786 604 1853 ἀνῃρημένης
645 1788 727 1849 τῆς
769 1787 816 1836 ἐν
858 1786 966 1849 ἡμῖν
1010 1785 1189 1848 ἡδονῆς,
1218 1785 1316 1835 κατ’
1346 1784 1508 1834 οὐδένα
1541 1782 1719 1850 τρόπον
1752 1785 1777 1834 ὁ
1815 1788 1898 1834 τοῦ
1920 1809 1970 1835 20

315 1866 578 1930 πνεύματος
616 1867 717 1931 ἤτοι
755 1873 837 1918 τοῦ
878 1865 982 1921 νοὸς
1026 1865 1280 1930 ἀσθενήσει
1327 1864 1480 1928 νόμος·
1537 1865 1808 1931 νενέκρωται
1850 1864 1898 1916 δὲ

316 1950 420 1999 τίνα
445 1949 620 2015 τρόπον
646 1949 673 2012 ἡ
700 1950 748 1999 ἐν
773 1949 881 2012 ἡμῖν
909 1949 1126 2013 ἁμαρτία,
1157 1948 1266 2015 φέρε
1298 1948 1510 2012 λέγωμεν
1538 1949 1599 2001 ὡς
1625 1946 1702 1997 ἔνι·
1755 1948 1780 1997 ὁ
1806 1946 1899 2013 γὰρ

317 2035 400 2081 τοῦ
428 2034 552 2081 Θεοῦ
579 2029 738 2096 Λόγος
773 2032 822 2080 ἐν
848 2029 1031 2098 εὐδοκία
1062 2034 1144 2080 τοῦ
1172 2033 1296 2080 Θεοῦ
1335 2031 1410 2079 καὶ
1439 2028 1629 2094 Πατρὸς
1667 2029 1706 2080 ἐν
1738 2028 1894 2096 ὁμοιώ-

316 2135 431 2178 ματι
467 2111 630 2178 γέγονε
666 2111 832 2182 capu&
867 2112 1113 2180 ἁμαρτίας,
1138 2110 1215 2162 ἵνα
1241 2111 1492 2179 κατακρίνῃ
1517 2109 1585 2171 τὴν
1612 2109 1837 2180 ἁμαρτίαν
1863 2111 1901 2162 ἐν

316 2195 370 2264 τῇ
401 2195 550 2262 σαρκί·
592 2192 757 2261 γέγονε
797 2192 890 2260 γὰρ
924 2193 1185 2260 ἅνθρωπος,
1212 2194 1366 2247 καθεὶς
1401 2191 1564 2244 ἑαυτὸν
1588 2195 1650 2246 εἷς
1687 2192 1897 2255 κένωσιν,
1922 2209 1969 2247 25

318 2276 393 2324 καὶ
420 2275 622 2338 ὁμοειδὲς
661 2275 746 2338 μὲν
772 2274 843 2326 ὅτι
875 2276 951 2326 καὶ
990 2273 1194 2343 ὀμοφυὲς
1218 2279 1314 2328 τοῖς
1352 2273 1588 2340 ἡμετέροις
1611 2273 1804 2337 σώμασι
1844 2271 1899 2325 τὸ

318 2356 474 2418 αὑτοῦ,
508 2361 608 2410 πῶς
646 2355 704 2407 ἄν
745 2356 1002 2407 ἐνδοιάσειέ
1043 2378 1146 2418 τις;
1202 2354 1331 2419 πλὴν
1371 2354 1431 2405 τὰ
1470 2355 1554 2418 μὲν
1598 2359 1692 2405 τῶν
1733 2356 1899 2406 ἄλλων

163 2458 215 2492 27
240 2455 300 2491 M,
319 2435 540 2488 ἁπάντων
566 2438 768 2501 σώματα
799 2436 971 2505 σάρκες
1007 2436 1063 2488 ἂν
1095 2437 1310 2503 λέγοιντο
1341 2439 1424 2501 τῆς
1450 2437 1691 2503 ἁμαρτίας,
1718 2436 1793 2487 διά
1827 2459 1899 2487 τοι

320 2516 372 2568 τὸ
411 2518 664 2585 πεφυκέναι
705 2524 862 2569 νοσεῖν
896 2523 990 2570 τῶν
1021 2517 1231 2570 ἐκτόπων
1257 2519 1435 2582 ἡδονῶν
1473 2517 1558 2582 τὴν
1596 2518 1798 2583 γένεσιν·
1845 2517 1900 2568 τὸ

319 2599 375 2650 δέ
394 2621 446 2664 γε
473 2604 614 2662 σῶμα
640 2604 857 2666 Χριστοῦ
884 2601 1001 2668 φαίη
1033 2623 1101 2654 τις
1129 2600 1186 2651 ἂν
1212 2602 1298 2667 οὐχ
1330 2601 1556 2666 ἁμαρτίας
1582 2597 1695 2650 εἶναι
1722 2598 1896 2665 σάρκα·
1922 2617 1974 2654 30

318 2679 383 2744 μὴ
409 2680 604 2746 γένοιτο·
649 2682 852 2749 ὁμοίωμα
887 2681 934 2731 δὲ
969 2686 1160 2744 μᾶλλον
1197 2681 1362 2748 σαρκὶς
1398 2683 1643 2751 ἁμαρτίας·
1685 2681 1900 2732 τουτέστι
1964 2692 1967 2694 ’

365 2838 399 2871 3.
426 2825 544 2871 νόμου]
564 2842 627 2869 μου
646 2829 747 2881 νόμου
765 2826 807 2860 Α.
1146 2835 1179 2869 5.
1207 2828 1309 2869 νόμου
1327 2828 1364 2861 τὸ
1383 2826 1545 2861 ἀδύνατον
1563 2826 1742 2869 (omittens
1760 2827 1835 2870 τοῦ)
1853 2827 1898 2861 Α.

318 2885 349 2916 9.
376 2874 417 2907 τὰ
433 2875 492 2907 τοῦ
510 2875 611 2916 νόμου
628 2888 787 2907 ποιοῦντα
807 2874 849 2906 Α.
868 2874 1028 2908 ποιοῦντα
1047 2873 1106 2906 τὸν
1122 2874 1223 2915 νόμον
1242 2873 1308 2907 Ed.
1579 2883 1633 2914 24.
1659 2873 1718 2916 τὴν
1734 2872 1899 2917 ἁμαρτίαν

318 2920 495 2963 κατακρίνῃ
514 2920 651 2953 inverso
669 2919 790 2953 ordine
808 2920 850 2954 A.
1052 2920 1106 2953 28.
1134 2920 1192 2962 τῆς
1210 2930 1279 2953 om.
1298 2920 1341 2955 A.
1415 2932 1452 2961 γε
1473 2929 1535 2963 pro
1553 2933 1603 2953 τοι
1622 2919 1664 2953 Α.
1683 2933 1718 2953 τε
1740 2919 1780 2953 Β.
1800 2918 1860 2955 Cr.
