1981 3247
279 134 353 169 618

332 252 602 289 Eucharistiam
625 251 851 287 saevientem
868 251 904 285 in
920 262 1036 285 mem-

330 318 406 353 bris
426 317 547 352 carnis
573 317 698 364 legem
725 315 833 362 sopit,
856 315 891 349 in
913 315 1035 349 Deum

330 381 508 429 pietatem
548 380 714 420 exardet,
752 392 821 414 nos
859 384 1036 425 tanquam

330 446 499 481 infirmos
520 450 624 480 sanat
647 446 721 480 368
744 456 774 479 e.

279 509 453 547 Christus
497 509 639 545 animas
678 520 770 555 quae
808 507 894 542 fidei
932 506 1037 541 initio

332 574 472 622 potitae
503 579 589 608 sunt
618 573 778 608 illustrat
803 573 874 607 191
899 583 918 606 e
961 583 1036 606 ser-

331 650 485 674 monem
501 637 624 673 Suum
643 649 752 684 saepe
772 635 972 683 interpellit
993 635 1039 670 ad

333 702 618 739 Pharisaeorum
658 700 948 748 cogitationibus
982 712 1037 735 re-

333 766 592 815 spondendum
615 768 690 802 254
713 765 736 800 d
752 778 785 806 e,
810 767 884 801 255
916 764 1038 811 indig-

333 833 390 868 nis
419 832 517 868 velat
549 833 621 867 321
646 831 668 865 b
717 843 737 865 a
774 829 862 865 viris
902 827 1039 863 sanctis

332 902 502 945 portatur
524 898 599 932 389
620 895 642 930 b
657 908 676 930 c
692 894 714 930 d
761 899 892 941 utpote
922 893 1037 932 Deus,

333 962 618 998 Pharisaeorum
670 958 917 1006 cogitationes
963 969 1039 992 non

334 1026 532 1074 ignoravit,
574 1023 699 1060 omnia
738 1023 885 1058 deitatis
923 1021 1040 1057 oculis

334 1091 426 1127 vidit
448 1092 522 1127 462
545 1090 612 1131 cd,
636 1090 710 1124 555
733 1088 799 1123 de.

280 1154 421 1191 Christi
449 1155 582 1190 fratres
611 1153 730 1202 putati
754 1154 830 1188 270
852 1163 882 1192 e,
909 1153 983 1187 397
1007 1163 1038 1191 e,

337 1222 412 1257 398
434 1232 466 1261 c,
490 1221 563 1256 401
588 1230 618 1253 c.

283 1284 421 1321 Christi
442 1284 580 1320 festum
602 1285 691 1319 402.

281 1349 473 1387 Christum
503 1359 719 1396 agnoscere,
750 1344 945 1381 veritatem
976 1356 1038 1390 ap-

334 1413 577 1461 prehendere,
599 1410 719 1447 Patris
740 1410 878 1445 donum
902 1411 977 1445 379
995 1421 1028 1443 a.

282 1477 433 1515 Christo
462 1478 486 1513 ii
515 1476 577 1525 qui
605 1480 748 1523 parent,
770 1474 892 1510 Deum
921 1473 1041 1508 hono-

334 1548 418 1579 rant
438 1555 447 1588 ;
507 1541 568 1589 qui
616 1552 704 1581 non,
748 1543 880 1574 contra
917 1537 1041 1573 Deum

334 1612 489 1655 peccant
512 1608 587 1642 836
611 1617 630 1640 c
677 1604 801 1639 cibum
831 1602 1043 1638 obedientia

335 1677 463 1707 nostra
482 1671 528 1706 iii.
548 1673 636 1714 472,
659 1671 751 1705 473.

282 1735 455 1773 Christus
483 1734 605 1770 innuit
635 1734 682 1769 Se
703 1733 838 1768 Mosen
869 1743 1042 1778 superare

338 1803 413 1838 323
436 1800 470 1841 d,
496 1802 571 1836 324
610 1798 647 1833 in
668 1797 724 1832 Eo
754 1796 879 1832 omnia
904 1795 1044 1831 Divina

338 1868 414 1902 555
445 1877 464 1900 c
515 1870 552 1899 et
585 1875 605 1898 a
637 1861 745 1897 nobis
783 1866 820 1896 et
853 1873 874 1896 a
905 1860 1042 1896 sanctis

337 1929 494 1977 Angelis
508 1928 683 1963 adoratus
696 1925 738 1960 M
755 1927 804 1961 85
819 1925 883 1960 fin.
911 1931 952 1960 ut
968 1936 1042 1960 me-

338 1993 442 2029 dicus
471 1992 617 2040 sapiens
646 1989 881 2025 infirmitates
912 1989 1041 2036 aperit,

337 2071 411 2106 quo
442 2061 619 2092 sanentur
648 2057 723 2091 326
746 2053 769 2089 d
832 2054 1042 2089 venientem

337 2123 383 2158 ad
415 2121 464 2157 Se
493 2133 569 2156 non
599 2120 710 2168 ejicit,
736 2131 812 2154 non
832 2118 1043 2154 venientem

337 2186 438 2234 ejicit
460 2188 536 2223 328
558 2197 577 2221 e
624 2184 781 2221 Judaeis
800 2183 1044 2230 traditorique

339 2251 386 2287 ad
418 2251 517 2286 Eum
555 2250 781 2298 captandum
809 2248 1045 2284 venientibus

338 2315 553 2362 incognitus
575 2317 675 2350 1013
690 2314 726 2355 d,
752 2316 852 2349 1014
885 2318 922 2348 et
941 2324 1046 2359 prae-

339 2386 396 2415 ter
410 2379 522 2414 Illum
539 2391 649 2413 nemo
665 2391 732 2425 pro
748 2378 856 2413 nobis
876 2382 1045 2412 mortuus

345 2445 444 2479 1015
473 2442 532 2478 ab
581 2442 809 2489 Unigenitus
847 2446 889 2476 ut
928 2440 1044 2481 Deus,

340 2512 384 2542 ut
436 2506 561 2540 Homo
610 2504 886 2553 Primogenitus
924 2504 964 2540 M
996 2508 1045 2541 86

341 2570 422 2606 init.

288 2633 429 2673 Christi
450 2633 595 2680 Corpus
616 2638 700 2680 post
721 2633 1045 2668 Resurrectionem

342 2698 487 2746 Corpus
502 2709 644 2741 verum,
660 2709 736 2732 non
753 2697 883 2732 umbra
906 2699 1006 2733 1103
1022 2697 1046 2732 b

342 2769 380 2799 et
408 2762 516 2798 nobis
544 2761 783 2797 connaturale
809 2765 847 2796 et
868 2760 1046 2796 Divinum

342 2827 605 2874 vivificansque
647 2825 697 2861 iii.
737 2828 813 2862 480
901 2825 1048 2861 Natura

345 2903 459 2940 quum
488 2891 535 2927 sit
554 2894 694 2932 nostra,
716 2902 803 2927 cum
826 2890 881 2925 Eo
901 2895 938 2926 et
958 2901 1046 2926 con-

807 130 1018 166 INDEX
1077 130 1322 167 RERUM.

1669 141 1862 165 CHRKSTUS

1521 249 1864 285 conresurreximus

1160 314 1398 350 consedimus
1418 313 1459 349 M
1484 316 1544 351 13.

1106 378 1277 416 Christus
1298 378 1594 414 Resurrectionis
1623 382 1732 425 porta
1752 380 1827 414 402
1845 389 1864 412 e

1159 443 1274 478 vitam
1291 442 1484 490 pristinam
1501 449 1654 477 naturae
1670 442 1864 477 hominum

1161 507 1282 543 reddit
1314 507 1353 542 M
1377 509 1425 543 82
1451 506 1566 555 [Syru]
1617 506 1663 542 ad
1692 506 1864 542 taberna-

1159 250 1326 291 crucifixi
1382 262 1464 291 nos,

1162 572 1331 607 culorum
1372 571 1511 606 festum
1558 571 1654 606 clam
1700 570 1867 606 ascendit

1162 635 1419 670 admoniturus
1440 634 1623 675 Christus,
1654 635 1700 670 ad
1727 634 1865 669 saluta-

1161 713 1239 735 rem
1262 700 1474 735 Passionem
1496 699 1664 734 nondum
1686 699 1780 734 clam
1802 698 1867 734 sed

1162 765 1198 800 in
1236 765 1337 812 pullo
1380 763 1579 799 considens
1619 766 1709 805 404,
1741 766 1817 799 405
1847 774 1867 798 c

1162 829 1199 864 in
1228 829 1328 864 Test.
1360 829 1447 864 vet.
1487 833 1599 876 typus
1629 831 1705 864 404
1727 840 1758 872 e,
1790 830 1866 864 405

1162 894 1218 929 ab
1262 906 1337 928 non
1363 906 1430 940 pro
1457 893 1591 928 timore
1620 892 1773 928 recessit
1803 892 1869 927 sed

1163 959 1209 994 ad
1274 957 1589 1005 dispensationem
1647 956 1868 992 servandam

1165 1025 1240 1059 397
1263 1035 1282 1058 c
1322 1022 1443 1070 Regni
1462 1034 1538 1057 non
1558 1021 1627 1057 erit
1647 1021 1743 1061 finis,
1764 1033 1811 1056 ne
1831 1027 1869 1055 et

1164 1086 1304 1134 gloriae
1328 1092 1477 1121 nostrae
1498 1091 1597 1121 esset
1618 1084 1700 1120 finis
1721 1084 1768 1120 iii.
1792 1086 1868 1120 416

1162 1151 1395 1187 Justificatus
1425 1163 1497 1198 quo
1532 1149 1644 1185 modo
1674 1148 1715 1185 M
1738 1151 1774 1192 8,
1804 1161 1871 1196 per

1164 1215 1413 1251 obedientiam
1448 1214 1651 1262 perfectam
1691 1213 1795 1249 Illius
1833 1218 1870 1249 et

1163 1292 1232 1315 nos
1253 1279 1300 1314 iii.
1325 1281 1413 1323 598,
1436 1281 1523 1315 599.

1110 1343 1250 1381 Christi
1281 1356 1404 1379 sermo
1434 1356 1543 1391 saepe
1570 1343 1617 1378 ad
1636 1342 1871 1379 ‚Iudaeorum

1163 1407 1450 1456 intelligentiam
1477 1407 1683 1448 demissior,
1707 1406 1870 1442 animum

1164 1478 1289 1509 tamen
1317 1472 1510 1508 conditum
1535 1471 1777 1519 altioremque
1802 1471 1868 1507 ha-

1164 1538 1256 1573 bens
1277 1539 1353 1573 465
1373 1537 1409 1572 d.

1112 1602 1284 1639 Christus
1304 1608 1451 1637 torrens
1472 1600 1687 1636 deliciarum
1707 1602 1782 1637 468
1803 1600 1826 1635 d
1839 1612 1870 1645 e,

1168 1669 1243 1703 469
1258 1679 1290 1710 a,
1324 1666 1372 1702 iii.
1388 1669 1476 1709 430,
1498 1666 1543 1703 cf.
1565 1666 1605 1701 M
1629 1667 1675 1701 61
1703 1667 1754 1712 [p.
1771 1665 1866 1712 279]

1165 1731 1311 1767 medico
1332 1735 1567 1778 comparatus
1589 1732 1665 1766 894
1684 1730 1707 1765 d
1750 1729 1871 1765 hoedo

1167 1796 1213 1831 iii.
1238 1798 1315 1831 400
1370 1795 1490 1842 capris
1529 1795 1674 1830 duobus
1711 1794 1762 1830 iii.
1795 1796 1871 1830 422

1167 1861 1226 1896 ovi
1256 1860 1306 1896 iii.
1337 1862 1412 1895 595
1444 1859 1538 1894 aries
1562 1861 1663 1896 1096
1693 1858 1716 1894 b
1768 1865 1874 1906 petra

1168 1924 1211 1960 M
1236 1927 1282 1960 61
1321 1925 1374 1971 [p.
1398 1925 1493 1971 278]
1529 1924 1647 1959 nubes
1676 1923 1719 1958 M
1742 1925 1789 1959 61
1816 1923 1871 1970 [p.

1168 1990 1280 2035 279}

1114 2052 1307 2090 Christum
1341 2064 1422 2088 esse
1456 2052 1552 2087 Eum
1587 2051 1661 2096 Qui
1703 2051 1793 2087 dicit
1831 2064 1875 2087 ea

1168 2130 1261 2165 quae
1289 2130 1364 2152 non
1387 2122 1472 2152 sunt
1492 2116 1654 2152 hominis
1675 2117 1874 2164 opinantur

1169 2187 1206 2218 et
1244 2181 1402 2217 ministri
1441 2183 1517 2218 479
1585 2186 1875 2229 expectaverunt

1168 2246 1190 2282 J
1196 2246 1301 2282 udaei
1324 2248 1399 2282 624
1418 2246 1440 2281 b
1457 2246 1480 2280 d
1514 2245 1775 2282 absconditum
1794 2245 1874 2281 fore

1169 2310 1410 2346 nihilominus
1449 2312 1525 2346 624
1561 2310 1583 2345 d
1604 2322 1624 2345 e
1689 2322 1754 2345 cur
1799 2322 1875 2345 non

1168 2375 1310 2411 Lucem
1345 2374 1560 2423 simpliciter
1593 2374 1658 2409 sed
1693 2374 1875 2410 “Lucem

1169 2439 1336 2475 mundi’'
1368 2438 1417 2475 Se
1446 2438 1651 2486 appellatur
1673 2440 1764 2474 485.

1117 2504 1308 2541 Christum
1338 2503 1375 2538 in
1404 2502 1481 2538 vita
1511 2502 1631 2537 adhuc
1660 2515 1736 2538 non
1763 2515 1874 2550 quae-

1170 2572 1308 2608 rentes,
1326 2567 1363 2602 in
1378 2566 1506 2602 inferis
1523 2571 1559 2602 et
1574 2565 1681 2602 inviti
1697 2572 1875 2614 quaerent

1173 2635 1249 2668 500
1270 2632 1324 2666 ab
1338 2643 1370 2667 c.

1117 2696 1282 2737 Christo,
1303 2695 1448 2731 coelum
1472 2695 1624 2737 creanti,
1644 2695 1812 2744 Angelos
1839 2701 1876 2732 et

1170 2760 1439 2808 Archangelos,
1497 2760 1673 2795 miracula
1727 2765 1874 2808 patrare

1169 2824 1260 2860 nihil
1282 2827 1372 2861 523.

1118 2887 1257 2925 Christi
1291 2888 1531 2925 Divinitatem
1565 2888 1628 2936 qui
1659 2900 1735 2924 non
1769 2888 1873 2924 firme
