2012 3272
123 157 149 198 i.
174 170 206 196 Ι.
441 153 510 193 ΙΝ
550 151 892 193 EPISTOLAM
934 150 1017 191 AD
1062 150 1394 191 HEBRAEOS.
1628 152 1709 192 365

123 264 171 313 ἐν
207 265 266 329 τῇ
303 267 385 312 τοῦ
424 260 597 312 δούλου
636 263 816 327 μορφῇ,
859 258 1096 324 ὡμολόγει
1142 258 1195 309 τὸ
1242 258 1482 326 πλήρωμοι
1525 264 1609 310 7013
1655 262 1709 309 δι’
1733 217 1822 258 [107
1842 215 1923 256 M.]

124 344 243 407 ἡμᾶς
288 341 452 393 ἑαυτὸν
494 341 809 403 κενώσαντος,
851 340 1033 406 ἐθεώρει
1071 343 1154 403 τῆς
1190 340 1332 409 δόξης
1374 341 1428 391 τὸ
1469 342 1592 409 ὕψος
1630 347 1714 392 τοῦ

124 424 345 478 καθέντος
384 422 549 474 ἑαυτὸν
589 424 649 473 δι’
690 423 811 486 ἡμᾶς
844 426 906 476 εἰς
941 422 1226 473 ταπείνωσιν
1258 422 1390 476 ὅστις
1429 425 1505 472 καὶ
1542 421 1716 487 ταύτης

125 507 256 556 ἕνεκα
296 509 379 569 τῆς
417 506 565 558 αἰτίας
607 505 862 572 κληρονόμος
901 504 1075 555 πάντων
1115 508 1351 554 τεθεῖσθαι
1380 503 1580 569 λέγεται,
1609 505 1709 554 καί-
1734 532 1843 554 vem.

84 612 105 650 5
124 610 195 638 τοι
221 586 596 656 κατεξουσιάζων
622 591 716 637 τῶν
743 586 870 636 ὅλων
897 585 1018 636 καθὰ
1046 589 1122 635 καὶ
1151 590 1317 636 νοεῖται
1345 588 1419 636 καὶ
1445 586 1548 636 ε”στι
1575 585 1711 640 Θεός·

123 668 270 720 πάλιν
297 669 389 735 γὰρ
416 672 478 722 εἷς
513 668 596 718 τὸν
622 668 738 719 ἴδιον
763 673 976 719 πλοῦτον
1003 669 1239 736 ἀναφοιτᾷ
1270 668 1346 718 καὶ
1373 666 1490 728 μετὰ
1516 666 1712 733 σαρκός.

123 751 348 814 μεμένηκε
387 750 481 817 γὰρ
520 751 733 813 οὐδαμῶς
771 751 819 800 ἐν
857 754 915 817 τῇ
951 750 1060 800 καθ’
1105 749 1226 813 ἡμᾶς
1266 750 1491 818 πτωχείᾳ·
1545 751 1599 800 οὐ
1641 749 1717 800 διὰ

124 838 263 883 τοῦτο
297 832 543 897 γενόμενος
570 831 704 899 σὰρξ
735 835 810 881 ἵνα
836 831 1026 898 πτωχὸς
1061 832 1290 898 ἀπομείνῃ
1326 831 1432 892 μεθ’
1462 832 1606 895 ἡμῶν,
1634 830 1717 882 τὸν

124 914 241 964 ἴδιόν
266 937 314 965 τε
350 916 424 964 καὶ
461 915 696 979 θεοπρεπῆ
733 919 944 964 πλοῦτον
971 911 1248 975 ἀποβαλὼν,
1276 914 1386 963 ἀλλ’
1414 912 1490 963 ἵνα
1525 918 1715 975 μᾶλλον

59 1020 107 1046 10
126 996 252 1059 ἡμεῖς
292 998 333 1045 οἱ
372 1000 466 1046 τῶν
504 996 640 1046 θείων
673 993 987 1063 χαρισμάτων
1027 1000 1278 1048 νοσοῦντες
1316 994 1401 1058 τὴν
1441 995 1629 1057 ἔνδειαν,
1656 999 1714 1062 τῇ

125 1079 267 1128 αὑτοῦ
300 1079 507 1146 πτωχείᾳ
542 1076 907 1141 πλουτήσωμεν.
961 1078 1036 1128 καὶ
1076 1083 1191 1142 γοῦν
1216 1076 1331 1130 Υἱὸς
1367 1075 1432 1127 ὢν
1460 1077 1603 1145 φύσει
1639 1079 1713 1128 καὶ
1736 1086 1840 1117 ²001*
1855 1086 1923 1118 viii.

126 1159 362 1212 συναΐδιος
401 1163 467 1227 τῷ
503 1162 658 1224 Πατρὶ
698 1158 772 1209 ὅτε
813 1158 888 1209 διὰ
932 1161 1015 1222 τῆς
1060 1159 1196 1224 ἁγίας
1237 1159 1470 1225 παρθένου
1511 1161 1587 1210 καὶ
1628 1159 1714 1222 τὴν
1734 1139 1764 1169 9’

127 1240 246 1291 κατὰ
278 1240 436 1307 σάρκα
470 1241 693 1305 γέννησιν
722 1239 927 1302 ὑπέμεινε
955 1241 1008 1290 δι’
1038 1241 1171 1303 ἡμᾶς,
1200 1242 1262 1293 ὡς
1289 1245 1350 1295 εἰς
1378 1240 1526 1308 ἀρχὰς
1554 1239 1712 1305 υἱότη-

126 1346 205 1376 τος
243 1321 630 1388 ἀνακομιζόμενος
674 1321 855 1389 ἔφασκε
896 1321 971 1372 διὰ
1009 1328 1092 1372 τοῦ
1132 1322 1308 1372 Δαυείδ
1347 1330 1375 1351 “
1404 1322 1578 1388 Κύριος
1617 1320 1713 1374 εἶπε
1735 1342 1788 1372 Ps.
1805 1341 1838 1373 ii.
1859 1348 1886 1381 7.

61 1417 107 1456 15
128 1411 154 1433 ‘⁶
179 1403 298 1469 πρὸς
331 1403 526 1467 μέΥὶός
559 1426 649 1467 μου
676 1401 717 1454 εἶ
749 1403 825 1466 σὺ,
854 1403 944 1469 ἐγὼ
975 1403 1185 1469 σήμερον
1212 1402 1470 1468 γεγέννηκά
1505 1405 1608 1454 σε·”
1662 1403 1716 1455 τὸ

128 1484 294 1550 γάρτοι
333 1485 543 1552 σήμερον
578 1490 739 1551 καιροῦ
771 1491 854 1536 τοῦ
880 1485 1184 1549 ἐνεστηκότος
1222 1486 1331 1536 καθ’
1361 1484 1414 1536 ὃν
1441 1487 1515 1536 καὶ
1555 1484 1716 1551 γέγονε

128 1565 263 1634 σὰρξ
300 1571 496 1617 ποιεῖται
543 1565 629 1630 τὴν
665 1565 895 1631 δήλωσιν·
954 1567 1179 1633 ὑπάρχων
1225 1566 1272 1617 δὲ
1321 1568 1464 1635 φύσει
1502 1570 1577 1618 καὶ
1622 1572 1718 1617 τῶν

128 1647 254 1698 ὅλων
299 1648 487 1713 Κύριος.
545 1648 871 1714 μεμαρτύρηκε
909 1647 1003 1715 γὰρ
1047 1648 1267 1712 Ἰωάννης
1310 1650 1414 1714 περὶ
1455 1650 1596 1699 αὐτοῦ
1645 1648 1716 1700 ὅτι

127 1736 154 1758 “
180 1734 241 1783 εἰς
279 1729 338 1780 τὰ
376 1730 467 1780 ἰ’δια
494 1729 677 1794 ἧλθεν,”
718 1730 810 1781 ἴδια
849 1730 1004 1795 λέγων
1039 1731 1181 1780 αὐτοῦ
1220 1729 1303 1780 τὸν
1329 1730 1527 1794 κόσμον,
1558 1732 1620 1785 ὡς
1654 1734 1715 1784 εἷς
1734 1752 1766 1782 S.
1779 1752 1879 1783 Joan.
1897 1752 1918 1782 i.

60 1833 110 1859 20
129 1812 274 1880 δόξαν
322 1811 538 1876 ἀσυνήθη
589 1811 674 1875 τὴν
724 1815 806 1875 τῆς
857 1814 1106 1874 βασιλείας
1159 1812 1452 1874 καλούμενος
1503 1812 1715 1880 ε”φασκεν
1739 1806 1788 1826 H‘

129 1900 156 1923 ‘⁶
179 1893 309 1959 Ἐγὼ
348 1893 395 1943 δὲ
433 1894 730 1958 κατεστάθην
764 1892 994 1953 βασιλεὺς
1030 1895 1102 1945 ὑπ’
1145 1894 1327 1956 αὐτοῦ,”
1371 1897 1518 1957 δῆλον
1557 1893 1604 1944 δὲ
1644 1893 1715 1944 ὅτι
1735 1910 1789 1940 Ps.
1806 1908 1839 1940 ii.
1856 1907 1887 1940 6.

129 1980 211 2025 τοῦ
251 1978 376 2026 Θεοῦ
414 1977 490 2026 καὶ
531 1974 734 2041 Πατρός·
786 1975 1014 2042 ἠνέσχετο
1060 1973 1106 2025 δὲ
1150 1980 1244 2025 τῶν
1283 1974 1519 2037 τοιούτων,
1560 1976 1613 2026 ἵν’
1656 1978 1717 2029 ὡς

130 2056 377 2122 ἄνθρωπος
423 2059 712 2120 υἱοποιηθεῖς,
758 2057 905 2108 καίτοι
959 2056 1079 2107 κατὰ
1118 2057 1268 2125 φύσιν
1313 2057 1538 2124 ὑπάρχων
1582 2056 1715 2119 Θεὸς,

131 2136 392 2205 ὀδοποιήσῃ
418 2139 472 2188 δι’
502 2140 667 2190 ἑαυτοῦ
694 2141 751 2205 τῇ
791 2139 1042 2203 ἀνθρώπου
1069 2139 1213 2206 φύσει
1246 2142 1329 2202 τῆς
1366 2140 1598 2193 υἱοθεσίας
1632 2139 1718 2202 τὴν

63 2235 111 2274 25
130 2220 332 2289 μεθέξιν,
360 2223 434 2270 καὶ
474 2222 659 2288 καλέσῃ
696 2219 814 2286 πρὸς
855 2222 1109 2282 βασιλείαν
1136 2222 1345 2287 οὐρανῶν
1377 2220 1484 2274 τοὺς
1517 2222 1607 2272 ὑπο
1635 2224 1718 2284 τῆς

132 2302 362 2367 ἁμαρτίας
400 2302 807 2367 τυραννουμένους·
861 2300 1025 2367 ὥσπερ
1064 2302 1155 2368 γὰρ
1197 2300 1271 2352 οἷά
1309 2325 1412 2352 τινα
1451 2305 1628 2368 κλῆρον
1667 2304 1717 2352 ἐκ

130 2382 308 2448 πατρὸς
347 2387 408 2436 εἷς
447 2383 561 2434 ὅλον
599 2383 653 2434 τὸ
688 2384 745 2451 ἐξ
777 2385 918 2435 αὐτοῦ
954 2383 1173 2448 διήκοντα
1210 2384 1343 2449 γένος
1378 2381 1430 2437 ἃς
1468 2386 1516 2435 ἐκ
1554 2386 1635 2447 τῆς
1669 2385 1718 2434 ἐν

130 2463 288 2528 Ἀδὰμ
324 2464 645 2530 παραβάσεως
682 2465 938 2532 συμφορὰς
977 2465 1258 2532 ἐσχήκαμεν,
1287 2468 1379 2534 ἀρᾷ
1416 2467 1491 2516 καὶ
1531 2464 1717 2534 θανάτῳ

131 2546 511 2612 πεφορτισμένοι,
546 2547 668 2597 οὕτω
707 2547 854 2597 πάλιν
893 2551 954 2601 εἷς
993 2545 1120 2598 ἅπαν
1157 2546 1211 2597 τὸ
1251 2547 1546 2612 ἀνθρώπινον
1584 2547 1718 2613 γένος

64 2644 114 2680 30
133 2626 192 2676 τὰ
224 2629 271 2677 ἐν
296 2631 496 2695 Χριστῷ
529 2630 844 2693 διαδραμεῖται
882 2628 1095 2694 λαμπρά·
1150 2628 1330 2696 δέχεται
1362 2628 1454 2694 γὰρ
1480 2629 1602 2692 ἡμῖν,
1630 2630 1717 2695 οὐχ

133 2709 281 2777 ἑαυτῷ
320 2708 376 2772 δὴ
414 2708 602 2762 πάντως
637 2710 662 2759 ὁ
693 2708 982 2775 Μονογενὴς,
1009 2710 1196 2775 πλήρης
1235 2709 1328 2775 γάρ
1369 2713 1500 2761 ἐστιν
1532 2710 1601 2774 ὅτι
1641 2712 1716 2760 καὶ

135 2789 278 2858 φύσει
305 2789 440 2850 Θεὸς,
467 2793 610 2840 δεῖται
647 2789 695 2840 δὲ
735 2790 858 2843 ὅλως
897 2791 1094 2853 οὐδενὸς,
1131 2792 1488 2857 καταπλουτίζει
1527 2796 1717 2854 μᾶλλον

135 2869 273 2924 αὐτὸς
299 2875 393 2923 τοῖς
419 2870 596 2922 ἄνωθεν
621 2873 815 2937 ἀγαθοῖς
841 2872 927 2936 τὴν
953 2872 1219 2936 σύμπασαν
1246 2874 1415 2923 κτίσιν.
