2001 3257
75 806 234 857 Slfatth.

73 861 164 881 xvm.
179 859 191 880 1
201 860 226 881 2.

74 967 125 998 Ib.
142 967 209 999 xiii.

77 2204 126 2236 Of.
144 2205 176 2236 S.

78 2248 158 2280 Luc.
170 2248 238 2280 xiii.

80 2300 130 2333 29.

80 2607 135 2639 ΡΒ.

80 2650 200 2681 cxxvii.
214 2658 241 2681 2.

297 124 377 163 162
698 123 749 164 Β.
782 123 1057 163 CYRILLI
1101 123 1484 164 ALEXANDR.
1654 123 1738 163 xxi.
1758 134 1881 174 7-14.

295 231 453 300 ἔξεστι
493 236 623 293 νοεῖν,
660 230 713 281 τὸ
744 230 809 294 μὴ
839 228 1098 281 ἀτέλεστον
1130 231 1328 282 ε”σεσθαι
1362 236 1458 282 τῶν
1489 231 1637 297 ἁγίων
1664 228 1877 282 ἀποστό-

297 320 397 363 λων
423 312 505 363 τὸν
530 311 692 364 πόνον.
746 314 1062 378 παρέστησαν
1092 312 1186 378 γὰρ
1219 316 1285 381 τῷ
1317 317 1553 379 θηρᾶσθαι
1592 309 1884 378 διατεταχότι

297 400 392 445 τῶν
426 395 770 460 τεθηρευμένων
805 394 888 444 τὸν
927 393 1088 461 ὄχλον,
1126 392 1175 448 ὃς
1210 397 1283 444 καὶ
1318 397 1365 445 ἐν
1405 399 1565 463 ἱχθῦσι
1604 392 1884 457 σημαίνεται

251 486 278 527 b
298 475 380 526 τὸν
420 475 620 542 ἀριθμὸν
646 475 765 541 ρνγ’·
828 481 911 526 τοῦ
950 475 1035 539 μὲν
1074 474 1252 538 ἑκατὸν,
1278 474 1339 530 ὥς
1365 499 1420 542 γε
1452 499 1532 540 μοι
1559 476 1774 544 φαίνεται
1808 474 1883 524 καὶ

299 559 425 608 δοκεῖ
461 562 618 611 καλῶς
661 557 795 624 ἔχειν,
837 557 890 608 τὸ
928 556 1169 622 πλήρωμα
1214 562 1308 608 τῶν
1353 560 1499 609 ἐθνῶν
1545 557 1877 621 σημαίνοντος·

296 639 628 704 πληρέστατος
654 638 747 705 γὰρ
775 640 799 689 ὁ
824 637 990 690 ἑκατὸν
1016 638 1213 705 ἀριθμὸς
1241 641 1290 690 ἐκ
1317 640 1524 690 δεκάδων
1550 639 1660 689 δέκα
1686 637 1880 703 συγκεί-

298 742 448 783 μενος,
475 720 713 787 τοιγάρτοι
753 723 827 771 καὶ
859 720 998 773 αὐτὸς
1038 722 1062 771 ὁ
1104 720 1277 787 Κύριος
1314 721 1445 785 ἡμῶν
1471 720 1657 785 Ἰησοὺς
1698 721 1722 770 ὁ
1757 722 1876 784 Χρι-

299 800 430 863 στὸς,
455 801 569 853 ποτὲ
608 802 692 865 μὲν
717 802 883 854 ἑκατὸν
909 800 1027 853 εἶναί
1061 807 1185 870 φησι
1220 802 1279 854 τὰ
1305 803 1579 871 ὑπάρχοντα
1610 803 1734 871 αὐτῷ
1767 799 1885 866 πρό-

300 888 440 946 βατα,
472 883 525 935 τὸ
560 886 747 938 τελείως
782 885 901 952 ἔχειν
927 886 974 935 ἐν
1002 886 1185 954 ἀριθμῷ
1224 884 1283 935 τὰ
1322 884 1494 951 λογικὰ
1533 885 1770 948 κτίσματα
1810 881 1885 932 διὰ

299 965 466 1017 τούτου
506 968 677 1030 δηλῶν,
705 966 818 1018 ποτὲ
858 966 906 1017 δὲ
938 969 1028 1032 γῆν
1059 966 1144 1031 τὴν
1172 966 1372 1033 ἀρίστην
1410 965 1453 1034 ρ’
1496 964 1884 1034 καρποφορήσειν
1946 1034 1949 1038 .

259 1069 281 1095 c
300 1048 644 1115 διισχυρίσατο,
671 1047 725 1099 τὸ
752 1048 933 1099 τέλειον
958 1052 1019 1102 εἷς
1047 1049 1427 1117 εὐκαρποφοριάν
1452 1052 1535 1113 τῆς
1559 1049 1696 1102 ὁσίας
1723 1049 1882 1115 ψυχῆς

298 1127 374 1179 διὰ
405 1129 573 1180 τούτου
608 1132 870 1194 σημαίνων·
924 1136 1008 1182 τοῦ
1046 1130 1100 1180 δέ
1133 1154 1185 1197 γε
1221 1130 1513 1195 πεντήκοντα
1547 1129 1886 1197 παρατιθέντος

297 1215 359 1264 εἰς
398 1209 563 1275 νόησιν
602 1214 737 1262 οἱονεὶ
775 1211 829 1263 τὸ
869 1214 967 1263 κατ’
1009 1211 1212 1278 ἐκλογὴν
1254 1217 1430 1276 λεῖμμα
1468 1212 1658 1279 χάριτος
1696 1216 1792 1262 τῶν
1833 1211 1890 1279 ἐξ

296 1292 513 1358 Ἰσραὴλ,
568 1295 615 1343 ἐν
660 1294 820 1357 ἡμίσει
868 1294 962 1360 γὰρ
1004 1299 1098 1345 τῶν
1143 1293 1310 1345 ἑκατὸν
1355 1295 1414 1345 τὰ
1458 1293 1765 1358 πεντήκοντα,
1810 1296 1885 1343 καὶ

298 1374 506 1425 λείπεται
540 1382 622 1426 τοῦ
653 1377 833 1427 τελείου
864 1376 983 1442 πρὸς
1019 1375 1231 1443 ἀριθμόν·
1282 1381 1375 1427 τῶν
1402 1377 1457 1428 δέ
1478 1401 1530 1443 γε
1556 1380 1698 1442 τριῶν
1724 1380 1880 1426 εἰσκο-

297 1455 439 1522 μίζειν
466 1458 734 1520 δυναμένων
761 1461 843 1522 τῆς
870 1460 1005 1525 ἁγίας
1036 1482 1083 1509 τε
1121 1460 1195 1509 καὶ
1222 1460 1477 1523 ὁμοουσιόυ
1504 1458 1711 1525 Τριάδος
1746 1461 1807 1511 ὡς
1839 1459 1888 1508 ἐν

299 1540 482 1608 ἀριθμῷ
508 1538 637 1609 μόνῳ
675 1539 761 1604 τὴν
800 1539 1027 1604 δήλωσιν,
1071 1541 1124 1605 ἧς
1166 1545 1228 1594 εἷς
1268 1541 1414 1610 δόξαν
1453 1543 1529 1592 καὶ
1557 1539 1887 1603 ἀκατάληκτον

299 1620 545 1689 εὐφημίαν,
584 1622 612 1685 ἡ
658 1627 752 1673 τῶν
797 1622 871 1673 διὰ
916 1623 1122 1676 πίστεως
1174 1622 1519 1690 τεθηρευμένων
1563 1621 1887 1691 ἀναγράφεται

255 1708 282 1748 d
300 1700 391 1768 ζωὴ
418 1704 492 1753 καὶ
520 1709 687 1754 νοεῖται
727 1703 1112 1770 συνεζευγμένως.
1164 1705 1285 1759 Θεὸς
1310 1704 1402 1771 γὰρ
1430 1707 1478 1756 ἐν
1505 1705 1632 1758 ὅλοις
1658 1706 1761 1755 ἐστὶ
1790 1709 1887 1758 τοῖς

297 1784 606 1836 πιστεύουσιν
633 1785 772 1852 ἐγγὺς
799 1786 932 1854 ἔχων,
960 1786 1080 1836 κατά
1110 1810 1163 1852 γε
1190 1785 1273 1837 τὸν
1300 1789 1348 1837 ἐν
1376 1789 1599 1856 ἁγιασμῷ
1636 1785 1885 1848 νοούμενον

297 1865 488 1931 τρόπον,
508 1866 614 1921 τοὺς
642 1873 737 1921 τοῖς
764 1869 1085 1934 εὑαγγελικοῖς
1113 1870 1542 1931 ἀναπεπεισμένους
1569 1869 1883 1935 κηρύγμασιν.

295 1948 450 2013 ἐπειδὴ
492 1949 538 2000 δὲ
581 1953 657 2001 καὶ
701 1949 989 2015 ἁνειλκύσθη
1031 1952 1076 2001 τὲ
1122 1948 1302 2013 δίκτυον,
1343 1951 1435 2019 ἔφη
1478 1951 1625 2002 πάλιν
1656 1951 1680 2001 ὁ
1710 1950 1885 2017 Κύριος

297 2031 429 2093 ἡμῶν
467 2036 563 2085 τοῖς
602 2033 751 2097 ἁγίοις
783 2037 1013 2096 μαθηταῖς
1040 2035 1175 2084 Δεῦτε
1206 2036 1485 2102 ἀριστήσατε,
1513 2035 1589 2083 καὶ
1617 2031 1692 2083 διὰ
1719 2032 1886 2083 τούτου

300 2113 347 2164 δὲ
375 2112 594 2177 δηλονότι
623 2114 876 2177 δικοίσκων,
904 2115 973 2165 ὅτι
1005 2114 1123 2178 μετὰ
1154 2115 1326 2168 πόνους
1352 2119 1427 2166 καὶ
1456 2119 1652 2182 ἱδρῶτας
1678 2114 1785 2168 τοὺς
1811 2116 1887 2166 ἐπὶ

299 2199 394 2248 τοῖς
433 2196 732 2259 κεκλημένοις
770 2220 818 2247 τε
858 2198 933 2247 καὶ
973 2197 1404 2260 ἀνασεσωσμένΟις,
1439 2197 1880 2261 συνανακλιθήσον-

300 2300 376 2327 ται
416 2276 562 2328 πάλιν
602 2279 740 2347 αὐτῷ,
767 2277 886 2329 κατὰ
920 2280 1006 2343 τὴν
1044 2280 1188 2329 αὐτοῦ
1225 2285 1308 2330 τοῦ
1349 2283 1568 2346 Σωτῆρος
1599 2277 1775 2348 φωνὴν,
1813 2280 1888 2329 καὶ

302 2358 581 2410 συνέσονται
629 2359 702 2410 διὰ
745 2360 935 2421 παντὸς,
975 2361 1316 2426 παρακειμένης
1359 2363 1514 2415 αὐτοῖς
1555 2365 1637 2425 τῆς
1686 2361 1888 2428 ἀῤῥήτου

264 2444 497 2507 θτρυφῆς,
524 2445 834 2506 πνευματικῆς
874 2445 1022 2507 δῆλον
1050 2443 1120 2494 ὅτι
1161 2445 1285 2497 θείας
1324 2467 1372 2494 τε
1408 2447 1482 2494 καὶ
1523 2443 1636 2510 ὑπὲρ
1671 2449 1779 2494 νοῦν
1805 2442 1887 2493 τὸν

305 2521 539 2588 ἡμέτερον.
594 2522 739 2586 μόνον
784 2524 831 2574 δὲ
877 2526 978 2592 οὐχὶ
1026 2530 1356 2589 κατασημᾶναι
1404 2525 1629 2586 βούλεται
1674 2524 1887 2592 Χριστὸς

977 2606 988 2623 Ι

303 2603 356 2654 τὸ
382 2605 430 2654 ἐν
455 2607 671 2672 ψαλμοῖς
702 2606 938 2671 εἰρημένον
965 2610 1034 2657 ὃτι
1059 2614 1086 2636 “
1109 2611 1152 2658 T
1156 2606 1234 2660 ους
1260 2606 1466 2673 καρποὺς
1493 2612 1585 2658 τῶν
1611 2606 1769 2658 πόνων
1796 2629 1887 2658 σου
1910 2628 1960 2664 30

355 2748 407 2770 10.
434 2737 703 2783 καρποφορὴσας
721 2739 762 2772 Ε.
926 2751 978 2774 12.
1003 2739 1225 2785 πεντήκοντα]
1251 2745 1286 2781 -1-
1308 2742 1456 2775 τάλαντα
1474 2741 1515 2775 Ε.
1685 2752 1737 2785 13.
1765 2741 1888 2786 -λογὴν

302 2785 428 2828 λεῖμμα
444 2786 583 2829 χάριτος
600 2797 670 2818 om.
690 2786 816 2829 (spatio
840 2797 878 2819 12
896 2786 968 2820 fere
986 2787 1051 2820 litt.
1072 2787 1204 2830 relicto)
1224 2787 1264 2821 E.
1390 2798 1445 2821 22.
1473 2789 1526 2821 καὶ
1544 2794 1765 2832 assumptum
1784 2799 1825 2821 ex
1847 2788 1886 2822 E.

304 2842 360 2874 23.
387 2833 491 2864 Δεῦτε
508 2831 717 2876 ἀριστήσατε
735 2844 804 2865 om.
825 2833 952 2876 (spatio
975 2844 1015 2878 19
1034 2833 1104 2867 fere
1121 2834 1186 2867 litt.
1205 2834 1340 2878 relicto)
1362 2833 1401 2867 E.
1602 2845 1658 2877 25.
1686 2835 1886 2868 συνανακλι-

303 2878 444 2920 θήσεται
465 2878 505 2912 Ε.
682 2878 734 2913 26.
761 2878 821 2922 τὴν
837 2880 925 2924 αὐτῷ
946 2879 988 2913 Ε.
1171 2889 1225 2924 27.
1252 2880 1509 2925 παρακειμένοις
1528 2880 1568 2914 Ε.
1748 2881 1803 2915 28.
1828 2881 1887 2915 τὸν

303 2922 380 2958 καθ’
399 2923 514 2970 ἕτερον
534 2925 573 2959 E.
752 2936 808 2970 30.
834 2940 890 2971 γρ.
908 2926 1091 2973 ψαλτηρίῳ
1111 2926 1190 2972 (Sic)
1210 2927 1236 2960 F
1254 2939 1324 2972 mg.

1904 571 1927 611 :a

1909 1811 1959 1837 20
