1981 3247
254 139 330 175 648

308 270 382 293 non
436 258 514 292 sine
570 257 693 292 fructu
735 258 808 293 278
842 268 874 298 o,
916 258 1015 292 1032

308 322 380 358 bc.

255 386 383 423 Sancti
419 399 440 422 a
473 387 581 421 nobis
614 385 836 426 honorandi,
872 397 940 420 nec
973 384 1016 420 iis

307 464 400 497 quae
431 451 466 486 in
498 451 634 486 sanctis
663 463 776 497 parva
804 456 841 485 et
861 454 1016 485 externa

308 515 380 551 sint
415 515 689 562 respiciendum
727 515 791 550 sed
831 526 923 562 quae
962 513 1015 548 in-

307 586 414 615 terna
433 586 470 615 et
490 592 511 615 a
532 580 612 615 Deo
635 585 757 615 amata
779 582 854 616 343
872 591 902 620 e,
927 581 1014 620 344,

308 647 384 680 543
406 644 429 679 b
443 657 474 679 c.

254 707 382 744 Sancti
415 709 553 744 vitibus
582 708 810 755 floribusque
840 713 875 743 et
907 707 1015 755 spicis

306 774 510 820 comparati
534 774 608 809 387
631 786 662 809 a.

252 837 468 875 Sanctificat
517 839 563 873 Se
608 837 782 873 Christus
827 837 1013 884 quomodo

307 905 383 939 354
405 915 436 939 3.

251 973 274 987 “
293 967 491 1003 Sanctifico
513 966 702 1014 Meipsum
717 966 737 978 ”
756 986 779 996 =
797 966 912 1002 offero
930 967 1012 1002 Me-

304 1032 423 1079 ipsum
447 1033 522 1068 452
545 1032 579 1076 b,
600 1031 645 1067 cf.
669 1033 746 1067 989
769 1043 846 1078 sqq.
864 1050 886 1060 =
904 1038 1012 1066 natu-

304 1109 382 1132 ram
417 1096 629 1131 Humanam
661 1097 785 1131 Meam
820 1096 1012 1131 sanctifico

304 1161 351 1197 iii.
375 1163 463 1197 380.

251 1225 515 1262 Sanctificatur
546 1225 583 1260 id
614 1225 712 1272 quod
744 1225 823 1260 Deo
859 1225 1012 1261 offertur

306 1292 384 1327 354
406 1290 441 1325 b.

251 1354 578 1396 sanctificationis,
618 1355 719 1389 modi

304 1420 371 1465 cd,
393 1422 480 1456 989.

250 1484 481 1532 Sanguinem
513 1483 652 1520 Christi
684 1483 842 1519 bibimus
872 1482 912 1519 M
937 1485 1009 1520 162

302 1550 381 1586 init.

249 1614 412 1663 Sanguis
461 1614 600 1650 Christi
647 1614 741 1649 Abel
790 1613 1010 1662 sanguinem

302 1679 414 1728 longe
436 1692 614 1727 superans
635 1678 680 1714 iii.
706 1681 794 1715 398.
832 1707 834 1710 s

763 1353 898 1389 diversi
933 1356 1006 1390 671

250 1743 412 1792 Sanguis
429 1744 640 1792 justificans
660 1743 708 1780 iii.
732 1744 820 1779 398.

250 1811 271 1828 “
286 1808 454 1857 Sapiens,
488 1809 619 1849 scriba,
652 1807 917 1856 conquisitor'’
949 1808 1011 1856 qui

305 1874 347 1908 M
372 1876 433 1909 50.

249 1936 390 1973 Sat-ana
423 1937 481 1978 de,
519 1937 752 1984 quorundam
791 1937 1010 1985 imaginatio

304 2004 380 2039 559
403 2014 421 2037 c
438 2002 461 2037 d
508 2002 714 2038 confutatio
742 2003 818 2038 560
841 2002 862 2037 b
880 2014 898 2037 c
946 2002 1007 2037 In·

302 2067 527 2102 carnationis
556 2072 724 2113 tempore
751 2079 857 2102 ruere
882 2066 1010 2113 incipit

301 2131 468 2179 tyrannis
498 2131 578 2178 ejus
609 2133 685 2167 559
717 2143 736 2166 e
792 2131 1010 2167 tentationis

302 2196 436 2231 modus
468 2198 542 2233 738
565 2197 654 2231 abc
706 2201 850 2243 partem
881 2195 1010 2230 debili-

301 2273 403 2296 orem
425 2260 644 2308 aggreditur
664 2260 712 2296 ib.
729 2272 748 2295 c
791 2259 1008 2307 praesertim

301 2325 460 2360 animam
493 2325 726 2360 Eucharistia
755 2337 831 2359 non
856 2324 1007 2360 robora-

301 2395 376 2424 tam
391 2389 439 2425 ib.
456 2389 479 2424 d
517 2389 695 2424 Messiam
718 2401 798 2424 csse
816 2388 1009 2424 Christum

302 2453 420 2489 nescit
443 2456 514 2489 741
540 2465 571 2493 c,
598 2456 673 2489 742
696 2466 716 2489 a
759 2465 901 2488 moram
932 2453 1009 2488 suis

301 2530 376 2552 non
406 2517 588 2564 permittit
620 2520 694 2553 743
717 2518 752 2558 b,
786 2520 862 2553 744
887 2530 908 2552 3
962 2530 1008 2553 ne

299 2581 395 2617 forte
415 2594 479 2616 eos
499 2581 687 2628 poeniteat
709 2584 784 2617 743
806 2594 836 2617 c.

247 2645 425 2681 Satanam
464 2645 685 2681 conculcant
724 2645 851 2680 Sancti
887 2647 962 2681 922
984 2645 1007 2681 b

301 2711 469 2758 legiones
498 2711 577 2758 ejus
607 2722 673 2757 per
700 2709 860 2757 Spiritus
882 2709 1008 2745 Sancti

301 2776 489 2817 virtutem,
511 2774 813 2821 orationibusque
835 2773 910 2808 suis
931 2778 1003 2808 ter-

300 2846 383 2875 rent
434 2839 639 2887 fugantque
686 2839 735 2873 ib.
817 2838 1005 2885 quomodo

300 2903 409 2950 hujus
430 2903 558 2939 mundi
579 2903 750 2950 princeps
772 2904 848 2938 923
872 2915 892 2937 a
906 2902 940 2937 b.

788 136 1001 172 INDEX
1059 136 1302 171 RERUM.

1711 148 1850 173 SANCTI

1090 255 1321 303 Scenopegia
1366 267 1561 302 corporum
1608 257 1848 292 resurrectio-

1141 319 1197 354 nis
1238 325 1350 367 typus
1392 322 1468 356 270
1488 320 1526 362 b,
1567 323 1643 357 402
1667 321 1734 362 de,
1771 323 1846 358 468

1141 397 1171 426 c,
1195 386 1271 420 690
1289 384 1344 420 bc
1375 390 1520 420 torrens
1550 397 1569 420 e
1600 398 1671 432 quo
1699 391 1849 433 sumpta

1140 449 1348 484 necessaria
1377 449 1423 484 ad
1453 449 1601 489 festum,
1625 449 1765 485 Christi
1788 455 1848 498 ty-

1140 526 1207 561 pus
1230 515 1306 550 469
1328 526 1349 548 a
1387 513 1593 549 necessaria
1622 513 1701 561 ipsa
1730 514 1846 549 bono-

1138 590 1221 613 rum
1242 578 1450 613 futurorum
1473 579 1550 614 469
1573 578 1607 613 b.

1086 642 1249 678 Scientia
1270 643 1467 690 aliquando
1491 655 1558 690 pro
1589 649 1611 661 ‘¹
1630 643 1846 691 propinqui-

1138 712 1214 742 tate
1229 707 1249 720 ''
1273 709 1361 749 652,
1386 709 1476 748 653,
1504 709 1579 743 655
1602 720 1622 743 a
1638 707 1672 743 b.

1085 772 1246 808 Scientia
1284 772 1329 808 de
1363 772 1520 815 Divinis,
1557 784 1649 819 quae
1678 775 1752 809 773
1775 772 1846 815 bc,

1138 839 1213 873 952
1244 837 1267 872 b
1316 836 1467 872 deliciae
1503 837 1683 884 quaedam
1720 839 1796 873 827
1827 849 1847 873 c

1137 914 1211 936 non
1259 901 1403 949 aequali
1451 913 1625 936 mensura
1673 902 1847 938 omnibus

1137 966 1223 1001 data
1244 967 1319 1003 828
1339 966 1408 1007 de,
1428 968 1519 1007 829,
1538 968 1614 1002 830
1630 979 1649 1002 c
1682 967 1847 1014 perfecta

1136 1043 1228 1078 quae
1250 1033 1327 1067 936
1342 1043 1361 1066 c
1397 1030 1541 1066 etiamsi
1563 1043 1609 1066 ex
1630 1037 1748 1078 parte,
1770 1044 1846 1067 non

1135 1101 1260 1131 tamen
1316 1096 1458 1131 incerta
1498 1097 1574 1131 925
1597 1095 1631 1135 d,
1669 1097 1746 1132 936
1782 1108 1801 1130 c
1822 1095 1847 1131 d

1134 1172 1310 1207 praesens
1366 1159 1563 1207 futuraque
1628 1165 1847 1209 comparata

1136 1227 1212 1261 938
1235 1225 1257 1260 b
1273 1237 1291 1260 c
1306 1225 1340 1260 d.

1083 1290 1244 1326 Scientia
1265 1290 1310 1325 de
1332 1289 1414 1324 Deo
1435 1301 1522 1324 vera
1542 1289 1618 1324 vita
1638 1294 1789 1324 aeterna
1808 1294 1846 1325 et

1136 1354 1323 1402 quomodo
1346 1357 1435 1397 953,
1460 1356 1536 1390 954
1559 1354 1629 1389 ab.

1082 1417 1247 1454 Scientia
1290 1432 1413 1455 rerum
1456 1419 1715 1454 nonnullarum
1761 1431 1846 1454 cum

1137 1484 1217 1519 Deo
1239 1484 1453 1532 reponenda
1472 1483 1521 1520 iii.
1537 1486 1626 1525 441,
1645 1483 1690 1520 cf.
1712 1483 1749 1519 S.
1769 1483 1846 1519 Ire-

1139 1550 1220 1586 naei
1241 1550 1302 1586 lib.
1324 1549 1358 1585 ii.
1381 1561 1412 1585 e.
1435 1550 1484 1585 28
1506 1547 1618 1584 Mass.

1082 1615 1264 1651 “Scimus
1304 1614 1387 1662 quia
1418 1613 1576 1650 Messias
1606 1612 1746 1655 venit,''
1775 1615 1845 1649 sci-

1134 1678 1845 1726 musSamaritanorumJudaeorumque

1134 1757 1253 1793 genus
1274 1743 1509 1791 amplectitur
1530 1745 1606 1779 459
1630 1743 1664 1778 d.

1082 1811 1101 1828 ‘⁴
1120 1809 1221 1845 Scire
1257 1809 1415 1844 Puerum
1456 1808 1654 1855 reprobare
1694 1807 1844 1847 malum,

1134 1874 1272 1921 eligere
1292 1873 1432 1908 bonum
1449 1872 1469 1884 '³
1493 1871 1579 1919 quid
1601 1874 1674 1908 411
1701 1872 1722 1906 d
1739 1884 1769 1907 e.

1080 1937 1313 1985 Scripturam
1331 1942 1496 1972 sanctam
1515 1936 1703 1983 sequimur
1722 1938 1796 1972 162
1812 1948 1843 1977 a,

1135 2004 1209 2039 368
1233 2002 1268 2042 d,
1300 2003 1375 2037 801
1400 2001 1435 2042 d,
1467 2002 1542 2037 812
1565 2014 1597 2041 c,
1631 2002 1706 2037 862
1729 2013 1761 2041 c,
1793 2000 1841 2036 iii.

1134 2069 1222 2109 508,
1247 2069 1336 2111 513,
1359 2068 1436 2102 525
1486 2078 1698 2101 reveremur
1724 2067 1800 2101 850
1823 2076 1842 2100 e

1133 2137 1298 2179 potestas
1333 2131 1412 2178 ejus
1453 2132 1529 2167 318
1551 2130 1575 2165 b
1636 2129 1844 2178 incompre-

1133 2195 1323 2232 hensibilis
1346 2197 1421 2231 319
1443 2195 1466 2230 b
1511 2194 1699 2230 Ecclesiae
1719 2194 1844 2230 liberis

1135 2261 1258 2297 cibum
1283 2262 1359 2296 452
1383 2273 1413 2295 e.

1080 2324 1272 2372 Scriptura
1310 2329 1439 2359 sancta
1482 2323 1680 2358 scrutanda
1714 2325 1787 2358 174
1810 2336 1842 2364 a,

1137 2392 1238 2426 1006
1257 2402 1276 2424 c
1315 2388 1464 2424 mentiri
1483 2400 1559 2423 non
1579 2393 1702 2435 potest
1724 2389 1800 2424 975
1823 2399 1842 2424 e

1132 2454 1331 2489 laudantur
1373 2457 1581 2488 scrutantes
1623 2452 1841 2500 Hierosoly-

1134 2518 1261 2553 mitani
1284 2519 1360 2553 446
1382 2517 1404 2552 b
1444 2529 1490 2552 ex
1510 2529 1552 2552 ea
1571 2515 1841 2552 demonstratio

1133 2582 1388 2629 quaestionum
1427 2580 1592 2616 omnium
1632 2581 1842 2628 quaerenda

1134 2648 1207 2682 188
1230 2658 1261 2687 e,
1288 2647 1361 2682 190
1383 2645 1420 2686 b,
1446 2647 1521 2681 788
1543 2658 1575 2686 a,
1600 2647 1674 2682 797
1696 2645 1732 2690 b,
1763 2647 1838 2682 852

1131 2722 1162 2752 e,
1189 2711 1290 2746 1049
1312 2722 1332 2745 a
1378 2709 1414 2744 in
1444 2722 1487 2745 ea
1507 2716 1544 2745 et
1564 2722 1676 2757 parva
1697 2710 1836 2745 utilita-

1130 2779 1205 2809 tem
1229 2786 1403 2822 magnam
1425 2774 1618 2821 proferunt
1642 2776 1716 2810 196
1738 2786 1759 2809 3
1801 2774 1839 2809 in

1129 2850 1172 2874 ea
1192 2837 1282 2873 nihil
1303 2851 1456 2885 parvum
1481 2840 1558 2875 386
1580 2852 1611 2881 a,
1636 2839 1680 2874 cf.
1702 2840 1801 2875 1118
1819 2850 1838 2874 e

1130 2901 1359 2938 intellectum
1376 2908 1542 2939 nostrum
1557 2903 1701 2939 excedit
1717 2905 1792 2939 985
1801 2903 1836 2938 b.
