2012 3272
489 144 645 183 RESP.
679 143 760 183 AD
791 143 902 183 TIB.
938 142 1288 183 SOCIOSQUE.
1595 144 1676 182 577

716 338 1061 377 ΕΠΙΛὙΣΙΣ.

1697 398 1724 439 (1

167 444 414 497 Μανθάνω
445 444 574 499 τινὰς
599 448 696 512 εἰκῇ
735 447 809 495 καὶ
837 444 1191 510 ἀπερισκέπτως
1224 444 1298 493 καὶ
1326 444 1400 494 ἐπὶ
1427 446 1522 496 τοῖς
1558 442 1680 493 οὕτω

91 527 316 594 μεγάλοις
366 529 441 578 καὶ
492 528 760 593 ἀναγκαίοις
816 526 1099 592 πράγμασιν
1162 529 1394 593 φλυαρεῖν
1445 523 1679 586 εἰωθότας,

93 609 239 678 φάναι
279 633 323 660 τι
364 615 588 671 τοιοῦτον,
631 610 694 662 ὡς
729 610 754 659 ὁ
802 608 1080 673 Μονογενὴς
1121 613 1203 659 τοῦ
1244 611 1370 658 Θεοῦ
1411 606 1526 660 Υἱὸς
1561 604 1680 656 κατὰ

52 710 73 747 5
93 690 178 754 μὲν
203 690 288 755 τὴν
314 694 394 751 τῆς
434 690 653 755 θεότητος
691 692 765 741 καὶ
805 691 969 744 οὐσίας
1009 690 1146 758 ἀξίαν
1184 692 1335 752 συνῆν
1368 692 1434 757 τῷ
1460 691 1570 757 Θεῷ
1605 690 1680 738 καὶ

96 774 265 839 Πατρῖ,
304 774 438 836 ἡνίκα
477 774 551 823 ἐπὶ
592 775 675 836 τῆς
718 775 805 838 γῆς
847 771 1120 840 ἐχρημάτιζε
1168 773 1242 822 καὶ
1282 774 1377 824 τοῖς
1416 770 1681 835 ἀνθρώποις

94 855 517 924 συνανεστρέφετο,
545 855 606 908 ὡς
642 853 892 916 ὁμοούσιος
931 852 996 903 ὢν
1035 855 1180 922 αὐτῷ·
1235 851 1353 904 κατὰ
1392 851 1440 903 δὲ
1478 851 1562 902 τὸν
1599 854 1683 914 τῆς

95 935 404 990 ὑποστάσεως
444 935 592 1002 λόγον
624 937 706 987 οὐκ
745 936 825 988 ἔτι.
880 937 1102 987 κεκένωτο
1141 934 1235 1002 γὰρ
1265 940 1422 997 πᾶσα,
1453 936 1515 987 ὡς
1550 933 1687 984 αὐτοί

95 1019 316 1086 φασιν,ἡ
352 1018 526 1083 υἱοτικὴ
565 1019 832 1073 ὑπόστασις
870 1019 920 1069 ἐκ
958 1041 1007 1069 τε
1042 1022 1136 1068 τῶν
1172 1018 1382 1084 οὐρανῶν
1414 1018 1489 1067 καὶ
1528 1017 1723 1067 αὐτῶνθ

30 1121 76 1146 10
95 1104 189 1151 τῶν
215 1105 454 1166 πατρικῶν
474 1099 683 1152 κόλπων.
741 1101 794 1151 οὐ
832 1100 925 1166 γὰρ
963 1100 1232 1151 συναπτέον
1263 1098 1533 1150 ὑπόστασιν
1560 1099 1679 1149 ὑπο-

95 1181 283 1245 στάσει,
308 1184 411 1233 οὕτε
437 1182 519 1236 τὰς
545 1184 594 1234 ἐν
618 1184 704 1251 μιᾷ
736 1183 876 1251 οὐσίᾳ
903 1181 1228 1249 ὑπαρχούσας.
1284 1179 1376 1246 ἐγὼ
1402 1179 1450 1231 δὲ
1476 1179 1531 1231 τὸ
1557 1202 1677 1246 προ-

94 1263 229 1317 πετὲς
254 1266 337 1327 τῆς
371 1265 574 1328 ἀμαθίας
607 1268 701 1315 τῶν
725 1270 871 1316 ταῦτα
903 1263 1271 1330 πεφρονηκότων
1298 1261 1564 1325 θαυμάσας,
1589 1264 1684 1312 δεῖν

96 1345 253 1414 ᾠήθην
293 1347 556 1412 ἀναγκαίως
594 1347 737 1397 ἐκεῖνο
776 1348 933 1408 εἰπεῖν,
965 1345 1035 1396 ὅτι
1074 1344 1351 1396 πεπόσωται
1389 1345 1497 1410 παρ’
1527 1344 1684 1398 αὐτοῖς

96 1427 125 1491 ἡ
163 1428 302 1478 οὐσία
339 1434 422 1479 τοῦ
465 1432 604 1490 Θεοῦ,
644 1430 719 1478 καὶ
758 1426 1070 1492 καταληπτὴν
1109 1426 1253 1491 αὐτὴν
1292 1425 1406 1477 εἷναί
1444 1430 1570 1494 φασι
1608 1428 1684 1477 καὶ

30 1524 75 1562 15
96 1509 499 1576 πεπερατωμένην,
527 1513 602 1560 καὶ
641 1511 725 1561 οὐκ
762 1510 829 1561 ε”τι
866 1509 950 1574 μὲν
986 1508 1319 1576 ἀπεριόριστον
1359 1509 1463 1560 οὐδὲ
1501 1508 1681 1559 ἀκατά-

96 1598 294 1655 ληπτον,
321 1592 431 1642 ἀλλ’
459 1591 548 1656 ἤδη
576 1594 651 1643 καὶ
676 1592 836 1645 τόποις
862 1590 1080 1659 χωρητὴν
1106 1593 1181 1642 καὶ
1220 1591 1514 1656 διαστήμασι
1551 1613 1682 1657 περι-
1700 1617 1722 1642 a
1742 1609 1828 1644 386
1851 1608 1905 1643 A.

96 1671 298 1737 ληπτὴν,
327 1671 514 1740 ἁρμόζει
549 1673 599 1725 δὲ
630 1679 777 1725 ταῦτα
811 1678 907 1727 τοῖς
946 1678 1040 1725 τῶν
1076 1672 1316 1736 σωμάτων
1355 1672 1533 1738 λόγοις.
1569 1673 1678 1723 οὑκ-

96 1760 178 1805 οῦν
220 1756 296 1805 καὶ
341 1759 496 1819 σῶμα,
535 1756 724 1810 πάντως
763 1756 820 1806 δέ
852 1779 945 1808 που
985 1758 1061 1807 καὶ
1105 1757 1153 1806 ἐν
1199 1755 1318 1818 ε’ίδει,
1358 1757 1434 1806 καὶ
1475 1755 1529 1805 οὐ
1573 1755 1682 1822 δίχα

96 1836 333 1899 σώματος·
386 1837 543 1888 ἕπεται
581 1836 675 1903 γὰρ
701 1837 761 1888 τὰ
797 1836 952 1888 τοιάδε
983 1842 1079 1892 τοῖς
1117 1837 1357 1902 σώμασιν.
1407 1834 1504 1887 εἶτα
1529 1840 1628 1889 πῶς
1656 1836 1682 1886 ὃ

30 1939 78 1964 20
99 1917 265 1984 Σωτήρ
300 1926 326 1948 “
348 1918 545 1983 Πνεῦμά
582 1924 734 1988 φησιν
760 1920 785 1970 ὁ
812 1918 986 1982 Θεός;”
1039 1925 1222 1983 πνεῦμα
1258 1918 1352 1985 γὰρ
1378 1917 1496 1970 εἶναι’
1530 1925 1682 1986 φησιν
1743 1941 1891 1972 S..Joan.

96 1999 238 2050 αὑτὸν
264 2001 318 2051 ἵν’
347 2000 439 2069 ἔξω
473 2004 745 2065 σωματικῆς
772 2001 1039 2070 φαντασίας
1066 2001 1224 2069 ἀγάγῃ
1250 2000 1336 2064 τὴν
1362 2001 1579 2068 ὑπερφυᾶ
1605 2001 1680 2050 καὶ
1742 1995 1784 2015 'V'
1808 1993 1858 2024 24'

97 2079 361 2148 ἀπόῤῥητον
401 2081 564 2149 φύσιν.
631 2080 701 2148 ἆρ’
743 2084 826 2134 οὐκ
864 2082 922 2134 ἄν
965 2106 1035 2137 τις
1086 2082 1204 2134 εἴποι
1251 2082 1435 2135 δικαίως
1480 2086 1576 2135 τοῖς
1621 2080 1681 2132 τὰ

1263 2168 1283 2178 Α

97 2162 247 2213 τοιάδε
288 2163 643 2229 τεθρυληκόσιν,
681 2163 709 2229 ἢ
749 2167 824 2215 καὶ
862 2169 1081 2229 τολμῶσι
1116 2175 1306 2234 φρονειν
1348 2171 1375 2194 “
1399 2163 1680 2229 Ἐδικαιώθη
1743 2183 1904 2233 Οι,ἘΖεκ,

1744 2236 1808 2258 xw.
1828 2236 1878 2266 52.

150 2347 180 2370 1.
200 2335 254 2370 Ita
271 2336 412 2380 reposui
430 2348 471 2370 ex
490 2341 514 2369 Γ
531 2342 564 2370 et
582 2348 645 2381 pro
659 2337 829 2382 analogia.
844 2338 968 2382 κεφαλ.
986 2352 1017 2381 ιη
1034 2337 1100 2372 Ed.
1187 2348 1218 2372 2.
1237 2337 1422 2383 Μανθάνω]
1439 2337 1568 2383 Incipit
1586 2339 1682 2383 (post

99 2382 223 2417 folium
248 2383 436 2426 omissum)
454 2383 486 2416 A
504 2383 563 2418 fol.
584 2394 663 2418 210.
714 2384 839 2418 Statim
857 2385 893 2417 δε
911 2384 1009 2418 addit
1027 2389 1062 2418 Γ.
1136 2383 1224 2418 οὕτω
1240 2385 1402 2430 μεγάλοις
1419 2386 1472 2418 καὶ
1489 2385 1682 2429 ἀναγκαίοις

98 2428 166 2463 hoc
184 2428 306 2463 ordine
322 2429 367 2463 A.
384 2429 470 2463 οὕτω
487 2436 567 2474 post
583 2430 774 2476 ἀναγκαίοις
792 2437 961 2475 transpor
963 2431 989 2464 it
1007 2430 1075 2464 Ed.
1220 2442 1253 2475 3.
1277 2433 1446 2476 φλυαρεῖν
1463 2431 1621 2466 εἰωθότας
1635 2432 1679 2465 Α.

100 2475 260 2511 εἰωθότας
276 2477 474 2521 φληναφεῖν
492 2477 539 2510 D.
559 2476 625 2510 Ed.
785 2486 818 2521 5.
844 2478 902 2521 τῆς
919 2477 1074 2520 θεότητος
1094 2492 1145 2511 και
1163 2478 1283 2513 οὐσίας
1299 2478 1397 2521 ἀξίαν
1414 2478 1480 2511 hoc
1497 2477 1618 2511 ordine
1636 2479 1679 2511 A.

98 2519 197 2565 ἀξίαν
214 2528 294 2555 ante
310 2524 370 2566 τῆς
387 2523 584 2567 transponit
603 2522 667 2556 Ed.
687 2523 740 2557 καὶ
758 2523 877 2558 οὐσίας
895 2535 964 2557 om.
980 2529 1016 2558 Γ.
1078 2527 1152 2570 Θεῷ
1167 2525 1219 2558 καὶ
1233 2529 1414 2568 assumpta
1431 2524 1527 2564 ΒΚΑ,
1543 2524 1680 2558 favente

99 2575 131 2602 et
150 2573 187 2602 Γ.
449 2568 483 2602 6.
508 2571 567 2613 τῆς
584 2575 806 2613 assumptum
824 2581 865 2603 ex
883 2570 927 2604 A.
934 2570 979 2604 D.
1053 2570 1252 2615 ἐχρημάτιζε
1271 2570 1314 2604 A.
1320 2571 1366 2604 D.
1385 2571 1593 2616 ἐχρημάτισε
1612 2571 1679 2604 Ed.

99 2616 133 2649 S.
159 2628 326 2648 κεκενωτω
345 2615 424 2657 (sic)
443 2615 487 2650 A.
559 2616 656 2649 αὐτοί
672 2620 782 2662 φησιν
799 2616 879 2659 (Sic)
898 2617 941 2650 A.
991 2616 1153 2651 Stat1m‘
1138 2632 1156 2660 η
1175 2617 1219 2651 A.
1224 2617 1269 2651 D.
1289 2631 1342 2650 και
1360 2617 1427 2650 Ed.
1571 2629 1604 2661 9.
1630 2617 1679 2650 ὑὶ-

98 2661 170 2704 τικὴ
190 2663 233 2694 Α.
251 2661 402 2717 υἶωτικὴῆ
406 2661 452 2695 D.
770 2674 823 2696 Io.
850 2662 1058 2708 ὑπόστασιν]
1084 2668 1120 2704 -Ι-
1141 2665 1180 2707 τῇ
1201 2663 1267 2697 Ed.
1287 2663 1566 2719 repugnantibus
1584 2664 1625 2696 A.
1633 2664 1679 2696 D.

103 2718 116 2740 Ι
128 2718 155 2741 1.
180 2708 348 2751 προπετές
364 2709 422 2751 τῆς
439 2707 582 2751 ἀμαθίας
599 2707 664 2742 hoc
682 2708 805 2742 ordine
822 2710 866 2743 A.
1143 2721 1196 2754 13.
1222 2712 1419 2744 πεπόσωται
1435 2708 1512 2753 παρ“
1531 2710 1643 2744 αὐτοῖς
1660 2709 1678 2752 ἡ

99 2754 200 2787 οὐσία
217 2753 284 2786 hoc
302 2753 424 2786 ordine
441 2754 485 2787 A.
503 2756 701 2789 πεπόσωται
719 2761 798 2799 post
815 2755 916 2789 οὐσία
934 2756 1130 2800 transponit
1149 2756 1216 2790 Ed.
1466 2766 1517 2799 17.
1535 2755 1680 2843 (ἆρμόζει

100 2801 264 2857 -λόγοις
281 2799 347 2832 hoc
366 2799 487 2833 ordine
504 2800 603 2833 Α.δέ
621 2803 725 2834 ταῦτα
742 2803 812 2836 τοῖς
829 2804 894 2835 τῶν
911 2817 946 2836 σ.
964 2804 998 2835 λ.
1017 2802 1153 2846 ἁρμόζει
1180 2802 1247 2836 Ed.
1319 2802 1508 2845 ιισωμάτων
1535 2801 1615 2844 (sic)
1635 2802 1678 2834 A.

102 2856 156 2879 20.
193 2843 276 2879 ειναί
308 2846 419 2889 φησιν
449 2846 549 2879 αὐτὸν
582 2846 648 2880 hoc
684 2847 805 2881 ordine
838 2848 882 2881 A.
917 2848 1018 2882 αὐτὸν
1051 2848 1151 2892 [αὐτὸ
1186 2848 1251 2882 Ed.
1255 2847 1269 2893 ]
1305 2851 1387 2881 εἰναι
1419 2849 1509 2892 φησι
1538 2848 1583 2880 D.
1613 2847 1679 2881 Ed.

102 2902 156 2925 21.
174 2891 205 2925 ῗν
206 2891 291 2934 ’ἔξω
310 2893 501 2934 σωματικῆς
518 2893 745 2935 φαντασίας’
727 2894 835 2938 αγιὶγῃ
854 2894 897 2927 A.
916 2893 967 2927 ι’να
986 2896 1176 2938 σωματικῆς
1193 2895 1302 2939 ἀγάγῃ
1319 2895 1511 2938 φαντασίας
1528 2894 1593 2937 ἕξω
1612 2893 1679 2928 Ed.

102 2948 156 2971 22.
182 2937 269 2972 ε’ίποι
288 2938 331 2971 A.
350 2937 424 2981 εἰπῃ
446 2938 473 2970 Ε
477 2938 511 2972 (l.
688 2950 742 2983 23.
770 2954 822 2973 και
842 2942 995 2982 τολμῶσι
1013 2946 1053 2976 A.
1073 2942 1311 2985 κατατολμῶσι
1330 2940 1376 2975 D.
1396 2939 1450 2974 Ed

156 3007 342 3035 x01..111
868 3011 941 3048 4ss
