2012 3272
70 121 295 172 ix.14—24.
403 120 472 161 ΙΝ
508 119 851 161 EPISTOLAM
887 119 970 159 AD
1008 119 1318 160 ROMANOS.
1573 119 1652 159 231

70 233 210 281 εἰπεῖν
229 229 290 282 ὠς
307 229 479 293 ἥκιστα
497 227 581 291 μὲν
597 232 776 297 φαῦλοι
792 227 1022 294 γεγόνασι
1045 227 1165 279 κατὰ
1187 228 1337 296 φύσιν
1355 225 1489 289 τινὲς,
1510 225 1656 291 ἤγουν

70 310 438 362 διαπλάττονται
464 311 518 360 δι’
543 311 700 372 αὐτοῦ,
723 310 869 374 σκεύη
891 308 939 359 δὲ
959 314 1151 373 μᾶλλον
1175 308 1432 375 γεγόνασιν
1459 307 1658 370 ἀτιμίας,

70 392 140 444 ὅτι
178 393 326 443 καίτοι
362 391 503 454 μετὸν
530 392 685 444 αὐτοῖς
722 392 977 454 εὐδοκιμεῖν
1003 391 1199 442 ἑλέσθαι
1237 389 1368 457 παρὰ
1395 391 1520 459 Θεῷ,
1561 390 1656 440 ἐθε-

69 473 265 525 λούσιον
290 473 629 540 ἠῤῥωστήκασι
656 472 741 537 τὴν
767 476 828 525 εἷς
853 472 912 523 τὰ
939 478 1105 542 φαῦλα
1130 472 1283 539 ῥοπήν
1304 494 1316 534 3

29 571 50 608 5
143 556 286 606 Ἀλλ’
324 554 612 622 ἐσκλήρυνεν
645 554 797 617 αὐτὸς,
827 556 965 623 φησὶ,
992 552 1078 617 τὴν
1110 553 1306 620 καρδίαν
1333 553 1527 619 Φαραώ·
1583 555 1659 604 καὶ

70 636 126 701 δὴ
165 639 241 687 καὶ
279 637 461 706 ἔφασκε
499 635 618 702 πρὸς
654 636 795 686 αὐτόν
824 641 900 690 Εἰς
936 635 1039 687 αὐτὶ
1067 637 1188 686 τοῦτο
1225 634 1420 705 ἐξήγειρά
1452 659 1503 686 σε
1541 635 1661 690 ’ὅπως

71 716 323 787 ἐνδείξωμαι
365 720 401 770 ἐν
441 724 506 770 σοὶ
544 717 613 778 τὴν
654 715 834 786 δύναμίν
874 736 976 785 μου·
1030 718 1198 768 οὐκοῦν
1240 720 1276 768 εὶ
1319 719 1394 767 καὶ
1437 716 1660 785 σκληρύνει

70 799 197 854 τινὰς
236 802 310 851 καὶ
348 800 656 869 ἐξανίστησιν
683 798 849 852 αὐτοὺς
886 799 1011 868 ὀργῆς
1043 798 1181 852 ὄντας
1208 799 1358 859 σκεύη,
1388 799 1464 849 καὶ
1493 821 1655 867 κατηρ-

69 884 222 934 τίσθαι
263 882 498 947 λεγόμενα
542 887 601 937 εἰς
653 882 900 944 ἀπώλειαν,
943 883 990 932 τί
1032 880 1090 932 ἔτι
1132 880 1403 950 μέμφεται,
1465 886 1527 950 τῷ
1571 878 1662 949 γαρ

5 981 53 1006 10
70 966 324 1034 βουλήματι
358 966 486 1016 αὐτοῦ
519 966 585 1019 τίς
616 962 876 1025 duffio-vnum
916 967 1017 1018 πῶς
1049 962 1096 1014 δὲ
1128 963 1186 1014 ἂν
1211 963 1404 1030 γέγονεν
1431 961 1608 1030 ἀγαθὸς
1636 964 1662 1013 ὃ

70 1047 178 1113 παρ’
206 1048 348 1097 αὐτοῦ
372 1046 755 1113 σηληρυνόμενος
774 1068 786 1108 3

145 1129 212 1180 Τι’
232 1129 312 1180 οὖν
338 1127 396 1179 ἂν
420 1129 571 1196 ε”χοιμι
603 1126 722 1194 πρὸς
756 1133 904 1179 ταῦτα
941 1131 1115 1188 εἶπεῖν;
1158 1126 1345 1195 ἀπόχρη
1376 1127 1497 1193 πρός
1521 1151 1575 1194 γε
1607 1127 1662 1179 τὸ

72 1210 235 1261 εἰδέναι
273 1210 327 1261 τὸ
366 1209 554 1274 ἀληθὲς,
584 1207 638 1261 τὸ
671 1209 937 1261 διακεῖσθαι’
971 1232 1021 1260 τε
1056 1210 1132 1260 καὶ
1168 1213 1359 1278 φρονεῖν
1398 1211 1460 1263 ὠς
1495 1211 1579 1261 οὐκ
1604 1209 1664 1260 ἂν

1693 191 1860 233 [39M-]

73 1290 253 1357 γε’νοιτό
293 1314 407 1343 ποτε
448 1296 542 1343 τῶν
581 1291 782 1360 φαύλων
815 1289 1097 1357 δημιουργὸς
1127 1291 1152 1340 ὁ
1185 1290 1323 1345 Θεός·
1373 1291 1531 1343 πάντα
1569 1290 1663 1357 γὰρ
1680 1307 1764 1338 Gen.
1782 1306 1803 1338 i.
1824 1315 1875 1346 31.

8 1384 55 1420 Ῑ5
75 1372 170 1424 ὅσα
209 1374 418 1437 ἐποίησε,
460 1373 585 1425 καλὰ
620 1374 746 1425 λίαν.
800 1377 837 1423 εἰ
877 1372 961 1436 μὲν
1002 1373 1084 1423 οὖν
1126 1373 1209 1424 οὐκ
1253 1373 1505 1438 ἄνθρωπον
1548 1371 1664 1424 εἶναι

74 1454 378 1505 διατείνονται
403 1454 486 1505 τὸν
506 1454 767 1521 Αἰγύπτιον
790 1457 865 1506 καὶ
891 1457 973 1518 τῆς
999 1455 1143 1518 αὐτῆς
1167 1454 1279 1518 ἡμῖν
1305 1454 1497 1522 φύσεως
1522 1477 1665 1518 μετα-

74 1541 252 1603 λαχεῖν,
279 1536 663 1599 ἀποδεικνύντων,
691 1538 767 1587 καὶ
793 1536 922 1600 ἡμεῖς
948 1535 1275 1600 σιωπήσομεν·
1322 1540 1359 1586 εὶ
1396 1536 1443 1586 δὲ
1468 1534 1526 1600 ἧν
1553 1538 1661 1587 καθ’

75 1618 209 1681 ἡμᾶς,
246 1616 275 1682 ἢ
311 1620 394 1682 τῆς
434 1619 557 1672 θείας
591 1619 798 1684 ἐναργῶς
835 1617 1248 1684 καταγορευόντων
1287 1620 1471 1686 φωνῆς,
1511 1618 1575 1672 ὠς
1609 1618 1663 1669 οὐ

74 1697 128 1750 τὸ
163 1698 312 1750 καλὸν
337 1699 525 1766 ὁρώσης
555 1701 631 1750 καὶ
657 1700 712 1751 τὸ
738 1699 803 1764 μὴ
831 1700 976 1753 οὕτως
1001 1699 1125 1766 ἔχον·
1177 1698 1206 1763 ἢ
1234 1701 1270 1749 εἷ
1295 1705 1434 1750 τοῦτο
1461 1722 1664 1751 καταπε-

8 1796 58 1821 20
76 1781 323 1849 φρίκασιν,
367 1780 729 1847 ὁμολογούντων
772 1780 886 1832 εἶναι
928 1780 1054 1832 καλὰ
1097 1780 1157 1832 τὰ
1210 1782 1319 1847 παρ’
1363 1781 1505 1832 αὐτοῦ
1544 1779 1665 1847 πρὸς

76 1863 278 1931 ὕπαρξιν
303 1862 698 1929 παρενηνεγμένα·
744 1864 865 1915 οὕτω
901 1862 994 1931 γὰρ
1020 1861 1107 1927 τὴν
1142 1861 1512 1929 προαλεστάτην
1542 1865 1662 1914 ἀπο-

75 1943 357 2009 κρούσονται
392 1943 553 2013 δόξαν.
607 1943 661 1995 τὸ
699 1943 757 1995 δέ
786 1950 864 2000 Εἰς
908 1944 1010 1996 αὐτὶ
1056 1946 1174 1996 τοῦτο
1216 1941 1417 2014 ἐξήγειρά
1455 1968 1506 1996 σε
1545 1943 1666 2011 πρὸς

76 2023 158 2076 τὸν
197 2025 373 2092 Φαραὼ
412 2025 662 2091 εἰρημένον,
687 2027 1026 2091 κατασημαίνει
1065 2027 1119 2077 οὐ
1156 2025 1211 2077 τὸ
1249 2026 1415 2077 ε”κτισα
1453 2024 1482 2090 ἢ
1522 2028 1661 2090 δεδη-

76 2106 356 2174 μιούργηκα,
401 2107 608 2171 κέκληκα
647 2106 695 2159 δὲ
732 2112 924 2172 μᾶλλον
961 2112 1024 2162 εἷς
1062 2108 1117 2158 τὸ
1148 2109 1373 2171 ἐθελῆσαι
1407 2110 1502 2158 δεῖν
1533 2110 1661 2158 ἀντι-

13 2206 59 2245 25
76 2187 296 2254 πράττειν
333 2190 447 2252 ἐμοὶ,
488 2191 564 2239 καὶ
608 2190 691 2240 οὐκ
735 2190 784 2240 ἐν
821 2191 945 2257 ἀρχῇ
988 2192 1070 2253 τῆς
1108 2188 1387 2254 γεννήσεως,
1434 2190 1546 2238 ἀλλ’
1588 2187 1664 2239 ὅτε

80 2273 296 2334 Μωυσῆς
335 2268 661 2322 ἀπεστέλλετο
700 2270 1062 2337 λυτρωσάμενος
1099 2271 1182 2321 τὸν
1212 2269 1435 2336 Ἰσραήλ·
1476 2273 1553 2320 καὶ
1591 2270 1665 2320 ἐπὶ

78 2351 225 2406 ποίοις
249 2354 389 2415 τισὶν,
416 2350 444 2417 ἢ
472 2354 549 2403 καὶ
575 2352 684 2404 ὅτου
710 2351 862 2420 χάριν,
889 2354 913 2403 ὁ
939 2353 1194 2420 πάνσοφος
1220 2352 1329 2416 ἡμῖν
1356 2351 1666 2417 διατρανώσει

129 2530 158 2554 1.
184 2519 265 2554 κατὰ
283 2519 392 2564 φύσιν
407 2521 571 2565 γεγόνασι
589 2520 745 2564 φαῦλοι
738 2531 798 2554 lnv
800 2531 877 2554 erso
895 2518 1017 2554 ordine
1034 2519 1079 2553 A.
1221 2530 1252 2554 2.
1278 2519 1381 2553 αὐτοῦ
1399 2519 1443 2553 Α.
1461 2519 1581 2553 αὐτοὺς
1599 2518 1666 2553 Ed.

79 2576 116 2624 3',
138 2567 238 2609 μετὸν
254 2566 366 2602 αὐτοῖς
384 2566 428 2600 Α.
446 2567 529 2610 μετὰ
546 2567 585 2600 τὸ
603 2566 723 2602 αὐτοὺς
741 2566 808 2600 Ed.
968 2578 1001 2608 4.
1027 2564 1151 2611 ῥοπήν]
1172 2565 1269 2610 τιμὴν
1286 2566 1329 2600 A.
1496 2575 1529 2610 5.
1555 2566 1666 2610 φησὶν

80 2613 177 2648 αὐτὸς
193 2613 331 2646 inverso
348 2612 469 2647 oldine
487 2612 531 2647 A.
685 2614 718 2647 8.
745 2612 866 2648 αυτοὺς
883 2612 926 2646 A.
946 2613 1045 2648 αὐτὸς
1063 2612 1130 2646 Ed.
1195 2613 1248 2646 καὶ
1267 2612 1489 2657 κατηρτίσθαι
1507 2613 1551 2646 A.
1570 2626 1665 2645 κεκα-

80 2659 257 2702 τηρτίσθαι
275 2659 341 2693 Ed.
364 2658 659 2704 [κε]κατηρτίσθαι
677 2659 813 2704 Migne.
969 2670 1022 2693 10.
1049 2659 1085 2693 δέ
1102 2657 1160 2717 ἂν]
1181 2657 1242 2693 ὃ
1226 2674 1266 2693 αν
1283 2659 1528 2692 A.11.
1556 2660 1666 2701 σκλη-

80 2707 258 2749 ρυνόμενος
275 2706 318 2739 Α.
337 2705 590 2751 σκληρούμενος·
608 2705 676 2739 Ed.
854 2716 911 2740 12.
932 2704 972 2738 ἂν
989 2704 1149 2750 ἔχοιμι]
1139 2720 1261 2750 εχομεν
1278 2705 1322 2739 A.
1505 2716 1558 2747 14.
1583 2719 1666 2738 ποτε

82 2755 115 2784 et
131 2753 149 2784 ὁ
167 2751 241 2787 θεὸς
257 2763 328 2786 orn.
346 2752 390 2785 A.
553 2751 607 2786 16.
632 2751 772 2797 φύσεως
790 2752 833 2786 A.
850 2751 990 2796 φύσεως
1010 2751 1088 2798 [μὴ]
1109 2752 1178 2786 Ed.
1353 2763 1406 2796 19.
1432 2753 1585 2785 τοιοῦτον
1602 2761 1666 2795 pro

83 2817 186 2854 οὕτως
202 2820 282 2864 ἕχον
297 2819 342 2852 A.
414 2820 625 2864 πεφρίκασιν
642 2820 686 2855 A.
810 2831 866 2854 21.
884 2808 1157 2878 προβλεστάτην
1175 2820 1255 2864 (Sic)
1273 2820 1317 2854 A.
1438 2831 1494 2862 24.
1521 2819 1665 2861 θελῆσαι

85 2864 153 2906 (bis
171 2865 295 2909 citans)
314 2865 358 2899 A.
377 2871 410 2899 et
427 2866 474 2900 ita
492 2866 627 2911 Migne.
730 2865 784 2900 26.
804 2880 856 2901 και
875 2866 929 2901 ἐπὶ
946 2866 1109 2912 ποίοις]’
1093 2867 1147 2901 επὶ
1165 2867 1275 2902 ποίοις
1292 2866 1327 2901 δὲ
1346 2867 1390 2900 A.
1489 2874 1543 2909 27.
1560 2865 1666 2909 μέγας

87 2921 148 2954 pro
164 2912 344 2957 πάνσοφος
362 2912 405 2946 Α.
