1981 3267
272 150 328 189 70
673 149 723 189 Β.
757 147 1033 190 CYRILLI
1076 148 1465 192 ALEXANDR.
1682 153 1767 193 xix.
1795 165 1860 193 10.

271 256 508 327 ἀφορμὴν,
536 261 598 311 εἰς
636 257 750 308 αὐτὸ
785 260 1086 308 διεπταῖσθαι
1120 257 1339 323 λε”γοντες
1374 258 1429 310 τὸ
1466 263 1590 311 θεῖον
1616 259 1670 311 τὸ
1705 261 1857 328 ἐγχεί-

271 362 400 406 ρημα
433 344 500 410 τῷ
526 343 743 408 Χριστῷ·
787 340 811 389 ὁ
837 338 884 389 δὲ
910 338 997 403 τὴν
1021 344 1106 389 τοῦ
1130 339 1408 405 πράγματος
1440 340 1691 409 ὑπεροχὴν,
1720 342 1860 392 εὐλα-

272 423 403 484 βείας
438 426 636 474 ποιεῖται
670 419 966 487 προσθήκην,
993 423 1069 471 καὶ
1105 422 1455 489 φορτικωτεραν
1487 422 1667 490 δέχεται
1702 421 1788 486 τὴν
1814 425 1864 474 ἐκ

274 510 358 555 τοῦ
408 505 624 567 δείματος
670 501 885 566 ἀπειλὴν,
928 501 1127 568 ἀκριβής
1170 525 1221 553 τε
1267 504 1447 568 γίνεται
1493 505 1599 570 περὶ
1648 504 1790 555 αὐτὸν
1833 503 1863 568 ἢ

53 585 505 653 105οΑ.ειπρότερον
542 585 614 650 ἧν,
649 586 726 635 καὶ
764 588 1084 653 φιλοπευστεῖ
1116 584 1415 651 λεπτότερον,
1455 587 1523 639 τίς
1563 585 1619 649 δὴ
1659 585 1750 651 ἄρα
1788 587 1862 636 καὶ
1884 601 1906 637 5

275 666 399 720 πόθεν
440 668 584 729 ἐστὶν,
627 667 711 717 οὐκ
755 664 1043 730 ἀπιστήσας,
1085 665 1147 719 ὥς
1187 688 1242 732 γε
1281 689 1360 730 μοι
1406 668 1635 735 φαίνεται,
1677 667 1748 718 ὅτι
1789 670 1865 718 καὶ

275 749 522 815 ἄνθρωπος
559 748 637 810 ὧν,
664 746 760 801 υἱὸς
798 745 910 798 εἶναι
953 748 1146 798 δύναται
1182 752 1324 799 Θεοῦ.
1380 748 1562 816 δέχεται
1600 748 1749 815 γεμὴν
1779 749 1866 813 τὴν

276 833 350 882 ἐπὶ
380 830 530 899 τούτῳ
563 829 794 898 διάληψίν
819 852 869 879 τε
905 831 981 879 καὶ
1014 830 1193 892 πίστιν,
1221 830 1304 880 οὐκ
1340 831 1389 880 ἐκ
1426 834 1521 881 τῶν
1549 834 1682 896 ἱερῶν
1707 853 1862 896 γραμ-

276 911 452 976 μάτων,
479 913 589 962 ἀλλ’
618 913 668 962 ἐκ
698 909 885 974 πλάνης
908 911 1216 975 Ἑλληνικῆς·
1256 910 1473 974 ἡμιθέους
1509 911 1603 977 γὰρ
1638 914 1714 963 καὶ
1749 916 1868 963 θεῶν

278 1001 483 1046 καλοῦσι
522 997 693 1048 παῖδας
731 996 773 1044 οἱ
805 993 914 1059 παρ’
942 990 1163 1056 ΓΈλλησι
1196 997 1336 1055 μῦθοι
1370 993 1598 1048 πολλούς.
1643 994 1867 1058 Ῥωμαῖοι

277 1076 327 1128 δὲ
364 1076 512 1128 πάλιν
551 1073 1035 1141 δεισιδαιμονέστερόν
1073 1098 1173 1128 πως
1216 1073 1275 1125 τὰ
1313 1080 1505 1126 τοιαῦτα
1544 1079 1759 1142 δρῶντες,
1798 1078 1867 1127 ἀεὶ

276 1158 363 1223 τὴν
402 1158 530 1210 θείαν
564 1157 829 1221 ἐπωνυμίαν
867 1161 963 1210 τοῖς
1000 1156 1382 1223 ἐπιφανεστέροις
1420 1162 1516 1208 τῶν
1552 1158 1678 1209 ἰδίων
1713 1158 1869 1225 ἐχαρί-

278 1240 411 1307 ζοντο
438 1240 698 1301 βασιλέων·
742 1237 933 1302 βωμοὺς
959 1237 1006 1289 δὲ
1034 1237 1263 1300 ἱστάντες,
1290 1239 1365 1289 καὶ
1391 1238 1557 1302 τεμένη
1584 1238 1865 1302 δειμάμενοι,

234 1320 491 1374 ὺπολλοῦς
525 1320 889 1385 ἀνεστήλωσαν.
942 1319 1290 1386 περιεργάζεται
1323 1325 1572 1387 τοιγαροῦν
1603 1321 1628 1371 ὁ
1656 1319 1870 1375 Πιλάτος

278 1402 555 1470 πικρότερον
585 1425 635 1453 τε
669 1403 744 1453 καὶ
781 1400 1118 1468 ἀκριβέστερον
1143 1401 1263 1467 η’περ
1297 1403 1345 1452 ἐν
1377 1403 1556 1470 ἀρχαῖς,
1583 1402 1651 1456 τίς
1687 1402 1743 1467 δὴ
1778 1403 1869 1469 ἄρα

281 1487 357 1536 καὶ
383 1484 506 1537 πόθεν
532 1486 663 1536 ἐστὶν
690 1486 714 1535 ὁ
740 1483 970 1550 Χριστός.
1024 1484 1049 1534 ὃ
1085 1482 1147 1546 δὲ,
1175 1485 1342 1552 φησὶν,
1369 1485 1451 1535 οὐκ
1477 1483 1704 1550 ἀπεκρίθη
1739 1487 1866 1554 αὐτῷ

281 1566 444 1633 λόγον,
479 1571 574 1618 τῶν
607 1567 748 1630 ἰδίων,
779 1564 901 1617 κατά
937 1588 992 1632 γε
1029 1566 1084 1616 τὸ
1123 1563 1255 1628 εἰκὸς,
1288 1568 1590 1630 ἐπιμνησθεὶς
1627 1565 1865 1633 ῥημάτων.

60 1660 166 1709 ὃῑῐρῖᾶ
280 1649 329 1700 τί
349 1647 443 1716 γὰρ
468 1649 559 1717 ἔφη
584 1648 703 1716 πρὸς
729 1646 900 1710 αὐτόν,
947 1654 973 1677 “
995 1651 1100 1701 Πᾶς
1135 1647 1160 1697 ὁ
1192 1646 1257 1697 ὧν
1283 1648 1333 1698 ἐκ
1359 1650 1440 1710 τῆς
1466 1647 1690 1711 ἀληθείας
1715 1648 1870 1698 ἀκούει

59 1709 220 1743 xv111.37.
282 1738 309 1761 ‘⁶
333 1754 425 1795 μου
461 1734 543 1795 τῆς
575 1730 781 1800 φωνῆς.”
822 1728 1170 1795 εἰδωλολάτρης
1205 1728 1254 1780 δὲ
1289 1727 1353 1780 ὢν
1380 1730 1405 1779 ὁ
1433 1728 1660 1793 Πιλάτος,
1686 1735 1786 1784 πῶς
1813 1729 1870 1781 ἀν

282 1813 513 1878 ἐπήκουσε
557 1815 642 1876 τῆς
684 1818 767 1863 τοῦ
813 1814 1033 1877 Σωτῆρος
1085 1814 1260 1879 φωνῆς,
1305 1810 1531 1874 ἀλήθειάν
1574 1834 1625 1862 τε
1668 1814 1743 1862 καὶ
1787 1815 1869 1875 τῆς

284 1895 505 1958 ἀληθείας
530 1894 692 1946 τέκνον
718 1893 883 1946 ἑαυτὸν
908 1891 1021 1944 εἶναι
1048 1893 1320 1961 φάσκοντος
1342 1914 1355 1955 ;
1398 1891 1427 1956 ἢ
1458 1896 1560 1946 πῶς
1585 1891 1642 1943 ἂν
1667 1892 1789 1947 ὅλως
1816 1892 1870 1944 τὸ

245 1980 366 2041 στῆς
409 1975 630 2042 ἀληθείας
682 1975 830 2040 ὄνομα
872 1973 1162 2043 παρεδέξατο
1207 1977 1281 2025 καὶ
1332 1974 1587 2038 τετίμηκεν,
1633 1975 1658 2025 ὁ
1704 1976 1780 2025 καὶ
1823 1977 1872 2025 ἐν

61 2077 112 2108 Ib.
129 2077 180 2117 38.
284 2061 449 2127 ἀρχαῖς
488 2058 601 2110 αὐτὸ
640 2058 904 2112 διαπτύσας
939 2059 1014 2108 καί
1050 2055 1193 2107 εἰπὼν
1221 2063 1249 2085 “
1269 2057 1335 2106 Τί
1362 2057 1494 2107 ἐστιν
1519 2055 1769 2120 ἀλήθεια,”
1797 2056 1873 2107 διὰ

284 2141 338 2191 τὸ
364 2146 460 2195 τοῖς
485 2141 812 2209 ψευδωνύμοις
839 2140 904 2190 ἔτι
940 2138 1183 2205 λατρεύειν
1209 2141 1330 2192 θεοῖς
1363 2138 1439 2189 καὶ
1472 2141 1539 2206 τῷ
1573 2141 1655 2202 τῆς
1690 2138 1873 2203 ἀπάτης

283 2225 583 2291 ἐγκεχῶσθαι
613 2221 774 2292 σκότῳ
795 2244 808 2285 3

221 2415 268 2441 10
297 2404 415 2451 Λέγει
460 2402 533 2445 οὖν
572 2404 690 2459 αὐτῷ
732 2404 755 2445 ὁ
797 2404 981 2445 Πιλάτοε
1018 2401 1141 2452 Ἐμοὶ
1186 2401 1234 2443 οὐ
1279 2401 1454 2454 λαλεῖε;
1502 2401 1579 2443 οὐκ
1625 2398 1747 2443 οἶδας
1791 2403 1856 2444 ὅτι

339 2484 536 2529 ἐξουσίαν
562 2485 650 2541 ἔχω
682 2485 928 2542 σταυρῶσαί
960 2501 1019 2537 σε,
1048 2485 1116 2526 καὶ
1147 2484 1344 2528 ἐξουσίαν
1371 2485 1457 2540 ἔχω
1489 2484 1705 2526 ἀπολῦσαί
1739 2501 1812 2537 σε;

357 2598 527 2663 Ὠιήθη
560 2600 585 2650 ὁ
612 2598 824 2652 Πιλάτος
859 2600 1082 2652 ἀπονοίας
1117 2599 1255 2665 ἔργον
1281 2597 1395 2649 εἶναι
1428 2596 1514 2662 τὴν
1539 2598 1742 2662 σιωπήν.
1798 2598 1875 2649 διὰ

284 2686 423 2732 τοῦτο
466 2680 552 2744 τὴν
596 2682 645 2731 ἐκ
689 2683 771 2744 τῆς
815 2682 963 2748 ἀρχῆς
1004 2680 1240 2750 ἐξουσίαν,
1284 2679 1496 2746 καθάπερ
1542 2679 1646 2731 τινὰ
1690 2678 1873 2747 ῥάβδον

336 2867 366 2890 1.
392 2854 551 2900 λέγοντες
568 2859 602 2889 et
618 2860 698 2889 ante
716 2859 749 2888 et
766 2859 846 2899 post
863 2855 901 2887 τὸ
920 2853 1011 2888 θεῖον
1028 2853 1169 2887 exbibet
1187 2853 1229 2888 Ε.
1350 2865 1383 2896 4.
1409 2852 1547 2897 ἀκριβές
1566 2851 1607 2886 Ε.
1730 2850 1763 2884 6.
1790 2851 1872 2884 ἅπε-

284 2901 417 2946 στήσας
435 2903 477 2936 Ε.
711 2912 764 2935 ΙΙ.
790 2902 895 2936 πάλιν
912 2901 954 2935 Ε.
972 2902 1106 2945 μᾶλλον
1124 2899 1190 2935 Ed.
1423 2911 1479 2942 24.
1504 2901 1563 2944 τῆς
1579 2897 1808 2943 ψευδωνύμου
1827 2897 1870 2932 Ε.

287 2949 342 2983 26.
369 2949 428 2983 οὖν
445 2954 668 2994 assumptum
687 2960 729 2983 ex
749 2947 791 2982 E.

1891 1023 1938 1048 10

1892 1841 1941 1865 20
