<?xml version="1.0" encoding="UTF-8"?>
<!DOCTYPE html PUBLIC "-//W3C//DTD XHTML 1.0 Transitional//EN"
    "http://www.w3.org/TR/xhtml1/DTD/xhtml1-transitional.dtd">
<html xmlns="http://www.w3.org/1999/xhtml" xml:lang="en" lang="en">
 <head>
  <title>
</title>
<meta http-equiv="Content-Type" content="text/html;charset=utf-8" />
  <meta name='ocr-system' content='tesseract 3.04.00' />
  <meta name='ocr-capabilities' content='ocr_page ocr_carea ocr_par ocr_line ocrx_word'/>
</head>
<body>
  <div class='ocr_page' id='page_1' title='image "./operacyrilli05cyriuoft/operacyrilli05cyriuoft_0160.png"; bbox 0 0 2001 3257; ppageno 0'>
   <div class='ocr_carea' id='block_1_1' title="bbox 296 124 1871 175">
    <p class='ocr_par' dir='ltr' id='par_1_1' title="bbox 296 124 1871 175">
     <span class='ocr_line' id='line_1_1' title="bbox 296 124 1871 175; baseline -0.005 -5"><span class='ocrx_word' id='word_1_1' title='bbox 296 130 377 170; x_wconf 74' lang='lat'>146</span> <span class='ocrx_word' id='word_1_2' title='bbox 695 128 746 169; x_wconf 90' lang='lat' dir='ltr'>B.</span> <span class='ocrx_word' id='word_1_3' title='bbox 777 126 1048 168; x_wconf 86' lang='lat' dir='ltr'>CYRILLI</span> <span class='ocrx_word' id='word_1_4' title='bbox 1095 125 1475 166; x_wconf 86' lang='lat' dir='ltr'><strong>ALEXANDR.</strong></span> <span class='ocrx_word' id='word_1_5' title='bbox 1631 138 1699 164; x_wconf 81' lang='lat' dir='ltr'>xx.</span> <span class='ocrx_word' id='word_1_6' title='bbox 1719 124 1785 174; x_wconf 80' lang='lat'>26,</span> <span class='ocrx_word' id='word_1_7' title='bbox 1804 133 1871 175; x_wconf 83' lang='lat'>27.</span> 
     </span>
    </p>
   </div>
   <div class='ocr_carea' id='block_1_2' title="bbox 292 232 1871 465">
    <p class='ocr_par' dir='ltr' id='par_1_2' title="bbox 292 232 1871 465">
     <span class='ocr_line' id='line_1_2' title="bbox 294 232 1871 305; baseline -0.003 -17"><span class='ocrx_word' id='word_1_8' title='bbox 294 240 415 288; x_wconf 82' lang='grc' dir='ltr'>ἰδεῖν·</span> <span class='ocrx_word' id='word_1_9' title='bbox 456 239 521 305; x_wconf 75' lang='grc' dir='ltr'>τῷ</span> <span class='ocrx_word' id='word_1_10' title='bbox 548 236 595 287; x_wconf 86' lang='grc' dir='ltr'>δὲ</span> <span class='ocrx_word' id='word_1_11' title='bbox 620 234 678 299; x_wconf 81' lang='grc' dir='ltr'>ἧν</span> <span class='ocrx_word' id='word_1_12' title='bbox 703 236 791 300; x_wconf 73' lang='grc' dir='ltr'>ἤδη</span> <span class='ocrx_word' id='word_1_13' title='bbox 818 238 892 286; x_wconf 78' lang='grc' dir='ltr'>καὶ</span> <span class='ocrx_word' id='word_1_14' title='bbox 923 240 1060 285; x_wconf 83' lang='grc' dir='ltr'>τοῦτο</span> <span class='ocrx_word' id='word_1_15' title='bbox 1094 234 1289 300; x_wconf 79' lang='grc' dir='ltr'>πρέπον,</span> <span class='ocrx_word' id='word_1_16' title='bbox 1315 237 1376 288; x_wconf 82' lang='grc' dir='ltr'>ὡς</span> <span class='ocrx_word' id='word_1_17' title='bbox 1412 236 1530 297; x_wconf 86' lang='grc' dir='ltr'>ὁμοῦ</span> <span class='ocrx_word' id='word_1_18' title='bbox 1568 237 1662 286; x_wconf 88' lang='grc' dir='ltr'>τοῖς</span> <span class='ocrx_word' id='word_1_19' title='bbox 1702 232 1871 284; x_wconf 78' lang='grc' dir='ltr'>ἄλλοις</span> 
     </span>
     <span class='ocr_line' id='line_1_3' title="bbox 292 314 1870 382; baseline -0.004 -13"><span class='ocrx_word' id='word_1_20' title='bbox 292 318 346 369; x_wconf 83' lang='grc' dir='ltr'>τὸ</span> <span class='ocrx_word' id='word_1_21' title='bbox 376 322 569 381; x_wconf 84' lang='grc' dir='ltr'>Πνεῦμα</span> <span class='ocrx_word' id='word_1_22' title='bbox 604 316 943 380; x_wconf 86' lang='grc' dir='ltr'>πλουτήσαντι.</span> <span class='ocrx_word' id='word_1_23' title='bbox 1001 318 1062 368; x_wconf 82' lang='grc' dir='ltr'>ὡς</span> <span class='ocrx_word' id='word_1_24' title='bbox 1100 315 1192 381; x_wconf 77' lang='grc' dir='ltr'>γὰρ</span> <span class='ocrx_word' id='word_1_25' title='bbox 1231 315 1319 379; x_wconf 76' lang='grc' dir='ltr'>ἤδη</span> <span class='ocrx_word' id='word_1_26' title='bbox 1359 316 1633 382; x_wconf 74' lang='grc' dir='ltr'>φθάσαντες</span> <span class='ocrx_word' id='word_1_27' title='bbox 1669 314 1870 375; x_wconf 82' lang='grc' dir='ltr'>ε’ίπομεν,</span> 
     </span>
     <span class='ocr_line' id='line_1_4' title="bbox 293 394 1871 465; baseline -0.002 -15"><span class='ocrx_word' id='word_1_28' title='bbox 293 401 377 450; x_wconf 82' lang='grc' dir='ltr'>οὐκ</span> <span class='ocrx_word' id='word_1_29' title='bbox 411 400 596 464; x_wconf 85' lang='grc' dir='ltr'>ἐπείπερ</span> <span class='ocrx_word' id='word_1_30' title='bbox 628 398 904 465; x_wconf 78' lang='grc' dir='ltr'>ἀπελείφθη,</span> <span class='ocrx_word' id='word_1_31' title='bbox 934 395 1009 447; x_wconf 80' lang='grc' dir='ltr'>διὰ</span> <span class='ocrx_word' id='word_1_32' title='bbox 1045 402 1183 447; x_wconf 83' lang='grc' dir='ltr'>τοῦτο</span> <span class='ocrx_word' id='word_1_33' title='bbox 1219 403 1302 447; x_wconf 85' lang='grc' dir='ltr'>τοῦ</span> <span class='ocrx_word' id='word_1_34' title='bbox 1331 396 1604 459; x_wconf 86' lang='grc' dir='ltr'>Πνεύματος</span> <span class='ocrx_word' id='word_1_35' title='bbox 1643 394 1871 460; x_wconf 73' lang='grc' dir='ltr'>ἀμέτοχος</span> 
     </span>
    </p>
   </div>
   <div class='ocr_carea' id='block_1_3' title="bbox 246 475 1871 548">
    <p class='ocr_par' dir='ltr' id='par_1_3' title="bbox 246 475 1871 548">
     <span class='ocr_line' id='line_1_5' title="bbox 246 475 1871 548; baseline -0.005 -17"><span class='ocrx_word' id='word_1_36' title='bbox 246 480 363 545; x_wconf 74' lang='grc' dir='ltr'>ἃῆν.</span> <span class='ocrx_word' id='word_1_37' title='bbox 407 480 654 548; x_wconf 75' lang='grc' dir='ltr'>ἐξετείνετο</span> <span class='ocrx_word' id='word_1_38' title='bbox 692 477 786 543; x_wconf 80' lang='grc' dir='ltr'>γὰρ</span> <span class='ocrx_word' id='word_1_39' title='bbox 813 479 887 528; x_wconf 80' lang='grc' dir='ltr'>καὶ</span> <span class='ocrx_word' id='word_1_40' title='bbox 926 480 988 530; x_wconf 80' lang='grc' dir='ltr'>εἰς</span> <span class='ocrx_word' id='word_1_41' title='bbox 1022 478 1164 527; x_wconf 82' lang='grc' dir='ltr'>αὐτὸν</span> <span class='ocrx_word' id='word_1_42' title='bbox 1189 478 1217 541; x_wconf 85' lang='grc' dir='ltr'>ἡ</span> <span class='ocrx_word' id='word_1_43' title='bbox 1243 482 1326 527; x_wconf 87' lang='grc' dir='ltr'>τοῦ</span> <span class='ocrx_word' id='word_1_44' title='bbox 1366 475 1571 529; x_wconf 78' lang='grc' dir='ltr'>διδόντος</span> <span class='ocrx_word' id='word_1_45' title='bbox 1610 475 1871 543; x_wconf 85' lang='grc' dir='ltr'>φιλοτιμία,</span> 
     </span>
    </p>
   </div>
   <div class='ocr_carea' id='block_1_4' title="bbox 289 556 1941 1275">
    <p class='ocr_par' dir='ltr' id='par_1_4' title="bbox 291 556 1913 708">
     <span class='ocr_line' id='line_1_6' title="bbox 292 556 1913 629; baseline -0.001 -18"><span class='ocrx_word' id='word_1_46' title='bbox 292 561 390 629; x_wconf 78' lang='grc' dir='ltr'>ὅλῳ</span> <span class='ocrx_word' id='word_1_47' title='bbox 425 564 491 628; x_wconf 74' lang='grc' dir='ltr'>τῷ</span> <span class='ocrx_word' id='word_1_48' title='bbox 524 558 808 626; x_wconf 82' lang='grc' dir='ltr'>πληρώματι</span> <span class='ocrx_word' id='word_1_49' title='bbox 840 562 934 609; x_wconf 80' lang='grc' dir='ltr'>τῶν</span> <span class='ocrx_word' id='word_1_50' title='bbox 961 558 1108 622; x_wconf 86' lang='grc' dir='ltr'>ἁγίων</span> <span class='ocrx_word' id='word_1_51' title='bbox 1137 561 1361 622; x_wconf 84' lang='grc' dir='ltr'>μαθητῶν</span> <span class='ocrx_word' id='word_1_52' title='bbox 1386 556 1758 621; x_wconf 79' lang='grc' dir='ltr'>ἀπονεμηθείσης</span> <span class='ocrx_word' id='word_1_53' title='bbox 1789 558 1871 620; x_wconf 84' lang='grc' dir='ltr'>τῆς</span> <span class='ocrx_word' id='word_1_54' title='bbox 1891 570 1913 610; x_wconf 90' lang='grc'><em>5</em></span> 
     </span>
     <span class='ocr_line' id='line_1_7' title="bbox 291 646 482 708; baseline -0.016 -15"><span class='ocrx_word' id='word_1_55' title='bbox 291 646 482 708; x_wconf 82' lang='grc' dir='ltr'>δωρεᾶς.</span> 
     </span>
    </p>

    <p class='ocr_par' dir='ltr' id='par_1_5' title="bbox 289 716 1941 1275">
     <span class='ocr_line' id='line_1_8' title="bbox 366 716 1873 787; baseline -0.005 -14"><span class='ocrx_word' id='word_1_56' title='bbox 366 721 515 786; x_wconf 76' lang='grc' dir='ltr'>Οἶμαι</span> <span class='ocrx_word' id='word_1_57' title='bbox 542 721 589 772; x_wconf 78' lang='grc' dir='ltr'>δὲ</span> <span class='ocrx_word' id='word_1_58' title='bbox 616 725 709 772; x_wconf 83' lang='grc' dir='ltr'>δεῖν</span> <span class='ocrx_word' id='word_1_59' title='bbox 735 722 808 772; x_wconf 78' lang='grc' dir='ltr'>ἐπὶ</span> <span class='ocrx_word' id='word_1_60' title='bbox 834 720 1013 774; x_wconf 80' lang='grc' dir='ltr'>τούτοις</span> <span class='ocrx_word' id='word_1_61' title='bbox 1039 721 1283 787; x_wconf 84' lang='grc' dir='ltr'>ἐρευνῆσαι</span> <span class='ocrx_word' id='word_1_62' title='bbox 1310 722 1503 772; x_wconf 87' lang='grc' dir='ltr'>κάκεῖνο.</span> <span class='ocrx_word' id='word_1_63' title='bbox 1550 716 1873 787; x_wconf 78' lang='grc' dir='ltr'>ἐψηλάφησεν</span> 
     </span>
     <span class='ocr_line' id='line_1_9' title="bbox 292 798 1873 868; baseline -0.001 -15"><span class='ocrx_word' id='word_1_64' title='bbox 292 805 317 853; x_wconf 83' lang='grc' dir='ltr'>ὁ</span> <span class='ocrx_word' id='word_1_65' title='bbox 344 807 521 866; x_wconf 79' lang='grc' dir='ltr'>Θωμᾶς</span> <span class='ocrx_word' id='word_1_66' title='bbox 551 802 636 866; x_wconf 85' lang='grc' dir='ltr'>τὴν</span> <span class='ocrx_word' id='word_1_67' title='bbox 661 808 743 853; x_wconf 88' lang='grc' dir='ltr'>τοῦ</span> <span class='ocrx_word' id='word_1_68' title='bbox 771 805 991 867; x_wconf 80' lang='grc' dir='ltr'>Σωτῆρος</span> <span class='ocrx_word' id='word_1_69' title='bbox 1029 801 1254 868; x_wconf 74' lang='grc' dir='ltr'>πλευρὰν,</span> <span class='ocrx_word' id='word_1_70' title='bbox 1283 802 1358 852; x_wconf 81' lang='grc' dir='ltr'>καὶ</span> <span class='ocrx_word' id='word_1_71' title='bbox 1393 801 1452 851; x_wconf 78' lang='grc' dir='ltr'>τὰ</span> <span class='ocrx_word' id='word_1_72' title='bbox 1484 803 1532 851; x_wconf 83' lang='grc' dir='ltr'>ἐκ</span> <span class='ocrx_word' id='word_1_73' title='bbox 1570 803 1652 863; x_wconf 84' lang='grc' dir='ltr'>τῆς</span> <span class='ocrx_word' id='word_1_74' title='bbox 1691 798 1873 865; x_wconf 82' lang='grc' dir='ltr'>λόγχης</span> 
     </span>
     <span class='ocr_line' id='line_1_10' title="bbox 290 880 1872 950; baseline -0.004 -15"><span class='ocrx_word' id='word_1_75' title='bbox 290 888 373 947; x_wconf 85' lang='grc' dir='ltr'>τῆς</span> <span class='ocrx_word' id='word_1_76' title='bbox 399 886 737 950; x_wconf 81' lang='grc' dir='ltr'>στρατιωτικῆς</span> <span class='ocrx_word' id='word_1_77' title='bbox 764 883 956 949; x_wconf 74' lang='grc' dir='ltr'>ἐζήτησε</span> <span class='ocrx_word' id='word_1_78' title='bbox 982 882 1242 949; x_wconf 85' lang='grc' dir='ltr'>τραύματα·</span> <span class='ocrx_word' id='word_1_79' title='bbox 1299 881 1387 933; x_wconf 78' lang='grc' dir='ltr'>εἶδε</span> <span class='ocrx_word' id='word_1_80' title='bbox 1421 881 1528 935; x_wconf 75' lang='grc' dir='ltr'>τοὺς</span> <span class='ocrx_word' id='word_1_81' title='bbox 1566 880 1739 933; x_wconf 85' lang='grc' dir='ltr'>τύπους</span> <span class='ocrx_word' id='word_1_82' title='bbox 1779 884 1872 930; x_wconf 80' lang='grc' dir='ltr'>τῶν</span> 
     </span>
     <span class='ocr_line' id='line_1_11' title="bbox 291 960 1941 1032; baseline -0.002 -17"><span class='ocrx_word' id='word_1_83' title='bbox 291 965 436 1030; x_wconf 84' lang='grc' dir='ltr'>ἥλων.</span> <span class='ocrx_word' id='word_1_84' title='bbox 491 963 590 1016; x_wconf 77' lang='grc' dir='ltr'>εἶτα</span> <span class='ocrx_word' id='word_1_85' title='bbox 614 970 728 1027; x_wconf 84' lang='grc' dir='ltr'>πῶς,</span> <span class='ocrx_word' id='word_1_86' title='bbox 753 966 847 1031; x_wconf 83' lang='grc' dir='ltr'>ἐρεῖ</span> <span class='ocrx_word' id='word_1_87' title='bbox 866 987 933 1017; x_wconf 78' lang='grc' dir='ltr'>τις</span> <span class='ocrx_word' id='word_1_88' title='bbox 960 965 1118 1031; x_wconf 85' lang='grc' dir='ltr'>τυχὸν,</span> <span class='ocrx_word' id='word_1_89' title='bbox 1145 966 1193 1015; x_wconf 88' lang='grc' dir='ltr'>ἐν</span> <span class='ocrx_word' id='word_1_90' title='bbox 1219 969 1284 1032; x_wconf 73' lang='grc' dir='ltr'>τῷ</span> <span class='ocrx_word' id='word_1_91' title='bbox 1322 963 1553 1032; x_wconf 78' lang='grc' dir='ltr'>ἀφθάρτῳ</span> <span class='ocrx_word' id='word_1_92' title='bbox 1592 961 1779 1026; x_wconf 83' lang='grc' dir='ltr'>σώματι</span> <span class='ocrx_word' id='word_1_93' title='bbox 1814 960 1873 1012; x_wconf 82' lang='grc' dir='ltr'>τὰ</span> <span class='ocrx_word' id='word_1_94' title='bbox 1891 981 1941 1007; x_wconf 90' lang='lat'>10</span> 
     </span>
     <span class='ocr_line' id='line_1_12' title="bbox 289 1044 1874 1115; baseline -0.001 -18"><span class='ocrx_word' id='word_1_95' title='bbox 289 1049 373 1110; x_wconf 88' lang='grc' dir='ltr'>τῆς</span> <span class='ocrx_word' id='word_1_96' title='bbox 421 1051 603 1115; x_wconf 82' lang='grc' dir='ltr'>φθορᾶς</span> <span class='ocrx_word' id='word_1_97' title='bbox 649 1046 910 1114; x_wconf 84' lang='grc' dir='ltr'>διεφαίνετο</span> <span class='ocrx_word' id='word_1_98' title='bbox 961 1051 1166 1111; x_wconf 68' lang='grc' dir='ltr'>σημεῖα,</span> <span class='ocrx_word' id='word_1_99' title='bbox 1224 1049 1406 1113; x_wconf 83' lang='grc' dir='ltr'>φθορᾶς</span> <span class='ocrx_word' id='word_1_100' title='bbox 1463 1044 1555 1111; x_wconf 81' lang='grc' dir='ltr'>γὰρ</span> <span class='ocrx_word' id='word_1_101' title='bbox 1601 1045 1874 1107; x_wconf 82' lang='grc' dir='ltr'>σωματικῆς</span> 
     </span>
     <span class='ocr_line' id='line_1_13' title="bbox 290 1123 1874 1197; baseline -0.003 -19"><span class='ocrx_word' id='word_1_102' title='bbox 290 1128 529 1197; x_wconf 76' lang='grc' dir='ltr'>ἀπόδειξιν</span> <span class='ocrx_word' id='word_1_103' title='bbox 555 1129 661 1195; x_wconf 76' lang='grc' dir='ltr'>ἔχει,</span> <span class='ocrx_word' id='word_1_104' title='bbox 692 1130 766 1178; x_wconf 73' lang='grc' dir='ltr'>καὶ</span> <span class='ocrx_word' id='word_1_105' title='bbox 800 1132 967 1194; x_wconf 81' lang='grc' dir='ltr'>χειρῶν</span> <span class='ocrx_word' id='word_1_106' title='bbox 1001 1129 1076 1177; x_wconf 80' lang='grc' dir='ltr'>καὶ</span> <span class='ocrx_word' id='word_1_107' title='bbox 1114 1132 1322 1193; x_wconf 81' lang='grc' dir='ltr'>πλευρᾶς</span> <span class='ocrx_word' id='word_1_108' title='bbox 1361 1127 1425 1177; x_wconf 69' lang='grc' dir='ltr'>ἔτι</span> <span class='ocrx_word' id='word_1_109' title='bbox 1464 1123 1673 1188; x_wconf 78' lang='grc' dir='ltr'>με’νουσά</span> <span class='ocrx_word' id='word_1_110' title='bbox 1711 1147 1760 1175; x_wconf 90' lang='grc' dir='ltr'>τε</span> <span class='ocrx_word' id='word_1_111' title='bbox 1799 1126 1874 1175; x_wconf 85' lang='grc' dir='ltr'>καὶ</span> 
     </span>
     <span class='ocr_line' id='line_1_14' title="bbox 290 1205 1874 1275; baseline -0.003 -15"><span class='ocrx_word' id='word_1_112' title='bbox 290 1209 532 1275; x_wconf 74' lang='grc' dir='ltr'>σωζομένη</span> <span class='ocrx_word' id='word_1_113' title='bbox 559 1209 815 1275; x_wconf 88' lang='grc' dir='ltr'>διάτρησις,</span> <span class='ocrx_word' id='word_1_114' title='bbox 842 1210 917 1258; x_wconf 80' lang='grc' dir='ltr'>καὶ</span> <span class='ocrx_word' id='word_1_115' title='bbox 944 1208 1223 1273; x_wconf 77' lang='grc' dir='ltr'>τραυμάτων</span> <span class='ocrx_word' id='word_1_116' title='bbox 1250 1207 1365 1258; x_wconf 80' lang='grc' dir='ltr'>ἰδέαι</span> <span class='ocrx_word' id='word_1_117' title='bbox 1405 1209 1480 1258; x_wconf 80' lang='grc' dir='ltr'>καὶ</span> <span class='ocrx_word' id='word_1_118' title='bbox 1516 1205 1874 1269; x_wconf 84' lang='grc' dir='ltr'>ἀποκεντήσεων</span> 
     </span>
    </p>
   </div>
   <div class='ocr_carea' id='block_1_5' title="bbox 249 1287 1874 1355">
    <p class='ocr_par' dir='ltr' id='par_1_6' title="bbox 249 1287 1874 1355">
     <span class='ocr_line' id='line_1_15' title="bbox 249 1287 1874 1355; baseline -0.002 -15"><span class='ocrx_word' id='word_1_119' title='bbox 249 1295 384 1341; x_wconf 79' lang='grc' dir='ltr'>θτῶν</span> <span class='ocrx_word' id='word_1_120' title='bbox 423 1289 497 1340; x_wconf 77' lang='grc' dir='ltr'>διὰ</span> <span class='ocrx_word' id='word_1_121' title='bbox 532 1290 730 1355; x_wconf 88' lang='grc' dir='ltr'>σιδήρου</span> <span class='ocrx_word' id='word_1_122' title='bbox 764 1290 1099 1355; x_wconf 76' lang='grc' dir='ltr'>γεγενημένων,</span> <span class='ocrx_word' id='word_1_123' title='bbox 1131 1291 1279 1339; x_wconf 85' lang='grc' dir='ltr'>καίτοι</span> <span class='ocrx_word' id='word_1_124' title='bbox 1319 1294 1401 1338; x_wconf 79' lang='grc' dir='ltr'>τοῦ</span> <span class='ocrx_word' id='word_1_125' title='bbox 1440 1287 1558 1353; x_wconf 80' lang='grc' dir='ltr'>πρὸς</span> <span class='ocrx_word' id='word_1_126' title='bbox 1598 1287 1874 1355; x_wconf 84' lang='grc' dir='ltr'>ἀφθαρσίαν</span> 
     </span>
    </p>
   </div>
   <div class='ocr_carea' id='block_1_6' title="bbox 287 1366 1944 2006">
    <p class='ocr_par' dir='ltr' id='par_1_7' title="bbox 287 1366 1944 2006">
     <span class='ocr_line' id='line_1_16' title="bbox 289 1366 1940 1434; baseline -0.004 -12"><span class='ocrx_word' id='word_1_127' title='bbox 289 1372 679 1424; x_wconf 85' lang='grc' dir='ltr'>ἀναπλασθέντος</span> <span class='ocrx_word' id='word_1_128' title='bbox 717 1370 939 1434; x_wconf 82' lang='grc' dir='ltr'>σώματος</span> <span class='ocrx_word' id='word_1_129' title='bbox 967 1372 991 1420; x_wconf 86' lang='grc' dir='ltr'>ὁ</span> <span class='ocrx_word' id='word_1_130' title='bbox 1019 1369 1200 1434; x_wconf 87' lang='grc' dir='ltr'>ἀληθής</span> <span class='ocrx_word' id='word_1_131' title='bbox 1227 1392 1276 1421; x_wconf 88' lang='grc' dir='ltr'>τε</span> <span class='ocrx_word' id='word_1_132' title='bbox 1312 1372 1386 1419; x_wconf 82' lang='grc' dir='ltr'>καὶ</span> <span class='ocrx_word' id='word_1_133' title='bbox 1423 1369 1690 1421; x_wconf 88' lang='grc' dir='ltr'>ἀνυπαίτιος</span> <span class='ocrx_word' id='word_1_134' title='bbox 1729 1366 1872 1432; x_wconf 84' lang='grc' dir='ltr'>λόγος</span> <span class='ocrx_word' id='word_1_135' title='bbox 1894 1387 1940 1426; x_wconf 93' lang='lat'>15</span> 
     </span>
     <span class='ocr_line' id='line_1_17' title="bbox 290 1447 1875 1519; baseline -0.003 -17"><span class='ocrx_word' id='word_1_136' title='bbox 290 1456 352 1506; x_wconf 80' lang='grc' dir='ltr'>εἷς</span> <span class='ocrx_word' id='word_1_137' title='bbox 378 1452 433 1503; x_wconf 83' lang='grc' dir='ltr'>τὸ</span> <span class='ocrx_word' id='word_1_138' title='bbox 463 1456 631 1519; x_wconf 85' lang='grc' dir='ltr'>χρῆναι</span> <span class='ocrx_word' id='word_1_139' title='bbox 661 1451 831 1513; x_wconf 80' lang='grc' dir='ltr'>βλέπει</span> <span class='ocrx_word' id='word_1_140' title='bbox 862 1451 1296 1503; x_wconf 82' lang='grc' dir='ltr'>συναποδύσασθαι</span> <span class='ocrx_word' id='word_1_141' title='bbox 1329 1455 1386 1518; x_wconf 80' lang='grc' dir='ltr'>τῇ</span> <span class='ocrx_word' id='word_1_142' title='bbox 1420 1453 1580 1518; x_wconf 76' lang='grc' dir='ltr'>φθορᾷ</span> <span class='ocrx_word' id='word_1_143' title='bbox 1610 1451 1685 1500; x_wconf 83' lang='grc' dir='ltr'>καὶ</span> <span class='ocrx_word' id='word_1_144' title='bbox 1719 1447 1875 1500; x_wconf 85' lang='grc' dir='ltr'>πάντα</span> 
     </span>
     <span class='ocr_line' id='line_1_18' title="bbox 288 1531 1875 1603; baseline -0.003 -18"><span class='ocrx_word' id='word_1_145' title='bbox 288 1534 346 1585; x_wconf 78' lang='grc' dir='ltr'>τὰ</span> <span class='ocrx_word' id='word_1_146' title='bbox 384 1534 441 1603; x_wconf 77' lang='grc' dir='ltr'>ἐξ</span> <span class='ocrx_word' id='word_1_147' title='bbox 475 1535 629 1597; x_wconf 83' lang='grc' dir='ltr'>αὐτῆς.</span> <span class='ocrx_word' id='word_1_148' title='bbox 683 1531 773 1600; x_wconf 81' lang='grc' dir='ltr'>ἀρα</span> <span class='ocrx_word' id='word_1_149' title='bbox 807 1532 900 1599; x_wconf 78' lang='grc' dir='ltr'>γὰρ</span> <span class='ocrx_word' id='word_1_150' title='bbox 942 1533 984 1584; x_wconf 80' lang='grc' dir='ltr'>εἴ</span> <span class='ocrx_word' id='word_1_151' title='bbox 1018 1556 1087 1587; x_wconf 90' lang='grc' dir='ltr'>τις</span> <span class='ocrx_word' id='word_1_152' title='bbox 1129 1531 1329 1600; x_wconf 80' lang='grc' dir='ltr'>χωλεύοι</span> <span class='ocrx_word' id='word_1_153' title='bbox 1371 1531 1515 1599; x_wconf 79' lang='grc' dir='ltr'>τυχὸν</span> <span class='ocrx_word' id='word_1_154' title='bbox 1557 1532 1875 1591; x_wconf 81' lang='grc' dir='ltr'>ἀναβιώσεται</span> 
     </span>
     <span class='ocr_line' id='line_1_19' title="bbox 287 1611 1874 1680; baseline -0.003 -14"><span class='ocrx_word' id='word_1_155' title='bbox 287 1616 434 1666; x_wconf 87' lang='grc' dir='ltr'>πάλιν</span> <span class='ocrx_word' id='word_1_156' title='bbox 460 1615 546 1679; x_wconf 83' lang='grc' dir='ltr'>τὴν</span> <span class='ocrx_word' id='word_1_157' title='bbox 570 1621 653 1666; x_wconf 82' lang='grc' dir='ltr'>τοῦ</span> <span class='ocrx_word' id='word_1_158' title='bbox 690 1614 834 1668; x_wconf 79' lang='grc' dir='ltr'>ποδὸς</span> <span class='ocrx_word' id='word_1_159' title='bbox 872 1616 977 1680; x_wconf 76' lang='grc' dir='ltr'>ἤτοι</span> <span class='ocrx_word' id='word_1_160' title='bbox 1015 1620 1098 1665; x_wconf 82' lang='grc' dir='ltr'>τοῦ</span> <span class='ocrx_word' id='word_1_161' title='bbox 1137 1613 1344 1666; x_wconf 78' lang='grc' dir='ltr'>σκέλους</span> <span class='ocrx_word' id='word_1_162' title='bbox 1383 1613 1601 1678; x_wconf 88' lang='grc' dir='ltr'>πήρωσιν</span> <span class='ocrx_word' id='word_1_163' title='bbox 1638 1611 1791 1678; x_wconf 78' lang='grc' dir='ltr'>ε”’χων;</span> <span class='ocrx_word' id='word_1_164' title='bbox 1836 1614 1874 1661; x_wconf 79' lang='grc' dir='ltr'>εὶ</span> 
     </span>
     <span class='ocr_line' id='line_1_20' title="bbox 289 1692 1873 1764; baseline -0.003 -17"><span class='ocrx_word' id='word_1_165' title='bbox 289 1696 337 1747; x_wconf 78' lang='grc' dir='ltr'>δὲ</span> <span class='ocrx_word' id='word_1_166' title='bbox 362 1699 437 1747; x_wconf 81' lang='grc' dir='ltr'>καὶ</span> <span class='ocrx_word' id='word_1_167' title='bbox 463 1696 742 1764; x_wconf 74' lang='grc' dir='ltr'>ὀφθαλμοὺς</span> <span class='ocrx_word' id='word_1_168' title='bbox 778 1696 1099 1749; x_wconf 80' lang='grc' dir='ltr'>ἀπολωλεκώς</span> <span class='ocrx_word' id='word_1_169' title='bbox 1137 1719 1204 1748; x_wconf 90' lang='grc' dir='ltr'>τις</span> <span class='ocrx_word' id='word_1_170' title='bbox 1232 1695 1298 1759; x_wconf 87' lang='grc' dir='ltr'>ε’ίη</span> <span class='ocrx_word' id='word_1_171' title='bbox 1326 1694 1446 1745; x_wconf 79' lang='grc' dir='ltr'>κατὰ</span> <span class='ocrx_word' id='word_1_172' title='bbox 1480 1692 1612 1745; x_wconf 90' lang='grc' dir='ltr'>τόνδε</span> <span class='ocrx_word' id='word_1_173' title='bbox 1646 1692 1728 1743; x_wconf 81' lang='grc' dir='ltr'>τὸν</span> <span class='ocrx_word' id='word_1_174' title='bbox 1756 1692 1873 1754; x_wconf 79' lang='grc' dir='ltr'>βίον,</span> 
     </span>
     <span class='ocr_line' id='line_1_21' title="bbox 290 1774 1944 1844; baseline -0.004 -15"><span class='ocrx_word' id='word_1_175' title='bbox 290 1775 381 1844; x_wconf 80' lang='grc' dir='ltr'>ἀρα</span> <span class='ocrx_word' id='word_1_176' title='bbox 416 1784 498 1829; x_wconf 83' lang='grc' dir='ltr'>τοῦ</span> <span class='ocrx_word' id='word_1_177' title='bbox 540 1778 735 1839; x_wconf 77' lang='grc' dir='ltr'>βλέπειν</span> <span class='ocrx_word' id='word_1_178' title='bbox 775 1778 942 1844; x_wconf 77' lang='grc' dir='ltr'>ἔρημος</span> <span class='ocrx_word' id='word_1_179' title='bbox 984 1777 1320 1842; x_wconf 76' lang='grc' dir='ltr'>ἐγερθήσεταις</span> <span class='ocrx_word' id='word_1_180' title='bbox 1373 1781 1474 1829; x_wconf 79' lang='grc' dir='ltr'>πῶς</span> <span class='ocrx_word' id='word_1_181' title='bbox 1514 1777 1595 1826; x_wconf 76' lang='grc' dir='ltr'>οὖν</span> <span class='ocrx_word' id='word_1_182' title='bbox 1634 1776 1717 1832; x_wconf 76' lang='grc' dir='ltr'>ἔτι,</span> <span class='ocrx_word' id='word_1_183' title='bbox 1760 1774 1875 1841; x_wconf 84' lang='grc' dir='ltr'>φαίη</span> <span class='ocrx_word' id='word_1_184' title='bbox 1894 1796 1944 1822; x_wconf 88' lang='lat'>20</span> 
     </span>
     <span class='ocr_line' id='line_1_22' title="bbox 289 1856 1877 1927; baseline -0.003 -17"><span class='ocrx_word' id='word_1_185' title='bbox 289 1883 357 1913; x_wconf 91' lang='grc' dir='ltr'>τις</span> <span class='ocrx_word' id='word_1_186' title='bbox 384 1859 454 1922; x_wconf 78' lang='grc' dir='ltr'>ἂν,</span> <span class='ocrx_word' id='word_1_187' title='bbox 475 1859 832 1924; x_wconf 88' lang='grc' dir='ltr'>ἀπεσεισάμεθα</span> <span class='ocrx_word' id='word_1_188' title='bbox 857 1859 942 1923; x_wconf 83' lang='grc' dir='ltr'>τὴν</span> <span class='ocrx_word' id='word_1_189' title='bbox 970 1859 1168 1927; x_wconf 80' lang='grc' dir='ltr'>φθορὰν,</span> <span class='ocrx_word' id='word_1_190' title='bbox 1190 1863 1227 1909; x_wconf 77' lang='grc' dir='ltr'>εὶ</span> <span class='ocrx_word' id='word_1_191' title='bbox 1253 1858 1311 1909; x_wconf 81' lang='grc' dir='ltr'>τὰ</span> <span class='ocrx_word' id='word_1_192' title='bbox 1337 1858 1393 1926; x_wconf 78' lang='grc' dir='ltr'>ἐξ</span> <span class='ocrx_word' id='word_1_193' title='bbox 1416 1859 1556 1920; x_wconf 83' lang='grc' dir='ltr'>αὐτῆς</span> <span class='ocrx_word' id='word_1_194' title='bbox 1584 1857 1649 1907; x_wconf 78' lang='grc' dir='ltr'>ε”τι</span> <span class='ocrx_word' id='word_1_195' title='bbox 1676 1856 1877 1922; x_wconf 73' lang='grc' dir='ltr'>σώζεται</span> 
     </span>
     <span class='ocr_line' id='line_1_23' title="bbox 288 1937 1874 2006; baseline -0.003 -14"><span class='ocrx_word' id='word_1_196' title='bbox 288 1942 433 2005; x_wconf 84' lang='grc' dir='ltr'>πάθη,</span> <span class='ocrx_word' id='word_1_197' title='bbox 479 1944 554 1992; x_wconf 80' lang='grc' dir='ltr'>καὶ</span> <span class='ocrx_word' id='word_1_198' title='bbox 598 1946 692 1992; x_wconf 84' lang='grc' dir='ltr'>τῶν</span> <span class='ocrx_word' id='word_1_199' title='bbox 735 1941 967 2006; x_wconf 76' lang='grc' dir='ltr'>ἡμετέρων</span> <span class='ocrx_word' id='word_1_200' title='bbox 1020 1945 1302 2005; x_wconf 84' lang='grc' dir='ltr'>κατακρατεῖ</span> <span class='ocrx_word' id='word_1_201' title='bbox 1348 1937 1616 2001; x_wconf 70' lang='grc' dir='ltr'>σωμάτων,</span> <span class='ocrx_word' id='word_1_202' title='bbox 1671 1939 1745 1988; x_wconf 79' lang='grc' dir='ltr'>καὶ</span> <span class='ocrx_word' id='word_1_203' title='bbox 1791 1937 1874 2003; x_wconf 74' lang='grc' dir='ltr'>ζη-</span> 
     </span>
    </p>
   </div>
   <div class='ocr_carea' id='block_1_7' title="bbox 68 2018 1872 2088">
    <p class='ocr_par' dir='ltr' id='par_1_8' title="bbox 68 2018 1872 2088">
     <span class='ocr_line' id='line_1_24' title="bbox 68 2018 1872 2088; baseline -0.003 -14"><span class='ocrx_word' id='word_1_204' title='bbox 68 2033 171 2068; x_wconf 89' lang='grc'>1106</span> <span class='ocrx_word' id='word_1_205' title='bbox 186 2033 236 2067; x_wconf 89' lang='lat' dir='ltr'>A·</span> <span class='ocrx_word' id='word_1_206' title='bbox 250 2042 271 2066; x_wconf 78' lang='lat' dir='ltr'>a</span> <span class='ocrx_word' id='word_1_207' title='bbox 290 2023 469 2087; x_wconf 90' lang='grc' dir='ltr'>τήσεως</span> <span class='ocrx_word' id='word_1_208' title='bbox 488 2022 571 2086; x_wconf 77' lang='grc' dir='ltr'>μὲν</span> <span class='ocrx_word' id='word_1_209' title='bbox 591 2024 847 2088; x_wconf 81' lang='grc' dir='ltr'>ἀναγκαίας</span> <span class='ocrx_word' id='word_1_210' title='bbox 867 2024 1072 2088; x_wconf 80' lang='grc' dir='ltr'>ἀμοιρεῖν</span> <span class='ocrx_word' id='word_1_211' title='bbox 1093 2024 1175 2073; x_wconf 79' lang='grc' dir='ltr'>οὐκ</span> <span class='ocrx_word' id='word_1_212' title='bbox 1191 2019 1316 2085; x_wconf 75' lang='grc' dir='ltr'>οἶμαι</span> <span class='ocrx_word' id='word_1_213' title='bbox 1336 2019 1418 2072; x_wconf 81' lang='grc' dir='ltr'>τὸν</span> <span class='ocrx_word' id='word_1_214' title='bbox 1438 2022 1512 2072; x_wconf 73' lang='grc' dir='ltr'>ἐπὶ</span> <span class='ocrx_word' id='word_1_215' title='bbox 1533 2020 1682 2088; x_wconf 78' lang='grc' dir='ltr'>τούτῳ</span> <span class='ocrx_word' id='word_1_216' title='bbox 1706 2018 1872 2084; x_wconf 89' lang='grc' dir='ltr'>λόγον,</span> 
     </span>
    </p>
   </div>
   <div class='ocr_carea' id='block_1_8' title="bbox 70 2446 191 2530">
    <p class='ocr_par' dir='ltr' id='par_1_9' title="bbox 70 2446 191 2530">
     <span class='ocr_line' id='line_1_25' title="bbox 75 2446 170 2477; baseline 0.011 -1"><span class='ocrx_word' id='word_1_217' title='bbox 75 2456 86 2476; x_wconf 93' lang='lat'>1</span> <span class='ocrx_word' id='word_1_218' title='bbox 98 2446 170 2477; x_wconf 84' lang='lat' dir='ltr'><strong>Cor.</strong></span> 
     </span>
     <span class='ocr_line' id='line_1_26' title="bbox 70 2498 191 2530; baseline 0.008 -11"><span class='ocrx_word' id='word_1_219' title='bbox 70 2499 124 2520; x_wconf 86' lang='lat' dir='ltr'>xv.</span> <span class='ocrx_word' id='word_1_220' title='bbox 141 2498 191 2530; x_wconf 83' lang='lat'>43.</span> 
     </span>
    </p>
   </div>
   <div class='ocr_carea' id='block_1_9' title="bbox 288 2100 1945 2335">
    <p class='ocr_par' dir='ltr' id='par_1_10' title="bbox 288 2100 1945 2335">
     <span class='ocr_line' id='line_1_27' title="bbox 288 2100 1878 2172; baseline -0.004 -16"><span class='ocrx_word' id='word_1_221' title='bbox 288 2104 417 2168; x_wconf 86' lang='grc' dir='ltr'>πλὴν</span> <span class='ocrx_word' id='word_1_222' title='bbox 444 2103 586 2156; x_wconf 85' lang='grc' dir='ltr'>ἐκεῖνό</span> <span class='ocrx_word' id='word_1_223' title='bbox 622 2109 778 2172; x_wconf 89' lang='grc' dir='ltr'>φαμεν</span> <span class='ocrx_word' id='word_1_224' title='bbox 810 2109 910 2158; x_wconf 85' lang='grc' dir='ltr'>ταῖς</span> <span class='ocrx_word' id='word_1_225' title='bbox 943 2109 1037 2154; x_wconf 84' lang='grc' dir='ltr'>τῶν</span> <span class='ocrx_word' id='word_1_226' title='bbox 1069 2103 1382 2169; x_wconf 79' lang='grc' dir='ltr'>προκειμένων</span> <span class='ocrx_word' id='word_1_227' title='bbox 1414 2103 1638 2169; x_wconf 87' lang='grc' dir='ltr'>ἀπορίαις,</span> <span class='ocrx_word' id='word_1_228' title='bbox 1668 2100 1878 2151; x_wconf 88' lang='grc' dir='ltr'>καθόσον</span> 
     </span>
     <span class='ocr_line' id='line_1_28' title="bbox 288 2181 1945 2254; baseline -0.003 -17"><span class='ocrx_word' id='word_1_229' title='bbox 288 2187 533 2254; x_wconf 84' lang='grc' dir='ltr'>ἐνδέχεται,</span> <span class='ocrx_word' id='word_1_230' title='bbox 557 2191 791 2237; x_wconf 78' lang='grc' dir='ltr'>συνειπεῖν</span> <span class='ocrx_word' id='word_1_231' title='bbox 816 2185 1171 2252; x_wconf 71' lang='grc' dir='ltr'>σπουδάζοντες,</span> <span class='ocrx_word' id='word_1_232' title='bbox 1200 2185 1270 2236; x_wconf 78' lang='grc' dir='ltr'>ὅτι</span> <span class='ocrx_word' id='word_1_233' title='bbox 1302 2184 1421 2235; x_wconf 80' lang='grc' dir='ltr'>κατὰ</span> <span class='ocrx_word' id='word_1_234' title='bbox 1452 2184 1534 2235; x_wconf 83' lang='grc' dir='ltr'>τὸν</span> <span class='ocrx_word' id='word_1_235' title='bbox 1560 2186 1641 2246; x_wconf 84' lang='grc' dir='ltr'>τῆς</span> <span class='ocrx_word' id='word_1_236' title='bbox 1668 2181 1877 2232; x_wconf 88' lang='grc' dir='ltr'>ἀναστά-</span> <span class='ocrx_word' id='word_1_237' title='bbox 1896 2205 1945 2245; x_wconf 88' lang='lat'>25</span> 
     </span>
     <span class='ocr_line' id='line_1_29' title="bbox 289 2265 1873 2335; baseline -0.003 -17"><span class='ocrx_word' id='word_1_238' title='bbox 289 2291 411 2321; x_wconf 86' lang='grc' dir='ltr'>σεως</span> <span class='ocrx_word' id='word_1_239' title='bbox 438 2266 597 2333; x_wconf 78' lang='grc' dir='ltr'>καιρὸν</span> <span class='ocrx_word' id='word_1_240' title='bbox 624 2266 754 2318; x_wconf 76' lang='grc' dir='ltr'>οὐδὲν</span> <span class='ocrx_word' id='word_1_241' title='bbox 780 2268 828 2318; x_wconf 82' lang='grc' dir='ltr'>ἐν</span> <span class='ocrx_word' id='word_1_242' title='bbox 855 2268 963 2331; x_wconf 85' lang='grc' dir='ltr'>ἡμῖν</span> <span class='ocrx_word' id='word_1_243' title='bbox 988 2267 1404 2335; x_wconf 83' lang='grc' dir='ltr'>περιλειφθήσεται</span> <span class='ocrx_word' id='word_1_244' title='bbox 1434 2269 1614 2333; x_wconf 81' lang='grc' dir='ltr'>φθορᾶς</span> <span class='ocrx_word' id='word_1_245' title='bbox 1642 2267 1723 2328; x_wconf 83' lang='grc' dir='ltr'>τῆς</span> <span class='ocrx_word' id='word_1_246' title='bbox 1748 2265 1873 2315; x_wconf 87' lang='grc' dir='ltr'>ἐπει-</span> 
     </span>
    </p>
   </div>
   <div class='ocr_carea' id='block_1_10' title="bbox 291 2346 1877 2418">
    <p class='ocr_par' dir='ltr' id='par_1_11' title="bbox 291 2346 1877 2418">
     <span class='ocr_line' id='line_1_30' title="bbox 291 2346 1877 2418; baseline -0.003 -20"><span class='ocrx_word' id='word_1_247' title='bbox 291 2347 471 2399; x_wconf 90' lang='grc' dir='ltr'>σάκτου</span> <span class='ocrx_word' id='word_1_248' title='bbox 491 2350 736 2418; x_wconf 78' lang='grc' dir='ltr'>λείψανον,</span> <span class='ocrx_word' id='word_1_249' title='bbox 755 2348 864 2399; x_wconf 80' lang='grc' dir='ltr'>ἀλλ’</span> <span class='ocrx_word' id='word_1_250' title='bbox 887 2348 1050 2414; x_wconf 79' lang='grc' dir='ltr'>ὥσπερ</span> <span class='ocrx_word' id='word_1_251' title='bbox 1069 2349 1092 2398; x_wconf 87' lang='grc' dir='ltr'><strong>ὁ</strong></span> <span class='ocrx_word' id='word_1_252' title='bbox 1113 2346 1267 2416; x_wconf 78' lang='grc' dir='ltr'>σοφὸς</span> <span class='ocrx_word' id='word_1_253' title='bbox 1291 2347 1381 2415; x_wconf 73' lang='grc' dir='ltr'>ἔφη</span> <span class='ocrx_word' id='word_1_254' title='bbox 1401 2350 1596 2399; x_wconf 83' lang='grc' dir='ltr'>Παῦλος</span> <span class='ocrx_word' id='word_1_255' title='bbox 1617 2347 1722 2410; x_wconf 74' lang='grc' dir='ltr'>περὶ</span> <span class='ocrx_word' id='word_1_256' title='bbox 1742 2347 1877 2396; x_wconf 83' lang='grc' dir='ltr'>τοῦδε</span> 
     </span>
    </p>
   </div>
   <div class='ocr_carea' id='block_1_11' title="bbox 1062 2437 1073 2458">
    <p class='ocr_par' dir='ltr' id='par_1_12' title="bbox 1062 2437 1073 2458">
     <span class='ocr_line' id='line_1_31' title="bbox 1062 2437 1073 2458; baseline 0 0"><span class='ocrx_word' id='word_1_257' title='bbox 1062 2437 1073 2458; x_wconf 78' lang='grc' dir='ltr'>ί</span> 
     </span>
    </p>
   </div>
   <div class='ocr_carea' id='block_1_12' title="bbox 292 2424 1877 2497">
    <p class='ocr_par' dir='ltr' id='par_1_13' title="bbox 292 2424 1877 2497">
     <span class='ocr_line' id='line_1_32' title="bbox 292 2424 1877 2497; baseline -0.003 -17"><span class='ocrx_word' id='word_1_258' title='bbox 292 2435 374 2480; x_wconf 87' lang='grc' dir='ltr'>τοῦ</span> <span class='ocrx_word' id='word_1_259' title='bbox 400 2430 634 2493; x_wconf 83' lang='grc' dir='ltr'>σώματος,</span> <span class='ocrx_word' id='word_1_260' title='bbox 659 2430 712 2481; x_wconf 82' lang='grc' dir='ltr'>τὸ</span> <span class='ocrx_word' id='word_1_261' title='bbox 739 2430 1034 2496; x_wconf 76' lang='grc' dir='ltr'>ἐσπαρμένον</span> <span class='ocrx_word' id='word_1_262' title='bbox 1077 2438 1088 2458; x_wconf 69' lang='lat'>⁶</span> <span class='ocrx_word' id='word_1_263' title='bbox 1108 2432 1155 2480; x_wconf 85' lang='grc' dir='ltr'>ἐν</span> <span class='ocrx_word' id='word_1_264' title='bbox 1180 2431 1399 2497; x_wconf 73' lang='grc' dir='ltr'>ἀσθενείᾳ</span> <span class='ocrx_word' id='word_1_265' title='bbox 1425 2427 1645 2494; x_wconf 85' lang='grc' dir='ltr'>ἐγείρεται</span> <span class='ocrx_word' id='word_1_266' title='bbox 1668 2428 1714 2478; x_wconf 82' lang='grc' dir='ltr'>ἐν</span> <span class='ocrx_word' id='word_1_267' title='bbox 1741 2424 1877 2476; x_wconf 86' lang='grc' dir='ltr'>δυνά-</span> 
     </span>
    </p>
   </div>
   <div class='ocr_carea' id='block_1_13' title="bbox 293 2506 1944 2659">
    <p class='ocr_par' dir='ltr' id='par_1_14' title="bbox 293 2506 1944 2659">
     <span class='ocr_line' id='line_1_33' title="bbox 294 2506 1872 2578; baseline -0.003 -17"><span class='ocrx_word' id='word_1_268' title='bbox 294 2517 321 2540; x_wconf 82' lang='grc'><strong>“</strong></span> <span class='ocrx_word' id='word_1_269' title='bbox 344 2512 458 2572; x_wconf 88' lang='grc' dir='ltr'>μει,”</span> <span class='ocrx_word' id='word_1_270' title='bbox 500 2514 575 2562; x_wconf 83' lang='grc' dir='ltr'>καὶ</span> <span class='ocrx_word' id='word_1_271' title='bbox 612 2510 665 2562; x_wconf 81' lang='grc' dir='ltr'>τὸ</span> <span class='ocrx_word' id='word_1_272' title='bbox 703 2512 998 2578; x_wconf 78' lang='grc' dir='ltr'>ἐσπαρμένον</span> <span class='ocrx_word' id='word_1_273' title='bbox 1037 2513 1129 2561; x_wconf 81' lang='grc' dir='ltr'>“ε’ν</span> <span class='ocrx_word' id='word_1_274' title='bbox 1163 2511 1323 2578; x_wconf 76' lang='grc' dir='ltr'>ἀτιμίᾳ</span> <span class='ocrx_word' id='word_1_275' title='bbox 1360 2510 1581 2575; x_wconf 88' lang='grc' dir='ltr'>ἐγείρεται</span> <span class='ocrx_word' id='word_1_276' title='bbox 1620 2510 1668 2558; x_wconf 83' lang='grc' dir='ltr'>ἐν</span> <span class='ocrx_word' id='word_1_277' title='bbox 1707 2506 1872 2575; x_wconf 74' lang='grc' dir='ltr'>δόξῃ.”</span> 
     </span>
     <span class='ocr_line' id='line_1_34' title="bbox 293 2588 1944 2659; baseline -0.003 -17"><span class='ocrx_word' id='word_1_278' title='bbox 293 2593 342 2643; x_wconf 87' lang='grc' dir='ltr'>τί</span> <span class='ocrx_word' id='word_1_279' title='bbox 372 2593 410 2642; x_wconf 83' lang='grc' dir='ltr'>δ’</span> <span class='ocrx_word' id='word_1_280' title='bbox 440 2592 497 2642; x_wconf 81' lang='grc' dir='ltr'>ἂν</span> <span class='ocrx_word' id='word_1_281' title='bbox 523 2593 677 2658; x_wconf 81' lang='grc' dir='ltr'>ἕτερον</span> <span class='ocrx_word' id='word_1_282' title='bbox 703 2593 768 2657; x_wconf 87' lang='grc' dir='ltr'>ε’ίη</span> <span class='ocrx_word' id='word_1_283' title='bbox 801 2592 945 2659; x_wconf 79' lang='grc' dir='ltr'>τυχὸν</span> <span class='ocrx_word' id='word_1_284' title='bbox 971 2592 1024 2643; x_wconf 83' lang='grc' dir='ltr'>τὸ</span> <span class='ocrx_word' id='word_1_285' title='bbox 1058 2593 1104 2642; x_wconf 83' lang='grc' dir='ltr'>ἐν</span> <span class='ocrx_word' id='word_1_286' title='bbox 1132 2592 1322 2654; x_wconf 77' lang='grc' dir='ltr'>δυνάμει</span> <span class='ocrx_word' id='word_1_287' title='bbox 1357 2592 1432 2640; x_wconf 80' lang='grc' dir='ltr'>καὶ</span> <span class='ocrx_word' id='word_1_288' title='bbox 1467 2589 1583 2657; x_wconf 73' lang='grc' dir='ltr'>δόξῃ</span> <span class='ocrx_word' id='word_1_289' title='bbox 1622 2588 1708 2652; x_wconf 84' lang='grc' dir='ltr'>τὴν</span> <span class='ocrx_word' id='word_1_290' title='bbox 1741 2591 1873 2638; x_wconf 82' lang='grc' dir='ltr'>τοῦδε</span> <span class='ocrx_word' id='word_1_291' title='bbox 1893 2607 1944 2644; x_wconf 85' lang='lat'>30</span> 
     </span>
    </p>
   </div>
   <div class='ocr_carea' id='block_1_14' title="bbox 293 2679 1876 2962">
    <p class='ocr_par' dir='ltr' id='par_1_15' title="bbox 293 2679 1876 2962">
     <span class='ocr_line' id='line_1_35' title="bbox 342 2679 1874 2734; baseline -0.003 -16"><span class='ocrx_word' id='word_1_292' title='bbox 342 2693 445 2729; x_wconf 89' lang='lat' dir='ltr'><strong>7—p.</strong></span> <span class='ocrx_word' id='word_1_293' title='bbox 464 2693 540 2729; x_wconf 91' lang='lat'>147,</span> <span class='ocrx_word' id='word_1_294' title='bbox 563 2684 602 2718; x_wconf 80' lang='lat'>16</span> <span class='ocrx_word' id='word_1_295' title='bbox 621 2686 702 2719; x_wconf 84' lang='lat' dir='ltr'>citat</span> <span class='ocrx_word' id='word_1_296' title='bbox 721 2685 868 2719; x_wconf 84' lang='lat' dir='ltr'>Severus</span> <span class='ocrx_word' id='word_1_297' title='bbox 888 2686 924 2718; x_wconf 81' lang='lat' dir='ltr'>in</span> <span class='ocrx_word' id='word_1_298' title='bbox 943 2685 1101 2729; x_wconf 83' lang='lat' dir='ltr'>Epistola</span> <span class='ocrx_word' id='word_1_299' title='bbox 1117 2698 1123 2718; x_wconf 93' lang='lat'><strong>:</strong></span> <span class='ocrx_word' id='word_1_300' title='bbox 1152 2687 1205 2718; x_wconf 76' lang='lat' dir='ltr'>est</span> <span class='ocrx_word' id='word_1_301' title='bbox 1227 2684 1366 2728; x_wconf 86' lang='lat' dir='ltr'>Syriace</span> <span class='ocrx_word' id='word_1_302' title='bbox 1383 2682 1420 2716; x_wconf 87' lang='lat' dir='ltr'>in</span> <span class='ocrx_word' id='word_1_303' title='bbox 1439 2681 1526 2716; x_wconf 87' lang='lat' dir='ltr'>Cod.</span> <span class='ocrx_word' id='word_1_304' title='bbox 1549 2681 1636 2734; x_wconf 66' lang='lat' dir='ltr'><strong>Brit.</strong></span> <span class='ocrx_word' id='word_1_305' title='bbox 1653 2681 1748 2734; x_wconf 52' lang='lat' dir='ltr'>Mus:</span> <span class='ocrx_word' id='word_1_306' title='bbox 1762 2679 1874 2723; x_wconf 90' lang='lat' dir='ltr'><strong>(Add.</strong></span> 
     </span>
     <span class='ocr_line' id='line_1_36' title="bbox 296 2727 1875 2822; baseline -0.003 -12"><span class='ocrx_word' id='word_1_307' title='bbox 296 2731 502 2810; x_wconf 58' lang='grc' dir='ltr'>ᾗῖῗῗοὲιῗέ·</span> <span class='ocrx_word' id='word_1_308' title='bbox 519 2742 616 2822; x_wconf 60' lang='grc' dir='ltr'>ξ’ἐᾱᾚ</span> <span class='ocrx_word' id='word_1_309' title='bbox 645 2777 770 2821; x_wconf 61' lang='lat'>12158&gt;</span> <span class='ocrx_word' id='word_1_310' title='bbox 788 2727 1875 2811; x_wconf 48' lang='lat' dir='ltr'>f0¹1¹13¹43³-thafftejffis¹¹30⁰21¹ffg²sf¹i¹n¹&#39;031³2&#39;0312n‘}⁰t{35¹1ss¹1{{¹f{ffl</span> 
     </span>
     <span class='ocr_line' id='line_1_37' title="bbox 294 2788 1876 2868; baseline -0.002 -11"><span class='ocrx_word' id='word_1_311' title='bbox 294 2804 383 2857; x_wconf 41' lang='lat' dir='ltr'><strong>rum·</strong></span> <span class='ocrx_word' id='word_1_312' title='bbox 396 2802 504 2867; x_wconf 35' lang='lat' dir='ltr'>(Add..</span> <span class='ocrx_word' id='word_1_313' title='bbox 521 2803 646 2868; x_wconf 41' lang='lat'>14:333)</span> <span class='ocrx_word' id='word_1_314' title='bbox 668 2810 726 2858; x_wconf 72' lang='lat' dir='ltr'><strong>fos.</strong></span> <span class='ocrx_word' id='word_1_315' title='bbox 745 2834 800 2867; x_wconf 89' lang='lat'>59.</span> <span class='ocrx_word' id='word_1_316' title='bbox 841 2803 847 2810; x_wconf 43' lang='lat'>¹</span> <span class='ocrx_word' id='word_1_317' title='bbox 887 2790 928 2819; x_wconf 47' lang='lat'>“4</span> <span class='ocrx_word' id='word_1_318' title='bbox 979 2804 986 2811; x_wconf 44' lang='lat'>&#39;</span> <span class='ocrx_word' id='word_1_319' title='bbox 1004 2789 1056 2856; x_wconf 78' lang='lat' dir='ltr'>1p2.</span> <span class='ocrx_word' id='word_1_320' title='bbox 1082 2788 1251 2866; x_wconf 51' lang='grc' dir='ltr'>ττλειίιῖ,()ῐιςῇι</span> <span class='ocrx_word' id='word_1_321' title='bbox 1265 2821 1378 2856; x_wconf 84' lang='grc' dir='ltr'>ποδῶν</span> <span class='ocrx_word' id='word_1_322' title='bbox 1396 2821 1551 2855; x_wconf 84' lang='lat' dir='ltr'>collectio</span> <span class='ocrx_word' id='word_1_323' title='bbox 1570 2821 1626 2854; x_wconf 81' lang='lat' dir='ltr'>cit.</span> <span class='ocrx_word' id='word_1_324' title='bbox 1648 2819 1708 2855; x_wconf 76' lang='lat' dir='ltr'>sed</span> <span class='ocrx_word' id='word_1_325' title='bbox 1725 2821 1876 2864; x_wconf 82' lang='grc' dir='ltr'>πλευρᾶς</span> 
     </span>
     <span class='ocr_line' id='line_1_38' title="bbox 293 2867 1876 2915; baseline -0.003 -12"><span class='ocrx_word' id='word_1_326' title='bbox 293 2870 398 2904; x_wconf 80' lang='lat' dir='ltr'>habet</span> <span class='ocrx_word' id='word_1_327' title='bbox 417 2869 578 2904; x_wconf 83' lang='lat' dir='ltr'><strong>Severus.</strong></span> <span class='ocrx_word' id='word_1_328' title='bbox 796 2881 848 2915; x_wconf 92' lang='lat'>19.</span> <span class='ocrx_word' id='word_1_329' title='bbox 875 2869 1074 2914; x_wconf 83' lang='grc' dir='ltr'>ὀφθαλμοὺς</span> <span class='ocrx_word' id='word_1_330' title='bbox 1093 2869 1134 2902; x_wconf 87' lang='grc' dir='ltr'>Ε.</span> <span class='ocrx_word' id='word_1_331' title='bbox 1156 2870 1235 2902; x_wconf 84' lang='lat' dir='ltr'><strong>Sev.</strong></span> <span class='ocrx_word' id='word_1_332' title='bbox 1253 2868 1434 2913; x_wconf 77' lang='grc' dir='ltr'>ὀφθαλμὸς</span> <span class='ocrx_word' id='word_1_333' title='bbox 1452 2867 1518 2902; x_wconf 81' lang='lat' dir='ltr'>Ed.</span> <span class='ocrx_word' id='word_1_334' title='bbox 1745 2876 1800 2900; x_wconf 91' lang='lat'>21.</span> <span class='ocrx_word' id='word_1_335' title='bbox 1825 2879 1876 2900; x_wconf 84' lang='grc' dir='ltr'>τις</span> 
     </span>
     <span class='ocr_line' id='line_1_39' title="bbox 294 2914 1249 2962; baseline -0.001 -12"><span class='ocrx_word' id='word_1_336' title='bbox 294 2922 517 2962; x_wconf 82' lang='lat' dir='ltr'><strong>assumptum</strong></span> <span class='ocrx_word' id='word_1_337' title='bbox 535 2928 576 2950; x_wconf 82' lang='lat' dir='ltr'>ex</span> <span class='ocrx_word' id='word_1_338' title='bbox 596 2916 636 2951; x_wconf 90' lang='grc' dir='ltr'>Ε.</span> <span class='ocrx_word' id='word_1_339' title='bbox 873 2927 930 2961; x_wconf 83' lang='lat'>30.</span> <span class='ocrx_word' id='word_1_340' title='bbox 956 2916 1022 2961; x_wconf 82' lang='grc' dir='ltr'>γὰρ</span> <span class='ocrx_word' id='word_1_341' title='bbox 1040 2927 1103 2961; x_wconf 84' lang='lat' dir='ltr'>pro</span> <span class='ocrx_word' id='word_1_342' title='bbox 1121 2914 1149 2949; x_wconf 84' lang='grc' dir='ltr'>δ’</span> <span class='ocrx_word' id='word_1_343' title='bbox 1170 2916 1249 2949; x_wconf 78' lang='lat' dir='ltr'>sev.</span> 
     </span>
    </p>
   </div>
  </div>
 </body>
</html>
