1976 3262
408 553 482 592 IN
527 552 660 592 HOC
705 552 1077 592 VOLUMINE
1122 551 1376 591 INSUNT

1597 706 1682 736 PM..

91 749 376 787 Commentaria
396 749 435 786 in
457 749 492 787 S.
511 749 535 786 J
540 763 711 796 oannem,
734 750 797 787 lib.
816 750 865 787 xi.
889 764 969 800 cap.
991 764 1002 786 1
1016 764 1033 787 2
1142 780 1148 787 .
1263 780 1268 786 .
1383 780 1388 786 .
1506 779 1512 787 .
1657 763 1669 786 1

741 821 804 858 lib.
824 821 877 857 xii
908 851 914 858 .
1029 851 1036 858 .
1149 850 1156 858 .
1271 850 1277 857 .
1392 850 1398 857 .
1512 851 1517 857 .
1632 834 1653 866 4
1666 835 1677 857 1

92 890 466 929 Commentariorum
489 892 720 940 Fragmenta
741 892 780 928 in
802 891 1015 941 Epistulam
1035 892 1082 929 ad
1105 892 1297 928 Romanos
1388 920 1394 927 .
1510 920 1515 927 .
1607 901 1681 938 173

1032 962 1081 998 ad
1103 961 1325 999 Corinthios
1345 961 1366 997 I
1509 990 1514 996 .
1606 973 1680 1008 249

1030 1032 1079 1069 ad
1100 1031 1321 1069 Corinthios
1343 1031 1385 1067 II
1508 1061 1516 1068 ,
1605 1043 1680 1079 320

1027 1103 1074 1140 ad
1096 1102 1294 1139 Hebraeos
1387 1133 1393 1139 .
1508 1131 1515 1138 .
1604 1102 1677 1150 362

92 1171 151 1209 De
172 1172 203 1209 F
205 1173 415 1222 ragmentis
431 1173 471 1210 in
490 1174 591 1211 Acta
617 1173 683 1211 SS.
704 1172 982 1223 Apostolorum
1005 1173 1273 1223 Epistolasque
1297 1172 1517 1211 Catholicas
1602 1184 1676 1218 441

92 1242 326 1294 Fragmenta
348 1245 609 1282 Homiliarum
660 1274 667 1281 .
783 1274 790 1281 .
902 1275 909 1282 .
1023 1275 1031 1282 ἢ
1145 1275 1150 1281 .
1267 1275 1273 1281 .
1388 1274 1395 1282 .
1508 1273 1515 1280 ,
1602 1252 1678 1289 452

347 1319 479 1352 contra
501 1314 771 1364 Synousiastas
903 1344 911 1352 .
1023 1344 1029 1351 .
1145 1344 1153 1352 .
1266 1344 1273 1351 .,
1388 1344 1394 1352 ,
1509 1343 1516 1351 .
1603 1315 1679 1361 476

501 1385 614 1422 Diod.
638 1385 744 1422 Tars.
766 1385 999 1434 Episcopum
1025 1414 1032 1422 .
1145 1414 1152 1422 .
1264 1415 1270 1421 .
1386 1415 1391 1421 .
1507 1415 1512 1421 .
1602 1396 1676 1432 492

501 1455 643 1492 Theod.
666 1455 785 1504 Mops.
810 1455 1054 1505 Episcopum,
1075 1455 1171 1493 lib.i
1266 1485 1272 1491 .
1386 1485 1391 1492 .
1510 1484 1515 1491 .
1601 1464 1646 1501 51
1661 1467 1675 1490 1

404 1555 422 1571 ‚,
752 1556 772 1572 ‚,
1074 1525 1137 1563 lib.
1155 1526 1182 1562 ii
1267 1555 1273 1562 .
1386 1556 1392 1562 .
1507 1554 1515 1563 .
1603 1534 1679 1572 525

343 1595 389 1632 de
412 1595 507 1632 Fide
536 1624 544 1633 .
657 1624 665 1632 .
780 1624 786 1631 .
901 1624 908 1632 .
1023 1624 1029 1632 .
1143 1623 1151 1631 .
1264 1624 1271 1632 .
1385 1624 1392 1631 .
1506 1624 1513 1631 .
1602 1595 1679 1642 538

344 1665 539 1703 Homiliae
559 1665 661 1715 quod
680 1678 750 1715 pro
771 1665 933 1703 mortuis
953 1665 1088 1703 offerre
1107 1665 1202 1704 utile
1265 1695 1272 1703 .
1386 1695 1392 1702 .
1506 1694 1513 1702 .
1601 1673 1675 1712 541

91 1735 262 1774 Libellus
282 1736 329 1773 de
349 1736 572 1786 dogmatum
592 1735 781 1773 solutione
802 1736 851 1772 ad
870 1735 1069 1773 Tiberium
1089 1735 1186 1773 (liae.
1208 1735 1404 1790 sociosque
1508 1764 1515 1771 .
1601 1744 1678 1782 545

281 1806 570 1855 responsionum
589 1806 637 1844 ad
657 1806 856 1843 Tiberium
876 1806 1078 1844 diaconum
1100 1805 1297 1855 sociosque
1385 1835 1392 1843 .
1508 1836 1515 1843 .
1601 1806 1675 1853 567

198 1876 338 1915 Libelli
356 1876 396 1913 hi
416 1876 491 1914 duo
511 1876 552 1914 in
573 1890 694 1914 unum
713 1876 888 1923 confecti,
909 1877 980 1914 sub
1000 1876 1116 1914 titulo
1141 1881 1275 1914 contra
1293 1876 1516 1925 Anthropo-

304 1945 516 1996 morphitas
554 1946 650 1984 liber
688 1960 798 1993 unus,
832 1947 954 1984 edidit
987 1947 1262 1985 Bonaventura
1295 1946 1516 1992 Vulcanius,

304 2016 488 2065 Lugduni
508 2017 745 2055 Batavorum
769 2019 884 2065 1605,
905 2017 1071 2067 denique
1095 2017 1136 2054 in
1163 2030 1322 2067 operum
1343 2017 1517 2055 omnium

304 2087 471 2125 editione
499 2091 526 2125 t.
548 2087 597 2125 vi.
623 2089 697 2136 366
725 2088 936 2126 Aubertus.

87 2155 292 2207 Appendix
314 2158 632 2208 Fragmentorum
653 2158 736 2208 Syr.
757 2161 845 2196 ante
865 2158 1094 2196 omissorum
1137 2188 1146 2195 .
1261 2188 1268 2196 .
1380 2187 1390 2197 .
1502 2188 1508 2195 ,
1600 2160 1677 2194 608

619 2511 1144 2553 CORRIGENDUM.

196 2642 285 2690 Pag.
305 2654 392 2687 204,
415 2646 491 2680 not.
515 2644 570 2688 16,
591 2642 738 2692 corrige
759 2645 847 2692 αὐτῷ
866 2642 913 2681 A.
936 2648 974 2681 et
995 2643 1048 2681 ita
1070 2642 1195 2681 Maius
1216 2643 1316 2680 inter
1337 2642 1571 2692 corrigenda.

144 2981 235 3013 τοι.
259 2983 326 3013 111,
903 2974 927 3013 b
