2012 3272
233 135 472 178 CONTRA
502 134 889 176 THEODORUM
921 134 1104 175 EPISC.
1139 134 1317 175 MOPS.
1352 135 1467 176 LIB.
1502 135 1563 176 II.
1626 136 1708 176 533

785 277 1023 318 Tnssonom.

174 362 278 412 Quis
307 370 367 404 est
397 363 533 416 iyitm·
554 364 628 415 qui
648 363 692 402 in
712 363 851 403 orbem
881 370 1095 403 terrarum
1124 363 1430 412 introducitur,
1454 369 1492 402 et
1513 362 1710 402 domina-

113 432 264 472 tionem
294 431 380 484 ejus
412 432 576 483 incipit,
606 432 656 471 cle
687 445 768 483 qua
800 432 839 471 ei
869 439 907 471 et
939 431 1123 471 adorari
1153 431 1208 470 ab
1239 431 1403 484 anyelis
1434 429 1712 484 acquiritur?

111 500 202 540 IVec
222 499 331 540 enim
351 500 568 540 insaniens
589 498 747 553 aliquis
769 498 900 549 (licat,
923 500 1059 540 Deum,
1090 499 1269 539 Verbum
1297 512 1379 539 esse
1406 499 1710 545 introductum,

69 581 91 620 5
112 568 186 621 qui
215 568 360 608 omnia
381 582 462 608 non
482 568 678 608 eoetantz'a
696 567 820 621 fecit,
844 567 1056 621 ineffabili
1080 566 1166 620 ejus
1197 567 1351 608 virtute
1381 567 1547 607 donans
1578 566 1635 607 eis
1664 573 1711 606 ut

111 643 255 677 essent.

715 713 873 764 SANCTI
905 713 1099 755 enum.

170 797 382 837 Insaniam
413 797 547 851 igitur
572 810 657 838 esse
679 797 781 838 dieis
802 797 906 838 velle
935 812 1076 851 sapere
1101 801 1225 847 reete,
1248 801 1290 838 et
1318 798 1360 837 in
1392 801 1532 838 mente
1559 797 1710 838 habere

111 880 250 906 veram
267 869 309 906 et
322 869 474 906 rectam
493 869 534 905 et
554 865 880 906 inadulterat-am
902 865 1060 906 fidem?
1092 881 1187 906 eum
1208 869 1319 906 certe
1339 866 1481 919 plenos
1502 880 1710 906 sermones

48 940 94 965 10
112 933 293 974 insaniae
319 933 430 973 dieat
457 933 607 987 aliquis
635 948 720 974 esse
745 938 787 974 et
808 933 927 974 valde
953 933 1113 985 merito,
1137 949 1204 975 eos
1230 934 1300 987 qui
1324 934 1606 988 Unigenitum
1629 932 1708 973 Dei

112 1002 298 1042 Verbum
327 1002 540 1055 abnegant
568 1001 855 1042 introductum
885 1017 969 1042 esse
990 1017 1014 1042 a
1036 1002 1123 1043 Deo
1146 1006 1188 1043 et
1208 1001 1331 1043 Patre
1352 1003 1396 1042 in
1418 1002 1558 1043 orbem
1579 1006 1708 1042 terra-

112 1085 205 1110 rum
226 1085 320 1110 eum
341 1069 475 1110 factus
496 1073 559 1110 est
578 1070 715 1111 horno.
778 1070 862 1111 Qui
885 1071 996 1111 enim
1028 1070 1256 1112 seeundum
1286 1074 1478 1111 naturam
1507 1075 1548 1111 et
1569 1070 1708 1110 differ-

113 1139 267 1178 entiam
303 1138 394 1178 aliis
427 1138 618 1178 omnibus
660 1139 844 1192 superior
879 1142 955 1189 est,
989 1139 1185 1193 quoniam
1218 1142 1280 1179 est
1310 1143 1467 1179 creator
1497 1153 1639 1179 eorum
1667 1141 1710 1178 et

113 1210 281 1246 tantum
313 1206 370 1246 eis
401 1206 734 1247 substantialiter
765 1207 950 1260 superior
979 1211 1056 1257 est,
1086 1207 1368 1261 superpositus
1397 1211 1473 1257 est,
1506 1210 1711 1261 quantum

50 1287 93 1325 15
115 1279 176 1315 est
198 1274 334 1315 minor
354 1274 515 1314 fac-tura
536 1273 706 1324 faetore,
729 1274 940 1329 ingressus
970 1279 1033 1316 est
1063 1276 1108 1315 in
1139 1276 1281 1316 orbem
1311 1280 1515 1316 terrarum
1547 1276 1711 1329 quando

114 1342 343 1396 appellatus
365 1347 425 1382 est
446 1357 540 1395 pars
562 1343 660 1396 ejus,
685 1344 910 1383 seeundum
931 1345 1039 1397 quod
1061 1344 1185 1384 homo
1206 1343 1412 1397 apparuit.

171 1411 232 1450 ΕΤ
262 1423 360 1450 POST
390 1423 540 1450 PAUCA.
614 1410 748 1451 BIiror
778 1426 875 1451 vero
906 1411 1189 1452 adversarium
1220 1412 1429 1465 scripsisse
1461 1411 1570 1464 quod
1603 1425 1712 1450 nun-

115 1493 238 1532 qnam
275 1478 605 1532 conjunctionem
646 1479 697 1519 ad
733 1479 869 1519 Deum
904 1480 1090 1520 Verbum
1131 1479 1348 1520 meruisset
1389 1482 1431 1519 et
1454 1479 1588 1528 Jesus,
1631 1477 1714 1518 nisi

114 1547 228 1600 prius
248 1547 538 1587 immaculatus
559 1550 664 1587 esset
685 1547 854 1587 effeetus
875 1562 947 1601 per
969 1547 1221 1589 unctionem.
1283 1548 1398 1588 Nam
1429 1547 1596 1600 quidem
1627 1546 1713 1600 pri-

48 1630 95 1654 20
116 1629 230 1654 mum
270 1614 475 1668 disjungit
514 1614 731 1655 manifeste
770 1619 812 1655 et
851 1615 1061 1665 discernit,
1094 1620 1234 1670 aperte
1272 1616 1373 1656 duos
1409 1615 1550 1655 dicens
1592 1614 1712 1654 filios.

116 1682 275 1723 Deinde
296 1682 420 1732 dieat,
442 1684 606 1736 quando
627 1683 733 1723 sieut
754 1683 815 1724 ait
836 1683 1129 1724 immaculatus
1151 1684 1319 1725 effeetus
1341 1686 1415 1733 est,
1440 1687 1481 1724 et
1502 1683 1554 1723 ad
1576 1683 1714 1723 Deum

115 1751 300 1792 Verbum
333 1751 664 1805 conjunctionem
695 1752 862 1802 meruit,
884 1756 1026 1792 utrum
1056 1767 1106 1792 ex
1137 1752 1225 1806 ipso
1256 1756 1385 1801 utero,
1409 1755 1483 1792 aut
1512 1766 1607 1792 enm
1637 1751 1714 1791 tri-

116 1820 264 1860 cesimo
303 1835 412 1860 anno
452 1824 570 1870 esset,
601 1821 794 1873 pervenit
827 1820 994 1874 quidem
1026 1822 1078 1861 ad
1109 1821 1137 1860 J
1141 1822 1347 1870 Oidanem,
1382 1820 1586 1874 quaesivit
1619 1834 1714 1860 vero

116 1887 241 1928 etiam
262 1887 462 1928 Iohannis
482 1888 749 1941 baptismum.
814 1889 859 1928 Si
881 1889 1050 1942 quidem
1071 1903 1121 1930 ex
1141 1893 1259 1930 utero
1282 1893 1449 1930 sanetus
1471 1892 1588 1937 esset,
1613 1902 1713 1942 quo-

50 1967 97 2004 25
116 1955 236 1996 modo
277 1955 380 1996 dicit
414 1960 603 1996 sanetum
644 1956 749 1997 effici
786 1971 880 1996 eum
916 1960 959 1997 et
994 1972 1078 1997 non
1113 1957 1250 2010 magis
1286 1958 1404 1998 esse?
1448 1956 1571 1997 Quod
1604 1956 1714 1997 enim

115 2023 268 2064 dieitur
307 2023 405 2074 fieri,
438 2024 606 2065 omnino
647 2038 807 2065 neeesse
848 2029 911 2065 est
950 2025 1185 2079 intelligere
1221 2025 1331 2079 quod
1367 2040 1450 2065 non
1485 2028 1572 2065 erat
1605 2024 1715 2078 quod

116 2091 273 2132 factum
298 2094 371 2132 est.
435 2091 509 2131 Sin
534 2096 673 2132 autem
702 2095 792 2132 erat
814 2096 980 2133 sanetus
1001 2107 1175 2146 semper,
1198 2096 1238 2133 et
1260 2092 1337 2133 hoc
1358 2107 1440 2133 non
1462 2092 1507 2132 in
1529 2096 1714 2146 tempore

116 2159 250 2200 faetus
274 2163 347 2209 est,
371 2159 572 2213 quomodo
594 2159 695 2200 dicit
719 2160 922 2214 Spiritum
953 2175 1073 2214 super
1094 2175 1190 2201 eum
1211 2160 1434 2210 devoIasse,
1457 2164 1499 2200 et
1520 2161 1713 2214 conjunc-

115 2227 227 2268 tione
254 2227 431 2281 dignum
458 2228 594 2280 ipsum
615 2228 933 2278 demonstrasse,
957 2232 998 2269 et
1020 2228 1225 2269 addidisse
1246 2228 1284 2268 ei
1305 2229 1415 2281 quod
1436 2228 1609 2268 deerat?
1655 2229 1714 2268 Et

50 2309 99 2345 30
117 2295 194 2336 hoo
225 2295 335 2336 enim
362 2295 407 2335 in
426 2295 518 2335 aliis
544 2295 627 2335 suis
648 2295 785 2349 posuit
805 2296 934 2338 libris.
998 2296 1112 2338 Quid
1143 2296 1253 2336 enim
1284 2299 1384 2345 erat,
1407 2297 1516 2350 quod
1544 2296 1713 2336 omnino

118 2363 170 2403 ad
205 2363 572 2404 sanctificationem
606 2363 745 2404 deerat
785 2365 823 2404 ei
858 2379 909 2404 ex
944 2365 1033 2418 ipso
1074 2368 1205 2414 utero,
1239 2364 1376 2418 magis
1410 2379 1506 2405 vero
1542 2367 1584 2404 et
1616 2368 1714 2404 ante

119 2432 343 2472 seeundum
363 2446 527 2472 carnem
553 2432 822 2473 nativitatem
844 2437 986 2473 saneto
1007 2435 1048 2473 et
1069 2432 1336 2473 immaculato
1368 2436 1411 2473 et
1437 2432 1714 2473 sanctificanti

119 2501 380 2541 ereaturam?
441 2500 550 2541 Cum
581 2500 716 2554 igitur
747 2500 872 2551 dieat,
906 2503 1015 2555 quod
1050 2516 1133 2542 non
1164 2501 1308 2555 utique
1340 2501 1558 2542 meruisset
1591 2500 1617 2540 J
1622 2515 1714 2541 esus

170 2617 199 2638 1.
225 2604 403 2638 Theodori
421 2604 559 2647 Snrius,
566 2605 712 2647 favente
728 2610 760 2638 et
779 2605 825 2645 D,
844 2605 1052 2640 Theodorus
1071 2605 1138 2640 Ed.
1327 2617 1361 2651 3.
1388 2605 1513 2649 accipit
1532 2605 1578 2640 D.
1651 2604 1714 2639 ad-

120 2651 269 2696 quiritur
288 2651 333 2684 D.
480 2660 512 2695 5.
539 2651 816 2697 qui—extantia]
838 2653 1005 2697 qnoniam
1024 2653 1173 2686 essentia
1191 2652 1238 2687 D.
1398 2661 1428 2696 7.
1453 2652 1506 2686 Ita
1525 2652 1570 2685 D.
1592 2651 1713 2696 Cyrilli

122 2697 259 2737 Surius,
279 2696 431 2742 Cyrillus
450 2697 517 2731 Ed.
643 2709 696 2740 14.
714 2703 766 2732 est
777 2697 894 2743 prius]
914 2705 947 2732 et
966 2699 1012 2739 D,
1034 2698 1170 2732 Surius.
1318 2698 1371 2732 16.
1398 2698 1486 2743 ejus]
1512 2702 1548 2738 -†-
1570 2710 1645 2731 esse
1664 2697 1711 2731 D.

121 2744 258 2788 aparuit
276 2743 322 2777 D.
586 2744 638 2778 18.
666 2744 930 2778 coniuntionem
950 2745 997 2779 D.
1066 2751 1099 2779 et
1116 2756 1179 2779 om.
1198 2745 1245 2788 D,
1264 2749 1287 2764 “
1301 2751 1434 2779 veteres
1452 2744 1566 2778 libri⁹³
1587 2744 1710 2777 BaluZ.

125 2800 178 2834 19.
204 2790 358 2834 primum
377 2789 518 2835 quidem
534 2790 667 2824 inverso
685 2791 803 2824 ordine
821 2791 866 2831 D,
887 2795 909 2809 ‘⁶
924 2798 1054 2825 veteres
1072 2791 1152 2825 libri
1164 2792 1185 2806 '³
1207 2791 1329 2825 Baluz.
1484 2801 1538 2824 22.
1564 2790 1710 2824 coniun-

122 2836 252 2870 tionem
272 2837 317 2869 D.
383 2843 502 2870 utrum
520 2847 584 2869 om.
606 2836 651 2870 D.
808 2848 863 2879 24.
891 2837 1059 2871 Iohannis
1078 2838 1124 2878 D,
1145 2837 1283 2879 Surius,
1301 2837 1450 2872 Joannis
1470 2836 1536 2870 Ed.
1584 2836 1711 2869 Statim

123 2881 296 2927 baptisma
316 2882 361 2915 D.
489 2893 545 2925 25.
572 2882 661 2916 effici
679 2882 774 2927 eum]
795 2883 984 2918 efficiemur
1003 2884 1051 2919 D.
1179 2884 1234 2918 26.
1261 2883 1420 2927 omnino]
1440 2881 1643 2916 omnimodo
1663 2882 1709 2916 D.

127 2936 181 2974 27.
208 2934 241 2963 et
259 2940 321 2963 om.
342 2929 388 2963 D.
581 2939 636 2973 ²9·
662 2934 695 2962 et
713 2930 776 2963 alt.
795 2941 858 2964 om.
880 2930 924 2965 D.
1114 2941 1169 2974 31.
1197 2929 1243 2974 ei]
1264 2936 1297 2963 et
1317 2931 1361 2964 D.
