1976 3262
209 578 297 625 DE
358 578 810 627 FRAGMENTIS
871 579 1066 638 QUAE
1127 580 1251 628 HIC
1312 580 1548 628 TOMUS

756 696 1000 743 HABET.

140 1048 547 1089 COMMENTARIORUM
580 1048 624 1088 in
653 1047 886 1101 Epistolam
914 1049 964 1089 ad
994 1048 1204 1089 Romanos
1232 1048 1478 1103 fragmenta,
1502 1064 1548 1089 ea
1576 1052 1674 1088 sunt

83 1131 184 1171 quae
215 1116 373 1170 primus
405 1116 536 1157 edidit
564 1116 685 1157 Card.
715 1116 856 1157 Maius
885 1116 1012 1170 (Bibl.
1036 1118 1159 1159 Nova
1190 1117 1376 1167 Pat-rum,
1398 1118 1514 1158 Tom.
1538 1117 1601 1170 iii)
1624 1132 1673 1157 ex

84 1186 241 1226 Catena
273 1185 374 1225 satis
411 1184 548 1238 ampla
583 1200 687 1239 quae
723 1189 787 1226 est
819 1186 863 1225 in
888 1185 1119 1236 Vaticano;
1157 1187 1222 1227 cui
1253 1187 1305 1227 ad
1337 1186 1673 1241 supplementum

83 1255 286 1295 Catenam
308 1255 603 1294 Monacensem
625 1253 809 1304 adhibui,
832 1268 854 1294 a
877 1255 1087 1296 Cramerio
1109 1256 1287 1296 nostrati
1308 1255 1477 1296 editam.

139 1324 202 1364 Ea
236 1337 396 1377 quoque
432 1336 534 1376 quae
569 1326 669 1362 sunt
699 1322 748 1362 de
783 1323 942 1363 duobus
977 1324 1028 1364 ad
1060 1324 1299 1364 Corinthios
1330 1324 1531 1378 Epistolis
1563 1323 1673 1363 idem

83 1394 315 1432 excusserat
346 1390 488 1431 Maius
521 1405 571 1430 ex
602 1391 744 1431 eadem
775 1391 1029 1443 amplissima
1060 1392 1218 1433 Catena
1234 1409 1245 1442 3
1289 1392 1477 1433 adhibita
1507 1392 1674 1445 insuper

83 1460 359 1515 pulcherrima
382 1459 539 1500 Catena
561 1458 605 1499 in
627 1474 768 1499 omnes
793 1460 836 1499 S.
856 1460 975 1500 Pauli
995 1461 1219 1514 Epistolas,
1242 1475 1344 1515 quae
1366 1465 1429 1501 est
1450 1461 1494 1500 in
1517 1460 1674 1501 Biblio-

83 1529 202 1570 theca
231 1533 300 1569 τοῦ
334 1527 656 1580 Παντοκράτορος
686 1527 730 1567 in
758 1528 908 1569 Monte
930 1529 1057 1569 Atho.
1121 1530 1261 1570 Codex
1281 1529 1360 1578 hic,
1385 1528 1603 1583 prioribus,
1625 1532 1674 1568 ut

83 1597 259 1647 videtur,
282 1596 407 1638 seculi
428 1612 455 1636 x
477 1597 597 1636 annis
619 1596 887 1649 conscriptus,
910 1597 1021 1637 haud
1045 1597 1179 1642 multa
1200 1597 1317 1639 utilia
1338 1598 1505 1638 exhibet
1525 1598 1604 1638 nisi
1629 1599 1674 1638 in

82 1667 155 1707 has
186 1667 286 1706 duas
316 1665 537 1718 Epistolas,
566 1665 637 1705 ubi
668 1680 751 1705 non
785 1666 825 1705 S.
851 1665 999 1719 Cyrilli
1030 1669 1213 1715 tantum,
1242 1666 1312 1707 sed
1346 1666 1518 1721 Didymi
1549 1668 1675 1708 etiam

83 1734 217 1775 multa
242 1738 340 1774 sunt
366 1733 532 1774 scholia.
596 1733 811 1788 Cyrillana
841 1734 883 1773 in
915 1749 961 1774 eo
992 1735 1131 1774 omnia
1161 1734 1243 1775 fere
1274 1735 1509 1788 fragmenta
1538 1737 1675 1790 magis

82 1804 291 1858 epitomen
322 1816 461 1855 sapere
490 1801 686 1843 videntur
717 1817 841 1856 quam
872 1817 976 1856 quae
1007 1807 1105 1843 sunt
1136 1803 1180 1843 in
1203 1803 1410 1845 Vaticano
1426 1820 1437 1853 3
1471 1805 1557 1858 ejus
1578 1819 1674 1845 vero

82 1872 213 1926 operis
235 1870 364 1925 partis
385 1885 687 1925 nonnunquam
708 1872 889 1925 epitome
915 1876 990 1921 est,
1014 1886 1117 1925 quae
1146 1872 1189 1912 in
1211 1872 1251 1911 V
1253 1877 1309 1914 at.
1333 1887 1416 1913 non
1446 1873 1672 1914 invenitur.

84 1940 168 1981 Hic
199 1939 298 1981 Cod.
330 1939 532 1980 librorum
568 1955 729 1994 quoque
765 1939 987 1981 divisiones
1017 1943 1233 1995 ceteraque
1264 1941 1561 1995 ejusdemmodi
1590 1944 1674 1984 dis-

81 2009 222 2050 tinxit.

139 2079 397 2130 Fragmenta
431 2076 475 2116 in
510 2076 741 2130 Epistolam
777 2078 827 2117 ad
861 2077 1073 2118 Hebraeos
1105 2093 1151 2118 ea
1181 2082 1279 2118 sunt
1310 2093 1413 2132 quae
1444 2079 1598 2130 Maius,
1631 2080 1675 2120 in

83 2161 202 2201 opere
233 2160 355 2199 supra
389 2145 570 2195 laudato,
605 2160 655 2186 ex
686 2146 868 2186 Niketae
903 2146 1062 2187 Catena
1097 2147 1224 2196 dedit,
1258 2147 1306 2187 iis
1339 2147 1538 2188 adhibitis
1572 2163 1676 2202 quae

83 2214 316 2256 Cramerius
355 2228 404 2254 ex
442 2213 541 2254 Cod.
577 2214 801 2254 Parisiensi
837 2218 1085 2256 excusserat.
1158 2216 1194 2254 E
1228 2215 1463 2256 Nicetianis
1498 2217 1676 2270 plurima

83 2285 200 2325 Maio
233 2283 465 2324 omittenda
504 2286 605 2332 erat,
637 2298 739 2335 quae
771 2297 821 2322 ex
851 2283 944 2323 aliis
977 2284 1018 2323 S.
1044 2283 1189 2337 Cyrilli
1223 2284 1412 2337 operibus
1443 2288 1674 2334 venerunt;

83 2353 187 2393 mihi
218 2366 379 2406 quoque
415 2351 496 2391 alia
530 2351 723 2392 omittere
757 2352 950 2405 contigit,
985 2367 1087 2406 quae
1124 2352 1193 2393 ille
1227 2357 1314 2393 tam
1349 2352 1576 2394 laboriosus
1611 2354 1676 2395 vir

82 2420 247 2474 proprio
268 2423 409 2460 tamen
430 2419 519 2460 loco
541 2419 753 2473 assignare
775 2434 855 2460 non
878 2424 1082 2477 potuerat.
1139 2421 1357 2462 Accessere
1378 2421 1457 2462 alia
1479 2436 1529 2461 ex
1546 2422 1674 2463 Codd.

85 2489 264 2543 Syriacis
285 2489 328 2528 in
351 2488 500 2528 Museo
524 2487 779 2528 Britannico.

153 2625 267 2665 Haeo
310 2623 477 2678 Syriace
520 2625 645 2666 citata
687 2624 876 2666 indic-ant
916 2625 1076 2666 duobus
1119 2627 1252 2666 modis
1291 2626 1511 2666 distinctos
1552 2626 1676 2666 fuisse

85 2693 234 2747 Cyrilli
261 2692 304 2732 in
326 2692 558 2746 Epistolam
587 2695 637 2733 ad
662 2693 874 2734 Hebraeos
898 2694 1229 2735 Commentarios
1243 2711 1253 2743 3
1287 2709 1383 2734 nam
1411 2698 1453 2735 et
1480 2694 1524 2734 in
1551 2693 1677 2734 libros

83 2764 206 2814 atque
242 2760 423 2814 capitula
459 2761 707 2801 dividuntur
739 2762 925 2815 (perinde
958 2766 1083 2815 atque
1119 2763 1300 2816 ejusdem
1333 2763 1375 2802 in
1408 2762 1601 2812 Jesaiam‚
1633 2763 1677 2802 in

84 2828 175 2868 XII
194 2829 434 2882 Prophetas,
459 2829 504 2869 in
528 2829 569 2870 S.
589 2831 616 2871 J
621 2845 796 2870 oannem
820 2831 1128 2881 Commenta-ta)
1151 2835 1192 2871 et
1214 2831 1258 2871 in
1282 2831 1521 2871 H01nilias.'
1549 2831 1677 2884 Cujus

86 2897 142 2937 rei
171 2912 336 2938 causam
364 2898 554 2951 equidem
583 2898 732 2951 ignoro
747 2916 756 2947 ;
790 2898 876 2939 sive
899 2899 1227 2940 Commentarios
1259 2899 1300 2939 in
1333 2914 1422 2939 eam
1444 2899 1677 2952 Epistolam

87 2965 297 3019 scripserit
321 2967 361 3007 S.
388 2966 584 3020 Cyrinus,
607 2981 652 3007 ac
682 2971 889 3020 practerea
914 2967 1193 3008 Homiliarum
1228 2968 1270 3007 in
1303 2969 1473 3007 eandem
1505 2966 1677 3006 ediderit
