1981 3247
259 132 334 167 642

259 250 433 287 Paschati
453 263 527 286 non
551 263 702 287 necesse
723 252 923 287 convenire
945 264 1023 286 om—

312 328 378 351 nes
397 316 606 352 Jerusalem
628 318 704 352 694
722 316 756 353 b.

258 378 387 415 Passio
419 380 571 425 Christi,
599 381 718 428 gloria
744 381 836 428 Ejus
858 383 934 416 745
960 380 982 415 b
1004 393 1023 416 c

313 444 433 492 gloria
479 445 598 480 Patris
638 447 715 482 880
741 458 772 487 a,
812 445 856 481 cf.
884 447 961 481 880
990 457 1021 486 e,

315 512 388 546 881
411 510 444 546 b.

260 573 475 609 Passionem
494 586 568 609 non
584 574 1022 610 reformidavitChristus

317 640 418 674 1010
434 650 464 674 e.

261 701 388 736 Passio
442 702 610 737 salutaris
665 702 815 737 Domini
870 702 1021 747 Christi,

313 772 464 813 propter
497 766 653 802 salutem
690 772 856 802 nostram
891 767 1022 802 volun-

312 830 418 873 taria,
457 836 609 878 propter
648 831 763 878 ipsam
810 831 1021 878 passionem

312 894 562 930 involuntaria
584 898 673 936 331,
693 898 780 937 332,
799 898 876 932 334
891 909 921 941 a,
945 898 1020 932 338

314 959 343 994 si
382 972 468 1005 non,
507 960 651 1007 culpam
691 973 767 995 non
806 961 1024 996 habuissent

313 1030 569 1071 perpetrantes
591 1025 724 1060 Judaei
750 1027 825 1061 338
849 1025 884 1066 d,
909 1028 985 1061 339
1004 1038 1024 1061 a

313 1088 430 1123 voluit
450 1088 561 1124 Pater
581 1088 624 1124 M
647 1091 696 1125 99
713 1090 775 1124 fin.
817 1089 1025 1125 voluntaria

314 1154 390 1188 452
408 1165 429 1187 a
443 1153 467 1188 b
484 1165 516 1194 c,
536 1155 612 1189 496
630 1166 661 1194 e,
685 1156 776 1195 497,
800 1156 876 1190 655
893 1154 927 1194 d,
947 1155 1023 1190 660

313 1216 348 1261 b,
372 1219 474 1254 1013
491 1218 526 1258 b,
558 1220 659 1254 1019
677 1231 709 1260 a,
741 1220 843 1254 1020
857 1219 892 1263 b,
921 1221 1019 1254 1051

313 1281 349 1324 d,
367 1280 411 1318 M
429 1283 517 1323 102,
536 1282 582 1319 iii.
604 1285 695 1323 413,
717 1283 764 1318 cf.
782 1282 823 1318 M
844 1285 917 1319 103
957 1295 1024 1330 pro

313 1347 521 1382 reverentia
540 1347 663 1383 Patris
681 1349 757 1383 853
773 1360 804 1388 e,
827 1349 904 1384 854
923 1347 979 1382 ab
993 1360 1023 1389 c,

314 1410 362 1446 cf.
383 1410 431 1446 iii.
455 1414 544 1448 400.

260 1474 478 1511 Passionem
498 1476 548 1516 in,
572 1476 620 1512 Se
641 1476 750 1517 ultro,
768 1485 937 1524 tempore
959 1475 1022 1511 ad-

315 1540 498 1585 veniente,
518 1541 669 1576 tradidit
692 1543 767 1577 694
787 1541 821 1577 d.

260 1604 456 1640 Passiones
490 1610 637 1640 nostras
671 1605 755 1640 tulit
790 1604 894 1640 Deus
929 1605 1022 1640 Ver-

312 1669 411 1713 bum,
435 1682 508 1716 quo
534 1669 771 1705 infirmitates
799 1674 945 1704 nostras
966 1681 1024 1704 ro-

311 1733 420 1769 boret
441 1735 517 1770 685
536 1734 559 1769 (1
575 1747 605 1770 e.

259 1797 476 1833 Pastoribus
507 1811 527 1833 a
557 1798 709 1834 Christo
741 1799 884 1834 vocatis
917 1810 1023 1845 prae-

314 1862 389 1896 mia
409 1875 547 1910 magna
567 1864 644 1898 643
663 1876 683 1898 a
698 1863 734 1899 b.

259 1926 432 1961 Pastores
453 1939 527 1961 non
544 1927 666 1962 vocati
685 1927 785 1963 fures
806 1933 843 1963 et
862 1929 1025 1964 latrones

317 1992 392 2026 644
409 2003 440 2027 a.

259 2054 392 2090 Pastor
412 2055 579 2090 diabolus
597 2068 684 2091 oves
706 2056 743 2091 in
762 2056 872 2092 Hade
893 2057 1024 2104 pascit,

313 2125 434 2154 morte
462 2118 538 2155 Suo
567 2132 613 2155 ex
643 2120 750 2155 Hade
779 2121 950 2157 liberavit
980 2122 1026 2157 ad

314 2195 468 2230 gregem
495 2196 698 2231 supernum
725 2191 1025 2233 congregaturus

315 2247 486 2283 Christus
508 2250 583 2284 648
604 2262 622 2284 a
637 2249 672 2284 b.

259 2311 370 2347 Pater
383 2312 420 2346 in
435 2312 540 2355 Filio,
557 2313 673 2349 Filius
687 2313 723 2348 in
738 2314 847 2349 Patre
869 2327 1023 2361 quomo-

314 2375 361 2409 do
384 2377 536 2419 46,105
555 2389 585 2421 e,
607 2379 680 2413 106
697 2377 732 2419 b,
756 2380 829 2413 168
848 2391 880 2418 c,
900 2380 975 2414 238
993 2391 1024 2420 e,

315 2441 390 2475 302
407 2452 427 2474 a
441 2440 474 2482 b,
490 2443 565 2476 572
582 2454 613 2482 a,
630 2443 707 2477 673
723 2454 786 2483 ce,
805 2444 881 2478 783
897 2443 929 2487 (1,
947 2445 1022 2479 784

314 2516 346 2544 a,
376 2505 449 2539 831
470 2516 500 2545 e,
532 2507 607 2540 986
626 2518 657 2544 c.
690 2506 733 2541 cf.
755 2508 827 2542 801
848 2507 914 2551 bc,
946 2509 1023 2543 823

313 2580 345 2611 c,
370 2568 419 2604 iii.
451 2569 527 2604 557
569 2570 756 2615 quomodo
777 2570 925 2606 videtur
947 2574 1022 2607 783

313 2644 335 2667 a
385 2633 574 2679 quomodo
605 2634 723 2681 major
744 2636 819 2671 845
842 2635 911 2677 de,
945 2637 1022 2670 846

314 2709 346 2737 a,
368 2696 416 2732 iii.
441 2699 530 2733 372.

261 2760 373 2796 Pater
400 2766 438 2796 et
472 2761 585 2796 Filius
616 2762 756 2803 Unum,
788 2761 810 2797 i.
833 2775 864 2797 e.
896 2775 1021 2798 essen-

314 2824 403 2859 tiam
433 2825 589 2860 eandem
619 2825 799 2861 habentes
831 2828 906 2862 667
922 2839 953 2867 a,
976 2826 1022 2862 cf.

316 2890 390 2924 525
406 2888 441 2930 d,
465 2891 541 2925 530
558 2902 588 2925 e.

789 132 999 168 INDEX
1059 132 1304 168 RERUM.

1699 145 1851 169 PASCHA

1094 251 1204 287 Pater
1240 257 1279 287 et
1313 251 1427 287 Filius
1465 252 1734 299 proprietatum
1775 253 1854 290 sine

1147 316 1364 351 confusione
1409 315 1652 352 differentiam
1700 329 1852 353 conser-

1146 386 1235 416 vant
1256 384 1305 417 46
1329 381 1351 415 d
1367 393 1397 416 e.

1095 445 1213 480 Patris
1247 450 1285 480 et
1318 445 1398 480 Filii
1436 445 1520 481 Una
1549 444 1692 487 Deitas,
1725 446 1854 482 Virtus

1146 515 1182 545 et
1221 510 1389 545 Potestas
1433 515 1543 557 atque
1586 523 1698 557 opera
1736 513 1812 547 493
1835 523 1855 546 c

1148 574 1233 609 Una
1254 574 1438 609 Voluntas
1460 576 1535 610 828
1554 587 1586 616 a,
1618 577 1694 611 972
1712 575 1746 611 d.

1093 637 1205 674 Pater
1229 639 1274 673 ad
1295 638 1427 673 Filium
1458 645 1635 686 tanquam
1666 639 1711 674 ad
1738 639 1854 675 medi-

1147 716 1229 739 cum
1252 704 1359 739 affert
1381 706 1456 740 327
1472 717 1491 739 c
1526 710 1704 751 tanquam
1725 705 1771 740 ad
1787 705 1854 740 Vi-

1148 768 1374 809 vificantem,
1403 768 1731 810 Corroborantem‚
1758 769 1854 817 sapi-

1147 832 1344 880 entiaeque
1398 832 1579 868 Datorem
1621 835 1695 869 951
1729 833 1752 869 b
1783 846 1802 869 c
1833 834 1857 870 d

1148 910 1260 944 quum
1290 897 1400 933 Pater
1424 897 1611 945 Agricola,
1638 898 1752 933 Filius
1780 897 1857 933 falx

1148 961 1358 1008 Manusque
1376 963 1449 997 871
1467 974 1486 997 c
1525 962 1767 997 salvationem
1789 975 1855 998 no-

1149 1031 1262 1060 stram
1286 1026 1391 1060 valde
1411 1026 1550 1073 cupivit
1567 1028 1643 1062 854
1661 1026 1682 1061 b
1696 1039 1716 1061 c
1753 1039 1857 1062 reve-

1149 1090 1248 1125 latur
1284 1102 1304 1125 a
1336 1090 1429 1125 Filio
1465 1090 1733 1137 antiquioribus
1773 1097 1855 1126 tan-

1149 1166 1258 1200 quam
1294 1153 1398 1190 Deus
1432 1156 1503 1190 961
1525 1167 1557 1195 c,
1591 1156 1666 1191 962
1720 1167 1857 1191 nomen

1149 1217 1270 1266 magis
1290 1219 1438 1265 proprie
1459 1219 1633 1254 convenit
1653 1232 1763 1267 quam
1789 1232 1855 1255 no-

1148 1294 1234 1318 men
1255 1282 1358 1318 Deus
1381 1285 1453 1319 961
1475 1295 1494 1318 c
1512 1283 1547 1322 d,
1570 1285 1659 1319 962.

1095 1345 1206 1382 Pater
1243 1360 1318 1383 non
1356 1354 1412 1383 est
1454 1348 1557 1383 Deus
1595 1347 1667 1383 nisi
1704 1347 1756 1383 eis
1794 1348 1857 1396 qui

1148 1411 1399 1447 characterem
1431 1412 1466 1447 in
1494 1425 1532 1447 se
1553 1413 1714 1447 effictum
1744 1412 1858 1448 habe-

1148 1482 1213 1511 ant
1236 1479 1312 1513 550
1333 1489 1351 1512 c
1373 1477 1408 1519 d,
1442 1479 1517 1513 552
1541 1477 1564 1511 d
1581 1489 1600 1512 e
1642 1483 1678 1513 et
1708 1477 1769 1524 qui
1799 1476 1858 1512 Fi-

1146 1541 1237 1576 lium
1258 1541 1415 1589 diligant
1437 1544 1527 1582 553,
1551 1544 1627 1578 554
1645 1555 1678 1577 a.

1093 1604 1205 1641 Pater
1251 1606 1502 1653 cognoscitur,
1545 1605 1639 1641 Filio
1687 1605 1857 1642 confesso

1149 1672 1225 1705 769
1241 1682 1259 1705 c
1273 1670 1308 1713 d,
1334 1673 1408 1707 770
1426 1670 1462 1711 b,
1487 1672 1563 1707 952
1582 1671 1616 1705 d.

1094 1733 1205 1770 Pater
1224 1734 1386 1770 vivificat
1412 1747 1478 1782 per
1498 1735 1630 1770 Filium
1658 1734 1695 1769 in
1717 1734 1858 1781 Spiritu

1149 1798 1288 1834 Sancto
1330 1801 1406 1835 823
1437 1812 1459 1834 a
1519 1799 1629 1846 [Vide
1667 1798 1857 1836 SPIRITUS

1148 1862 1351 1910 SANCTUS]
1382 1863 1514 1899 Filium
1532 1870 1632 1899 amat
1649 1866 1724 1900 844
1740 1877 1758 1899 e
1792 1876 1859 1911 per

1149 1928 1283 1964 Filium
1330 1933 1506 1976 operatur
1548 1931 1621 1964 871
1647 1941 1678 1969 e,
1716 1930 1790 1964 877
1823 1941 1856 1969 a,

1149 1994 1224 2028 993
1247 2005 1266 2027 c
1311 1992 1471 2027 vivificat
1504 1995 1579 2029 879
1603 2005 1621 2027 e
1666 1998 1703 2028 et
1738 1993 1857 2028 homi-

1149 2068 1233 2091 nem
1273 2057 1412 2092 creavit
1451 2063 1487 2092 et
1525 2056 1667 2105 Spiritu
1715 2056 1857 2093 Sancto

1149 2120 1291 2156 dotavit
1311 2121 1416 2156 initio
1436 2123 1536 2157 1097
1552 2134 1571 2156 c
1584 2134 1603 2157 e
1642 2121 1775 2157 Filium
1792 2122 1854 2157 de-

1149 2185 1202 2220 dit
1236 2186 1423 2232 quomodo
1456 2187 1529 2221 881
1549 2186 1572 2221 b
1629 2198 1695 2233 per
1726 2186 1853 2221 Incar-

1149 2249 1339 2285 nationem
1369 2249 1599 2297 glorificatus
1628 2251 1703 2286 880
1721 2263 1754 2291 e,
1778 2252 1851 2287 881

1150 2326 1171 2348 a
1203 2314 1226 2349 b
1294 2314 1598 2350 Incarnationem
1645 2315 1759 2362 cupiit
1805 2315 1854 2350 iii.

1150 2380 1239 2414 481.

1095 2441 1214 2477 Patris
1243 2442 1357 2477 verba
1386 2442 1498 2478 verba
1527 2448 1563 2477 et
1594 2443 1674 2477 Filii
1702 2445 1778 2479 964
1796 2444 1818 2479 b
1835 2456 1854 2479 c

1147 2518 1213 2552 per
1223 2506 1367 2541 Vocem
1376 2519 1478 2541 suam
1495 2507 1724 2553 corporalem
1737 2507 1856 2555 loqui-

1148 2575 1208 2604 tur
1228 2569 1343 2604 Filius
1364 2569 1583 2605 Incarnatus
1604 2569 1655 2605 iii.
1679 2572 1768 2607 364.

1094 2632 1203 2668 Pater
1225 2633 1284 2668 ubi
1305 2633 1355 2669 ibi
1377 2633 1490 2669 Filius
1511 2633 1557 2669 iii.
1583 2637 1673 2670 579.

1094 2696 1204 2732 Pater
1223 2696 1456 2733 Judaeorum
1476 2698 1568 2735 Cain
1592 2700 1668 2735 560
1686 2701 1849 2736 e—564.

1094 2760 1223 2796 Patres
1253 2761 1361 2797 bonis
1381 2762 1485 2797 Deus
1515 2763 1719 2810 sanctique,
1749 2763 1854 2799 malis

1147 2825 1314 2860 diabolus
1356 2826 1520 2874 sociique
1559 2829 1634 2863 550
1659 2827 1682 2862 b
1703 2840 1734 2872 e,
1776 2830 1848 2863 551

1148 2902 1178 2935 a,
1201 2889 1248 2925 cf.
1267 2892 1343 2926 560
1365 2903 1384 2926 e
1423 2891 1487 2926 sed
1512 2891 1715 2939 Unigenito
1740 2891 1854 2927 Pater
