2027 3257
73 195 237 237 [66M.]

162 738 183 772 9
205 737 258 773 sq.

59 1011 148 1043 Heb.
161 1010 207 1042 iii.
225 1020 254 1041 2.

59 1253 139 1284 Mic.
156 1253 198 1285 vi.
219 1254 249 1284 S.

60 1497 92 1527 S,
107 1496 188 1546 Puc.

60 1550 140 1570 xvu.
161 1548 189 1578 5.

62 1909 94 1939 S.
109 1908 234 1940 Matth.

63 1963 94 1981 x.
110 1961 135 1981 1.

62 1994 115 2025 Ib.
135 1995 163 2026 8.

140 2241 203 2261 ver.
221 2239 268 2262 10.

278 130 362 170 288
508 130 558 170 Β.
587 130 839 170 CYRILLI
875 130 1228 173 ALEXANDR.
1267 130 1639 171 FRAGMENTA
1728 130 1797 170 xii.
1817 143 1855 183 9.

279 237 406 292 ὅπως
440 238 632 305 ἄρχεται
667 237 753 302 μὲν
779 238 873 290 ἀπὸ
907 244 990 289 τοῦ
1019 239 1295 303 Πνεύματος
1321 241 1383 293 ὡς
1418 239 1550 293 ὄντος
1575 241 1623 289 ἐν
1648 239 1757 303 ἡμῖν
1783 239 1858 289 καὶ

279 319 365 382 τὴν
402 324 496 370 τῶν
535 320 670 371 θείων
712 318 1023 387 χαρισμάτων
1060 322 1355 386 ἐνεργοῦντος
1400 320 1641 384 διανομήν·
1695 321 1859 380 ἀναβι-

279 400 439 461 βάσας
465 400 512 451 δὲ
538 400 621 451 τὸν
647 401 795 466 λόγον
818 403 893 452 ἐπὶ
918 400 1000 451 τὸν
1024 400 1153 463 Υἱὸν,
1182 401 1232 455 ὅς
1257 403 1387 452 ἐστιν
1411 401 1525 455 Υἱὸς
1551 400 1670 452 κατὰ
1696 401 1858 469 φύσιν,

279 481 460 532 ἄνεισιν
486 483 606 532 οὕτω
633 481 803 533 λοιπὸν
829 483 902 532 ἐπὶ
929 482 1012 532 τὸν
1040 482 1244 547 Πατέρα,
1270 482 1355 546 τὴν
1381 482 1456 533 διὰ
1482 488 1564 533 τοῦ
1586 483 1860 546 Πνεύματος

279 562 510 628 ἐνέργειαν
537 563 611 614 διὰ
640 563 790 626 μέσου
816 569 898 614 τοῦ
927 567 1044 614 Υἱοῦ
1069 564 1352 630 προσνερων
1378 565 1516 632 αὐτῷ.

552 722 723 780 Ἐτέρῳ
760 723 806 765 δὲ
845 722 983 766 Trione
1019 724 1064 765 ἐν
1102 725 1164 778 τῷ
1202 725 1319 778 αὐτῷ
1352 724 1579 772 Πνεύματι.

357 838 517 891 Πίστις
556 838 604 887 ἐν
636 837 816 890 τούτοις
855 838 922 902 ε’ίη
962 837 1032 900 ἂν,
1075 837 1286 903 καθάπερ
1324 839 1513 905 ἐγῷμαι,
1545 836 1573 899 ἡ
1612 834 1729 903 πρὸς
1767 840 1862 887 πᾶν

282 917 435 968 ὁτιοῦν
479 922 573 968 τῶν
614 921 806 984 ἀγαθῶν
852 918 1089 985 ἑδραιότης
1133 921 1209 969 καὶ
1248 917 1312 968 ῶν
1354 918 1411 968 ἂν
1454 916 1678 978 βούλοιτο
1720 915 1858 970 Θεός·

283 997 439 1067 φαμὲν
465 998 556 1064 γὰρ
583 1001 703 1050 οὕτω
738 1000 957 1064 γενέσθαι
987 998 1162 1051 πιστὸν
1197 1006 1208 1028 ⁶

1212 1006 1224 1029 ⁶
1245 1001 1293 1049 ἐν
1318 999 1417 1068 ὅλῳ
1443 1003 1509 1068 τῷ
1543 999 1653 1068 οἴκῳ
1679 998 1860 1049 αὐτοῦ”

282 1078 366 1131 τὸν
393 1081 673 1148 ἱεροφάντην
701 1081 903 1132 Μωσεά·
955 1083 1008 1131 οὐ
1040 1080 1132 1147 γὰρ
1157 1079 1211 1131 τὸ
1242 1083 1410 1148 χρῆναι
1439 1086 1695 1131 πιστεῦσαι
1719 1078 1864 1144 μόνον

285 1160 355 1212 ὅτι
394 1161 537 1229 φύσει
577 1164 652 1212 καὶ
689 1164 879 1226 άληθῶς
917 1162 980 1216 εἷς
1019 1164 1121 1213 ἐστι
1157 1166 1250 1213 τῶν
1282 1162 1408 1213 ὅλων
1441 1162 1573 1224 Θεὸς,
1612 1164 1768 1217 πίστις
1807 1159 1865 1212 ἂν

286 1248 438 1293 νοοῖτο
468 1246 542 1293 καὶ
576 1243 776 1309 λέγοιτο,
807 1243 937 1294 ἀλλὰ
962 1243 1016 1294 τὸ
1043 1244 1092 1294 εὖ
1115 1243 1364 1307 βεβηκέναι
1392 1243 1510 1294 κατὰ
1537 1242 1715 1311 ψυχὴν,
1742 1250 1770 1272 “
1789 1246 1865 1294 καὶ

287 1331 313 1353 “
335 1324 517 1387 ἕτοιμον
543 1323 655 1375 εἶναι
681 1330 765 1375 τοῦ
789 1325 1072 1391 πορεύεσθαι
1097 1325 1214 1386 μετὰ
1243 1326 1418 1391 Κυρίου
1443 1331 1525 1376 τοῦ
1553 1329 1678 1375 Θεοῦ
1693 1325 1718 1340 ”
1745 1323 1866 1376 κατὰ

286 1404 373 1468 τὴν
398 1411 482 1456 τοῦ
512 1404 763 1474 προφήτου
795 1406 976 1473 φωνήν·
1028 1408 1104 1457 καὶ
1141 1412 1257 1472 γοῦν
1296 1411 1337 1457 οὶ
1377 1407 1624 1458 θεσπέσιοι
1660 1407 1865 1470 μαθηταὶ

286 1485 567 1554 προσῄεσάν
604 1510 718 1538 ποτε
757 1492 823 1557 τῷ
862 1492 1063 1557 Χριστῷ
1103 1487 1319 1553 λέγοντες
1357 1489 1564 1554 ἐναργῶς
1595 1495 1624 1517 “
1645 1486 1866 1554 Πρόσθες

679 1567 705 1584 ’5

288 1575 314 1597 ‘⁶
342 1569 449 1631 ἡμῖν
497 1569 676 1620 πίστιν.
770 1571 946 1620 δίδοται
997 1569 1045 1620 δὲ
1095 1567 1212 1634 πρὸς
1261 1569 1412 1638 τούτῳ
1464 1571 1540 1619 καὶ
1589 1571 1866 1638 χαρίσματα

287 1649 490 1717 ἰαμάτων
516 1651 552 1701 ἐν
578 1656 637 1720 τῷ
664 1651 715 1701 ἑνὶ
745 1649 986 1718 Πνεῦματι.
1036 1651 1116 1701 καί
1145 1674 1223 1713 μοι
1260 1650 1408 1702 πάλιν
1434 1650 1635 1716 ἐπιτήρει
1660 1654 1861 1704 λεπτῶς·

285 1737 369 1781 τοῦ
412 1731 505 1797 γὰρ
544 1732 818 1794 Πνεύματος
858 1732 1087 1795 διανέμειν
1126 1731 1383 1797 λεγομένου
1425 1731 1483 1782 τὰ
1524 1736 1618 1782 τῶν
1657 1730 1866 1795 ἰαμάτων

288 1813 574 1879 χαρίσματα,
602 1811 815 1878 Χριστός
838 1814 969 1863 ἐστιν
994 1814 1018 1863 ὁ
1044 1813 1214 1867 διδούς·
1256 1813 1422 1864 δέδωκε
1458 1812 1551 1878 γὰρ
1585 1817 1680 1866 τοῖς
1718 1813 1866 1877 ἁγίοις

287 1893 579 1947 ἀποστόλοις
625 1901 651 1923 “
672 1894 894 1962 ἐξουσίαν
937 1894 1055 1945 κατὰ
1099 1893 1377 1957 πνευμάτων
1421 1894 1698 1958 ἀκαθάρτων
1741 1892 1866 1944 ὥστε

288 1981 315 2004 “
340 1974 592 2034 ἐκβάλλειν
618 1974 781 2026 αὐτά·”
815 1978 889 2026 καὶ
916 1974 972 2039 δὴ
996 1978 1070 2027 καὶ
1094 1976 1303 2042 ε”φασκεν
1328 1983 1354 2005 “
1373 1975 1706 2028 Ἀσθενοῦντας
1732 1980 1866 2041 θερα-

288 2062 314 2085 “
340 2055 514 2116 πεύετε,
541 2059 616 2106 καὶ
656 2056 842 2123 νεκροὺς
868 2058 1076 2124 ἐγείρετε,
1105 2057 1306 2124 λεπροὺς
1345 2056 1622 2123 καθαρίζετε,
1654 2059 1728 2107 καὶ
1762 2059 1862 2107 δαι-

287 2144 314 2166 “
340 2137 478 2199 μόνια
509 2137 781 2201 ἐκβάλλετε,
810 2138 987 2205 δωρεὰν
1010 2139 1217 2201 ἐλάβετε,
1245 2137 1421 2205 δωρεάν
1449 2138 1596 2189 δότε.”
1647 2138 1788 2189 αὐτοῦ
1819 2137 1868 2188 δὲ

288 2218 343 2282 δὴ
367 2218 555 2273 πάντως
592 2221 667 2270 καὶ
703 2219 762 2270 τὰ
798 2225 892 2270 τῶν
929 2219 1146 2287 δυνάμεων
1174 2221 1460 2289 ἐνεργήματα,
1486 2218 1615 2283 πλὴν
1638 2221 1687 2269 ἐν
1714 2218 1865 2270 Πνεύ-

286 2323 398 2362 ματι
429 2302 495 2369 τῷ
531 2302 612 2351 ἑνί·
666 2300 762 2350 οἷον
789 2301 980 2369 ἐβριψεν
1007 2302 1031 2351 ὁ
1060 2304 1248 2364 Μωσῆς
1273 2300 1357 2365 τὴν
1382 2299 1561 2367 ῥάβδον
1588 2304 1650 2353 εἶς
1676 2303 1766 2365 γῆν
1792 2301 1867 2350 καὶ

286 2381 477 2446 γέγονεν
504 2381 624 2449 ὄφις,
650 2382 995 2444 μετεσκεύασεν
1021 2386 1082 2436 εἷς
1112 2381 1226 2445 αἷμα
1265 2381 1373 2435 τοῦς
1410 2381 1667 2444 ποταμοὺς,
1697 2380 1868 2449 ἐξήγα-

287 2485 369 2528 γεν
396 2465 517 2528 ὕδωρ
545 2465 595 2513 ἐκ
633 2463 816 2530 πέτρας·
862 2463 1133 2515 τετελέκασι
1173 2463 1219 2514 δὲ
1257 2468 1466 2514 πλεῖστα
1505 2463 1598 2513 ὅσα
1637 2465 1712 2513 καὶ
1750 2463 1869 2529 περα

288 2588 484 2632 χαρίσματα
510 2588 656 2630 ἰαμάτων
677 2589 709 2621 αἱ
726 2592 793 2622 τῶν
815 2588 925 2622 νόσων
942 2588 1126 2632 θεραπεῖαι,
1144 2587 1182 2623 ἃς
1199 2590 1217 2621 ὁ
1235 2588 1383 2630 Χριστὸς
1401 2588 1454 2621 διὰ
1473 2590 1531 2621 τοῦ
1549 2587 1743 2630 Πνεῦματος
1767 2590 1867 2622 ποιεῖ·

289 2634 459 2677 δυνάμεων
476 2634 511 2666 δέ
530 2634 749 2678 ἐνεργήματα,
767 2635 855 2669 εἰσὶν
871 2636 904 2668 αἱ
922 2634 1185 2679 θαυματουργίαι
1203 2635 1256 2668 καὶ
1272 2635 1305 2667 αἶ
1324 2634 1528 2677 προφητεῖαι
1552 2634 1587 2667 δέ
1611 2634 1665 2667 διὰ
1685 2637 1744 2667 τοῦ
1762 2634 1869 2668 Πνεύ-

288 2695 403 2724 ματος.
437 2680 622 2723 διακρίσεις
647 2681 682 2714 δέ
704 2682 900 2724 πνευμάτων
916 2681 1004 2714 εἰσὶν
1027 2682 1066 2714 τὸ
1091 2680 1255 2714 δύνασθαι
1281 2680 1513 2724 διαγινώσκειν
1536 2682 1628 2714 ποῖαι
1654 2681 1870 2714 διδασκαλίαι

289 2727 378 2761 εἶσιν
402 2727 576 2769 αἱρετικῶν
593 2727 646 2759 καὶ
670 2728 816 2768 πλάνων,
836 2728 889 2759 καὶ
910 2728 1003 2760 ποῖαι
1028 2730 1094 2760 τῶν
1111 2726 1218 2770 ὅρθως
1241 2728 1480 2760 πιστευόντων.
1514 2727 1709 2771 χαρίσματα
1727 2727 1815 2771 (Sic)
1833 2727 1869 2760 δέ

289 2774 327 2806 τὸ
345 2774 464 2806 λαλεῖν
479 2774 658 2817 γλώσσαις
675 2772 779 2806 ἰ’δικον
798 2773 879 2816 (sic)
898 2773 951 2805 καὶ
968 2773 1002 2806 ἐν
1020 2775 1122 2818 καιρῷ
1141 2773 1194 2805 καὶ
1212 2773 1309 2816 χρείᾳ
1326 2773 1417 2807 τισὶν
1434 2773 1646 2816 οἰκονομικῶς
1665 2773 1719 2814 (ut
1737 2785 1770 2817 p.
1790 2774 1869 2816 289,

289 2821 327 2862 8)
361 2817 639 2863 κεχορηγημένον.
676 2818 777 2852 ἄλλοι
811 2819 846 2852 δὲ
880 2820 938 2852 οὐκ
967 2819 1114 2852 ἐλάλουν
1141 2818 1218 2852 ἀλλ’
1247 2818 1427 2863 ἑρμὴνευον
1454 2820 1495 2852 τὰ
1522 2819 1650 2863 ἑτέραις
1678 2818 1870 2862 λαλούμενα

289 2867 480 2945 γλώσσῑαις·
508 2865 636 2909 ἐνεργεῖ
652 2865 687 2899 δέ
706 2865 877 2910 διαφόρως
895 2865 929 2899 ἐν
946 2865 1078 2910 ἑκάστῳ
1094 2866 1132 2899 τὸ
1152 2867 1287 2909 Πνεῦμα
1305 2865 1364 2909 τὴν
1380 2869 1446 2899 τῶν
1462 2867 1683 2910 χαρισμάτων
1700 2865 1869 2910 διανομήν.

291 2919 323 2946 et
341 2912 385 2945 ita
404 2923 416 2946 t
428 2911 529 2945 esinit
550 2912 596 2945 H.

1886 1097 1935 1122 10

1887 1919 1937 1944 20
