2012 3272
82 127 136 167 ix.
165 137 311 179 17-21.
412 126 482 167 IN
517 125 860 166 EPISTOLAM
898 125 980 165 AD
1019 124 1328 167 ROMANOS.
1584 128 1668 168 229

81 235 305 300 λέγουσιν
343 234 692 297 ἀντανίσταται,
720 240 803 285 τοῦ
842 231 991 299 λόγου
1030 232 1115 297 τὴν
1142 233 1339 297 δύναμιν
1370 236 1567 302 ἐπαφεὶς
1601 239 1668 304 τῷ

81 315 326 385 προσώπω
360 320 454 367 τῶν
484 316 910 383 παρενηνεγμένων,
936 317 1104 366 ‘Hoafi
1142 338 1192 366 τε
1234 317 1356 384 φημὶ
1396 318 1472 366 καὶ
1509 316 1667 379 μέντοι

80 423 153 451 και
183 399 375 466 Φαραώ.
418 399 511 468 ἐφη
537 400 690 451 τοίνυν
717 402 779 454 ὡς
804 399 922 465 πρὸς
948 399 1167 465 ἑκάτερον
1192 404 1286 451 τῶν
1316 401 1667 463 ὠνομασμένων

71 480 137 533 Ὠ
164 479 371 551 ἄνθρωπε,
399 505 599 549 μενουνγε
626 506 679 532 συ
705 507 769 537 τις
795 480 835 532 εἰ
858 487 875 533 ὁ
903 482 1319 551 ανταποκρινομενος
1346 482 1405 550 Tc}
1433 481 1562 551 Θεῷ·
1552 523 1562 543 ,
1603 507 1664 551 μη

37 563 158 634 5ἐρεῖ
191 587 237 614 το
278 562 491 631 πλαιν-μα
529 569 590 633 τῷ
628 565 864 614 πλάσαντι
891 564 948 614 Τί
981 586 1040 629 με
1079 564 1293 624 εποίησας
1333 562 1492 625 οὕτως,
1540 566 1660 615 ἀπο-

79 645 233 714 φαίνει
270 643 355 708 μέν
380 644 472 711 γὰρ
499 647 561 699 ὡς
591 647 642 696 ἐκ
678 645 1058 711 παραδείγματος
1096 646 1334 710 ἐναργοῦς,
1362 644 1433 696 ὅτι
1471 645 1664 713 παγχά-

80 734 228 778 λεπον
257 725 311 777 τὸ
347 728 483 780 θειόις
521 727 747 793 κρίμασιν
773 728 1003 790 ἐπιτιμᾶν·
1059 730 1095 777 εὶ
1129 725 1220 792 γὰρ
1248 725 1304 790 δή
1331 750 1401 780 τις
1427 727 1581 778 ἕλοιτο
1607 726 1667 777 τὰ

78 806 232 859 εἰκότα
271 812 475 876 φρονεῖν,
501 807 729 873 ἀναθήσει
767 807 852 872 μὲν
879 811 946 877 τῷ
976 807 1133 860 πάντα
1165 807 1303 859 εἰδότι
1332 810 1440 877 Θεῷ
1474 807 1527 858 τὸ
1561 808 1661 874 κρί-

80 913 171 942 νειν
209 889 389 940 ἕκαστα
428 892 535 942 καθ’
574 889 627 941 ὃν
665 889 723 941 ἂν
767 889 907 944 αὐτὸς
939 891 1073 956 εἰδείη
1116 888 1304 957 τρόπον,
1347 890 1577 940 ε’νδοιοίσει
1618 889 1667 941 δὲ

11 997 57 1022 10
78 972 178 1023 κατ’
206 971 338 1022 οὐδὲν
363 974 425 1026 ὡς
459 972 590 1023 ε”στιν
617 972 753 1023 ὅσιον
779 972 894 1038 ὅπερ
929 971 986 1023 ἂν
1014 972 1169 1023 ἕλοιτο
1204 975 1334 1038 δρᾶν,
1362 970 1666 1023 διαπλάττων

78 1055 146 1106 ἐπ’
187 1055 404 1123 ἐξουσίας
442 1053 502 1106 τὰ
540 1056 611 1122 ἐφ’
653 1054 856 1105 ἑκάστου
893 1054 1053 1121 τυχόν.
1110 1054 1277 1105 οὐκοῦν
1315 1058 1516 1105 αἰτιᾶται
1555 1054 1665 1104 λίαν

78 1135 183 1190 τοὺς
223 1141 318 1190 τοῖς
359 1136 496 1191 θείοις
539 1136 765 1200 νεύμασιν
809 1135 1008 1190 ἐνιέντας
1054 1135 1177 1189 ὅλως
1219 1135 1303 1187 τὸν
1345 1134 1666 1201 βασανίζοντα

80 1224 188 1269 νοῦν
225 1216 423 1284 πότερον
460 1222 619 1271 καλῶς
664 1216 693 1281 ἢ
738 1218 826 1285 οὐχ
870 1218 1017 1272 οὕτως
1061 1218 1169 1286 ἔχει·
1231 1218 1320 1269 ἔδει
1362 1217 1456 1283 γάρ
1500 1221 1665 1286 φησιν,

78 1301 418 1364 ἀπομιμεῖσθαι
456 1304 644 1362 μᾶλλον
670 1299 834 1354 αὐτοὺς
862 1298 915 1350 τὸ
944 1299 1020 1350 διὰ
1058 1299 1212 1367 χειρὸς
1239 1299 1474 1365 κεραμέως
1511 1305 1667 1350 πλατ-

11 1401 56 1438 15
79 1380 286 1444 τόμενον,
318 1384 393 1432 καὶ
427 1380 545 1445 μετὰ
579 1384 722 1447 σιγῆς
760 1382 1005 1445 ὑπομένειν
1039 1381 1099 1432 τὰ
1132 1380 1264 1448 παρὰ
1290 1385 1432 1432 Θεοῦ·
1487 1381 1540 1431 οὐ
1573 1379 1666 1447 γὰρ

78 1463 160 1533 ἐρεῖ
183 1463 228 1514 τὶ
255 1462 467 1532 πλάσμα
494 1469 553 1532 τῷ
578 1465 813 1515 πλάσαντι
841 1469 895 1514 Τί
920 1487 978 1530 με
1005 1464 1218 1523 ἐποίησας
1246 1462 1405 1523 οὕτως,

151 1545 279 1594 Ἀλλ’
308 1544 425 1598 ἰ’σως
451 1547 525 1595 καὶ
552 1545 670 1610 πρός
700 1567 753 1610 γε
779 1544 919 1595 τοῦτό
950 1567 1071 1597 τινες
1098 1542 1240 1595 ἐκεῖνό
1267 1547 1420 1613 φασιν
1447 1547 1505 1594 Εἰ
1532 1566 1667 1609 κερα-

76 1626 196 1689 μέως
235 1626 366 1690 δίκην
404 1627 511 1677 καθ’
553 1624 606 1677 ὃν
644 1624 702 1676 ἂν
735 1625 961 1687 βούλοιτο
998 1624 1176 1692 τρόπον
1215 1624 1492 1676 διαπλάττει
1529 1624 1665 1687 Θεὸς,

1705 193 1879 235 [37M·]

1686 503 1706 523 V
1708 503 1753 523 ΕΓ.
1768 502 1819 523 20.

1684 1641 1740 1675 38
1758 1639 1820 1676 Μ.

77 1710 139 1760 ὡς
172 1706 226 1759 τὸ
260 1706 339 1776 μὲν
378 1713 438 1762 εἰς
476 1706 600 1775 τιμὴν
625 1706 809 1768 ποιῆσαι
849 1709 1018 1770 σκεῦος,
1049 1706 1103 1758 τὸ
1143 1704 1188 1758 δὲ
1231 1712 1291 1762 εἰς
1330 1708 1532 1774 ἀτιμίαν,
1565 1711 1664 1760 πῶς
1683 1733 1820 1757 ver.21.

11 1818 60 1843 20
79 1789 164 1856 οὐχ
190 1790 493 1841 ἁπαστισοῦν
519 1787 761 1840 ἀναπείσει
796 1788 954 1855 λόγος,
981 1788 1036 1840 τὸ
1068 1788 1264 1854 γεγονὸς
1300 1787 1483 1839 οἴεσθαι
1509 1787 1665 1853 ποίντη

77 1893 126 1921 τε
151 1873 226 1921 καὶ
252 1870 441 1925 ποίντως
465 1876 675 1922 τοιοῦτον
701 1870 820 1938 ἔχειν
845 1870 929 1921 τὸν
954 1870 1130 1937 τρόπον
1157 1871 1258 1921 καθ’
1289 1869 1342 1921 ὃν
1369 1871 1444 1920 καὶ
1469 1870 1666 1934 πεποίη-

77 1973 186 2013 ται,
228 1949 351 2003 ὥστε
386 1953 411 2003 ὃ
449 1952 533 2016 μέν
570 1976 640 2007 τις
680 1954 812 2004 ἐστὶν
847 1958 906 2008 εἰς
944 1952 1129 2021 ἀτιμίαν
1155 1951 1376 2018 γεγονὼς,
1403 1953 1478 2002 καὶ
1516 1950 1666 2020 φύσιν

77 2033 294 2098 τοιαύτην
325 2035 718 2100 ἀπεκληρώσατο,
743 2034 990 2098 πεποίηται
1028 2033 1086 2084 δέ
1107 2057 1175 2087 τις
1202 2056 1356 2100 ετερος
1390 2032 1539 2098 ἠγουν
1565 2032 1664 2101 ἐξε-

78 2113 302 2182 γήγερται
339 2114 568 2182 σκληρος,
606 2116 681 2167 ι’να
720 2118 781 2169 ὡς
825 2114 964 2169 αὐτός
1006 2120 1130 2183 φησι
1172 2112 1398 2189 διαγγελῇ
1435 2139 1481 2166 το
1529 2138 1665 2182 ονομα

13 2196 220 2262 25αὐτοῦ
263 2198 302 2249 ἐν
345 2221 473 2256 ποια-η
513 2222 562 2255 τη
600 2204 676 2292 γῇ·
738 2198 851 2249 ποία
895 2198 1050 2249 τοίνυν
1092 2197 1157 2248 ἐτι
1199 2201 1296 2250 τοῖς
1340 2196 1594 2247 πταίουσιν
1636 2196 1664 2260 ἡ

78 2278 276 2346 γραφή·
265 2319 277 2341 ,
322 2278 551 2345 γεγόνασι
579 2279 672 2346 γὰρ
699 2303 761 2333 εις
787 2284 940 2330 τοῦτο.

153 2359 284 2426 Πρὸς
311 2360 367 2425 δὴ
394 2360 454 2412 τὰ
478 2367 671 2412 τοιαῦτα
698 2362 814 2429 φαίη
842 2383 910 2415 τις
938 2360 1008 2423 ἂν,
1035 2360 1107 2411 ὅτι
1138 2360 1354 2425 μα’λιστα
1388 2359 1472 2426 μὲν
1499 2360 1582 2411 οὐκ
1607 2358 1666 2411 ἂν

80 2440 224 2508 ε”χοιεν
259 2445 401 2494 εἰπεῖν
440 2442 509 2494 ὅτι
550 2443 745 2512 φύσεων
783 2442 1013 2511 διαφορὰς
1051 2444 1100 2493 ἐν
1137 2442 1318 2497 τούτοις
1358 2444 1467 2507 ἡμῖν
1507 2442 1534 2506 ἡ
1570 2446 1666 2492 τῶν

80 2522 324 2587 νοημοίτων
375 2523 568 2588 δύναμις
619 2523 934 2589 ὑπεσήμηνεν·
996 2525 1050 2575 οὐ
1094 2524 1188 2591 γὰρ
1233 2525 1324 2594 ἔφη
1377 2524 1670 2587 πεποιῆσθαί

15 2630 64 2666 3ο
80 2625 206 2657 τινας
245 2603 397 2668 ὠμοὺς
434 2608 509 2656 καὶ
548 2603 925 2670 ἀπεσκληκότας,
958 2606 1106 2671 ἤγουν
1144 2610 1208 2660 εἰς
1252 2605 1398 2670 σκεύη
1439 2608 1576 2669 τιμῆς
1615 2627 1665 2655 τε

81 2685 157 2735 καὶ
198 2686 397 2751 ἀτιμίας,
444 2686 548 2738 οὐδὲ
594 2687 743 2756 φύσιν
781 2688 936 2741 αὐτοῖς
977 2685 1064 2751 τὴν
1106 2688 1325 2752 τοιαύτην
1368 2687 1666 2750 ἐκνενέμηκεν

130 2840 162 2864 2.
187 2844 222 2864 τε
240 2836 273 2865 et
289 2830 402 2875 μέντοι
422 2832 475 2866 καὶ
491 2842 562 2866 om.
580 2831 625 2866 A.
801 2832 835 2867 8.
860 2831 1021 2875 ἀναδὴσει
1039 2832 1083 2866 Α.
1157 2831 1213 2879 τὸ]
1237 2836 1274 2874 -ί-
1295 2847 1334 2878 γε
1353 2832 1397 2866 Α.
1568 2841 1601 2875 9·
1627 2828 1667 2863 ἂν

84 2886 154 2911 om.
170 2877 215 2912 A.
406 2888 459 2922 13.
484 2879 612 2923 πότερα
630 2878 674 2912 Α.
864 2889 920 2913 20.
945 2878 1117 2913 ἀναπείθει
1136 2879 1182 2914 A.
1373 2889 1428 2912 21.
1454 2879 1606 2910 τοιοῦτον
1622 2877 1666 2910 Α.

84 2923 201 2957 τοῦτον
219 2923 285 2958 Ed.
383 2933 437 2968 25.
463 2924 539 2958 ἐστὶ
557 2936 620 2968 pro
637 2925 685 2959 ἔτι
703 2924 746 2958 Α.
844 2935 900 2969 30.
926 2927 1020 2969 τιμῆς
1037 2939 1073 2959 τε
1091 2940 1144 2959 και
1162 2937 1232 2960 om.
1251 2925 1295 2958 A.
1399 2934 1456 2968 31.
1481 2922 1634 2967 φύσειΑ
