2012 3272
117 137 172 177 vi.
196 151 233 192 3,
256 151 296 189 4.
450 137 520 177 IN
555 136 899 176 EPISTOLAM
936 136 1019 175 AD
1057 135 1367 177 ROMANOS.
1626 136 1708 175 189

116 244 299 307 ταύτὸν,
326 243 413 296 κᾶν
438 249 475 295 εὶ
511 245 560 296 ἕν
586 268 656 299 τις
691 244 922 312 ὀνομάσῃ,
951 244 1142 307 δυνάμει
1169 242 1487 310 θεωρημάτων
1513 243 1599 307 τὴν
1625 248 1707 293 τοῦ

94 325 292 380 ’παντὸς
337 325 550 390 δήλωσιν
594 326 864 389 ἐποιήσατο.
931 327 1098 376 οὐκοῦν
1138 327 1163 376 ὁ
1202 325 1419 392 Χριστὸν
1467 324 1708 387 ὀνομάσας

117 409 199 459 οὐκ
238 409 578 472 ἀμνημονεύσει
616 414 698 459 τοῦ
734 406 925 474 Πατρὸς
956 407 984 471 ἦ
1021 414 1104 459 τοῦ
1134 408 1424 471 Πνεύματος.
1465 406 1620 470 ἐπειδὴ
1660 405 1708 456 δὲ

116 490 364 555 γενόμενος
404 490 664 557 ἄνθρωπος,
706 489 789 541 τὸν
832 489 946 556 ὑπὲρ
992 492 1074 553 τῆς
1114 489 1337 541 ἁπάντων
1377 490 1494 556 ζωῆς
1535 488 1708 552 ἀνέτλη

75 583 97 622 5
118 569 320 622 θάνατον
347 573 371 622 ὁ
397 573 597 636 Ἰησοῦς,
625 572 889 640 κεχώρηκεν
918 572 1183 636 ἀναγκαίως
1210 573 1235 622 ὁ
1262 571 1490 638 μακάριος
1512 575 1709 623 Παῦλος

117 654 190 704 ἐπὶ
217 654 270 704 τὸ
297 653 367 704 ὅτι
402 653 617 718 μάλιστα
643 656 700 722 τῇ
736 653 1011 722 προκειμένῃ
1046 654 1363 722 μυσταγωγίᾳ
1399 653 1709 721 χρειωδέστα-

117 754 214 786 τον·
272 736 360 787 ε”δει
404 736 497 803 γὰρ
542 735 775 798 ὀνομάσαι
820 736 902 787 τὸν
946 735 1233 787 πεπονθότα·
1294 736 1519 803 ταύτῃτοί
1558 739 1710 804 φησιν

107 816 215 869 “Orc
242 817 330 869 ’ὅσοι
357 818 688 887 ἐβαπτίσθημεν
715 824 774 873 εἷς
800 819 980 888 Χριστὶν
1006 820 1164 878 Ἰησοῦν
1193 823 1252 873 εἷς
1280 822 1348 869 τὶν
1373 817 1550 868 θάνατον
1579 818 1710 868 αὐτοῦ

118 899 463 968 ἐβαπτίσθημεν.
505 900 903 967 προκαταθέμενοι
930 900 1023 967 γὰρ
1045 900 1209 966 ὥσπερ
1235 899 1290 950 τὸ
1319 901 1368 950 ἐκ
1395 898 1711 963 συνειδήσεως

49 1005 98 1030 10
118 982 260 1048 ὀρθῆς
295 982 475 1048 ἀγαθὸν
501 983 778 1050 ἐπερώτημα
805 987 865 1037 εἷς
894 981 1124 1050 Χριστὸν,
1151 984 1229 1033 καὶ
1255 983 1412 1034 πίστει
1442 980 1710 1050 παραδεξά-

118 1087 247 1128 μενοι
288 1064 359 1115 ὅτι
400 1067 475 1116 καὶ
513 1066 744 1116 ἀπέθανεν
781 1064 896 1131 ὑπὲρ
928 1065 1061 1130 ἡμῶν
1100 1066 1175 1115 καὶ
1216 1063 1370 1134 ἐτάφη
1411 1067 1487 1115 καὶ
1525 1064 1711 1126 ἀνεβίω,

118 1145 204 1211 τὴν
230 1147 406 1216 ἄφεσιν
431 1152 526 1198 τῶν
550 1149 790 1215 ἁμαρτιῶν
823 1147 1093 1216 ἐσχήκαμεν
1129 1145 1205 1197 διὰ
1243 1152 1326 1198 τοῦ
1362 1147 1500 1212 ἁγίου
1534 1146 1709 1208 βαπτί-

119 1252 317 1292 σματος,
338 1232 412 1281 καὶ
439 1230 525 1293 τὴν
550 1233 633 1294 τῆς
657 1231 887 1296 ἁμαρτίας
912 1229 1220 1288 ὑπομένοντες
1251 1227 1495 1295 νέκρωσιν,
1514 1230 1589 1279 καὶ
1615 1227 1713 1278 οἷον

120 1313 186 1380 τῷ
217 1312 271 1362 δι’
300 1312 420 1375 ἡμᾶς
458 1315 675 1363 τεθνεῶτι
713 1311 1190 1376 συναποθνήσκοντες
1229 1310 1306 1362 διὰ
1335 1310 1389 1361 τὸ
1429 1316 1619 1377 νεκροῦν
1653 1309 1714 1360 τὰ

1744 206 1912 248 [11M-]

53 1409 99 1448 15
121 1392 245 1458 με’λη
281 1393 341 1444 τὰ
378 1395 451 1445 ἐπὶ
493 1397 574 1458 τῆς
613 1397 717 1459 γῆς·
767 1395 791 1444 ὃ
829 1393 914 1457 μὲν
960 1392 1053 1459 γὰρ
1100 1392 1384 1459 Χριστὸς“
1405 1397 1463 1461 τῇ
1510 1392 1904 1461 &paprlmnfraver

1663 1446 1782 1488 ὕπο.

123 1483 150 1506 “
176 1476 406 1528 ἀπέθανεν
449 1476 656 1544 ἐφάπαξ,
698 1475 722 1527 ὃ
758 1475 806 1527 δὲ
844 1476 917 1543 ζῇ,
952 1474 1006 1544 ζῇ
1051 1479 1117 1545 τῷ
1156 1475 1308 1545 Θεῷ·”
1368 1476 1496 1539 ἡμεῖς
1538 1474 1585 1525 δὲ
1631 1497 1714 1524 τον

122 1558 230 1609 ’ίσον
270 1559 395 1628 αὐτῷ
434 1558 637 1609 θάνατον
683 1558 990 1622 ὑπομένομεν,
1034 1560 1109 1608 καὶ
1150 1559 1402 1624 μονονουχὶ
1447 1555 1714 1619 συντεθάμ-

118 1645 253 1705 μεθα,
281 1641 365 1705 τὴν
403 1642 544 1692 αὐτοῦ
582 1640 811 1706 νέκρωσιν
849 1640 1180 1708 περιφέροντες
1219 1642 1267 1690 ἐν
1306 1640 1436 1693 ἰδίοις
1471 1639 1712 1703 σώμασιν,

120 1722 451 1789 συνετάφημεν
477 1722 525 1774 δὲ
551 1727 618 1792 τῷ
643 1724 860 1791 Χριστῷ.
915 1723 964 1773 τί
986 1721 1043 1786 δὴ
1071 1722 1163 1788 ἄρα
1189 1723 1398 1773 ἐντεῦθεν
1425 1722 1707 1787 ἀποκερδαί-

54 1828 103 1854 20
122 1828 290 1868 νοντες,
322 1809 551 1874 σαφηνιεῖ
585 1805 741 1870 λέγων
779 1804 917 1858 αὐτός
940 1802 1040 1856 Ἵνα
1078 1804 1224 1873 ὥσπερ
1260 1802 1404 1875 ηγέρθη
1439 1805 1624 1873 Χριστὶς
1663 1806 1714 1856 ἐκ

123 1886 267 1956 νεκρῶν
307 1884 382 1939 δια
421 1886 495 1946 της
532 1884 656 1956 δόξης
683 1889 755 1938 τοῦ
784 1888 974 1957 Πατρὶς,
1005 1886 1134 1941 οὕτως
1173 1891 1249 1937 καὶ
1286 1889 1407 1954 ἡμεῖς
1434 1887 1470 1937 ἐν
1501 1887 1715 1947 καινότητι

123 1968 232 2039 ζωῆς
261 1970 644 2038 περιπατήσωμεν·
698 1972 769 2020 δεῖ
802 1968 895 2034 γὰρ
933 1969 1054 2032 ἡμᾶς
1097 1971 1158 2021 ὡς
1193 1967 1604 2032 συντεθαμμένους
1639 1970 1714 2019 καὶ

121 2052 501 2102 συνανίστασθαι
536 2056 725 2115 νοητῶς·
766 2054 842 2102 καὶ
879 2051 1005 2117 ε’ίπερ
1032 2052 1136 2101 ἐστὶ
1167 2048 1387 2101 τεθνάναι
1412 2054 1471 2118 τῇ
1507 2050 1713 2119 ἁμαρτίᾳ

121 2132 175 2183 τὸ
201 2131 560 2185 συνθάπτεσθαι
587 2137 654 2203 τῷ
680 2137 896 2202 Χριστῷ,
924 2136 1070 2196 δῆλον
1097 2131 1155 2182 ἂν
1182 2132 1249 2196 εἰἠ
1276 2131 1510 2196 δήπουθεν
1537 2135 1600 2186 ὡς
1626 2133 1714 2199 οὐχ

54 2234 102 2273 25
122 2214 275 2281 ἕτερόν
301 2238 344 2266 τι
379 2214 433 2265 τὸ
466 2216 851 2266 συνανίστασθαι
891 2215 1027 2265 νοοῖτ’
1058 2212 1114 2264 ἂν
1151 2212 1351 2275 εἰκότως,
1387 2212 1519 2277 πλὴν
1554 2213 1625 2264 ὅτι
1657 2213 1712 2264 τὸ

122 2296 257 2362 ζῆν’
235 2321 282 2348 εν
309 2297 597 2365 δικαιοσύνῃ.

195 2379 482 2444 Ἐγηγερθαι
511 2378 604 2443 μὴν
635 2382 984 2438 διαβεβαιοῦται
1013 2377 1228 2444 Χριστὸν
1261 2375 1336 2428 δὶα
1372 2403 1447 2437 της
1475 2375 1606 2475 ἀοξης
1641 2404 1711 2429 του

124 2460 311 2529 Πατρος,
338 2462 424 2528 οὐχ
451 2464 513 2514 ὡς
548 2460 713 2528 ἰσχύος
753 2463 926 2512 ἐπιδεᾶ
973 2483 1049 2511 και
1088 2460 1181 2526 γάρ
1213 2461 1345 2510 ἐστιν
1384 2458 1523 2514 αὐτος
1558 2461 1582 2510 ὁ
1618 2464 1713 2510 τῶν

122 2541 360 2605 δυνάμεων
388 2542 577 2608 Κύριος·
622 2544 732 2593 ἀλλ’
763 2542 834 2593 ὅτι
861 2542 919 2592 τὰ
947 2542 1061 2605 ὑπὲρ
1088 2541 1340 2608 ἀνθρώπου
1367 2541 1516 2609 φύσιν
1543 2544 1602 2609 τῇ
1629 2545 1712 2605 τῆς

57 2642 106 2678 30
122 2624 344 2675 ἀνωτάτω
384 2625 574 2692 φύσεως
614 2624 732 2693 δόξῃ
770 2625 1070 2691 προσάπτειν
1109 2624 1212 2677 ε”θος
1253 2625 1379 2692 αὐτῷ
1416 2646 1467 2673 τε
1508 2627 1710 2692 Χριστῷ

122 2707 196 2756 καὶ
227 2711 322 2759 τοῖς
356 2707 512 2758 αὑτοῦ.
570 2707 736 2757 οὐκοῦν
772 2705 858 2757 κᾶν
891 2706 933 2757 εἴ
958 2729 1002 2757 τι
1037 2705 1224 2772 λέγοιτο
1252 2708 1512 2770 κατορθοῦν
1534 2705 1563 2776 (ὁ
1592 2703 1711 2756 Θεὸς

178 2890 230 2923 16.
254 2889 271 2923 ὃ
289 2889 470 2924 emendavi
487 2895 567 2934 post
586 2888 721 2933 Migne.
741 2891 759 2922 ὁ
779 2889 821 2923 Β.
842 2889 928 2924 Mai.
1283 2899 1338 2922 22.
1364 2879 1649 2932 περιπατήσιῧμεν
1668 2885 1710 2918 B.

130 2944 184 2980 27.
211 2936 290 2982 μὴν]
313 2935 518 2981 Legendum
536 2941 575 2969 ut
592 2936 661 2970 vid.
682 2934 798 2980 γεμὴν.
