<?xml version="1.0" encoding="UTF-8"?>
<!DOCTYPE html PUBLIC "-//W3C//DTD XHTML 1.0 Transitional//EN"
    "http://www.w3.org/TR/xhtml1/DTD/xhtml1-transitional.dtd">
<html xmlns="http://www.w3.org/1999/xhtml" xml:lang="en" lang="en">
 <head>
  <title>
</title>
<meta http-equiv="Content-Type" content="text/html;charset=utf-8" />
  <meta name='ocr-system' content='tesseract 3.04.00' />
  <meta name='ocr-capabilities' content='ocr_page ocr_carea ocr_par ocr_line ocrx_word'/>
</head>
<body>
  <div class='ocr_page' id='page_1' title='image "./operacyrilli05cyriuoft/operacyrilli05cyriuoft_0346.png"; bbox 0 0 1997 3262; ppageno 0'>
   <div class='ocr_carea' id='block_1_1' title="bbox 85 130 1859 238">
    <p class='ocr_par' dir='ltr' id='par_1_1' title="bbox 85 130 1859 238">
     <span class='ocr_line' id='line_1_1' title="bbox 85 130 1859 238; baseline -0.003 -63"><span class='ocrx_word' id='word_1_1' title='bbox 85 198 100 238; x_wconf 74' lang='lat'>[</span> <span class='ocrx_word' id='word_1_2' title='bbox 171 198 209 228; x_wconf 92' lang='lat' dir='ltr'><strong>M</strong></span> <span class='ocrx_word' id='word_1_3' title='bbox 237 197 249 238; x_wconf 76' lang='lat'>]</span> <span class='ocrx_word' id='word_1_4' title='bbox 280 136 364 176; x_wconf 79' lang='lat'>332</span> <span class='ocrx_word' id='word_1_5' title='bbox 502 136 553 176; x_wconf 92' lang='lat' dir='ltr'>B.</span> <span class='ocrx_word' id='word_1_6' title='bbox 585 137 835 177; x_wconf 88' lang='lat' dir='ltr'>CYRILLI</span> <span class='ocrx_word' id='word_1_7' title='bbox 870 133 1222 176; x_wconf 82' lang='lat' dir='ltr'><strong>ALEXANDR.</strong></span> <span class='ocrx_word' id='word_1_8' title='bbox 1261 131 1635 174; x_wconf 83' lang='lat' dir='ltr'><strong>FRAGMENTA</strong></span> <span class='ocrx_word' id='word_1_9' title='bbox 1744 130 1802 169; x_wconf 82' lang='lat' dir='ltr'><strong>iii.</strong></span> <span class='ocrx_word' id='word_1_10' title='bbox 1823 143 1859 183; x_wconf 76' lang='lat'>3..</span> 
     </span>
     <span class='ocr_line' id='line_1_2' title="bbox 117 207 220 238; baseline -0.019 -10"><span class='ocrx_word' id='word_1_11' title='bbox 117 207 158 238; x_wconf 89' lang='lat'>90</span> <span class='ocrx_word' id='word_1_12' title='bbox 214 220 220 226; x_wconf 94' lang='lat'><strong>.</strong></span> 
     </span>
    </p>
   </div>
   <div class='ocr_carea' id='block_1_2' title="bbox 63 237 1862 393">
    <p class='ocr_par' dir='ltr' id='par_1_2' title="bbox 63 237 1862 391">
     <span class='ocr_line' id='line_1_3' title="bbox 63 237 1859 329; baseline -0.004 -33"><span class='ocrx_word' id='word_1_13' title='bbox 63 257 219 329; x_wconf 47' lang='lat' dir='ltr'><strong>{Es-xxix·</strong></span> <span class='ocrx_word' id='word_1_14' title='bbox 283 266 439 307; x_wconf 88' lang='grc' dir='ltr'>μενον.</span> <span class='ocrx_word' id='word_1_15' title='bbox 487 266 562 295; x_wconf 89' lang='grc' dir='ltr'>και</span> <span class='ocrx_word' id='word_1_16' title='bbox 593 250 708 311; x_wconf 90' lang='grc' dir='ltr'>γοῦν</span> <span class='ocrx_word' id='word_1_17' title='bbox 733 244 824 313; x_wconf 90' lang='grc' dir='ltr'>εφη</span> <span class='ocrx_word' id='word_1_18' title='bbox 854 266 947 295; x_wconf 92' lang='grc' dir='ltr'>που</span> <span class='ocrx_word' id='word_1_19' title='bbox 972 241 1094 296; x_wconf 79' lang='grc' dir='ltr'>Θεός</span> <span class='ocrx_word' id='word_1_20' title='bbox 1128 250 1155 272; x_wconf 84' lang='grc'><strong>“</strong></span> <span class='ocrx_word' id='word_1_21' title='bbox 1180 239 1385 307; x_wconf 75' lang='grc' dir='ltr'>Ἐγγίζει</span> <span class='ocrx_word' id='word_1_22' title='bbox 1419 263 1499 303; x_wconf 93' lang='grc' dir='ltr'>μοι</span> <span class='ocrx_word' id='word_1_23' title='bbox 1525 241 1549 290; x_wconf 86' lang='grc' dir='ltr'><strong>ὁ</strong></span> <span class='ocrx_word' id='word_1_24' title='bbox 1577 237 1693 291; x_wconf 91' lang='grc' dir='ltr'>λαος</span> <span class='ocrx_word' id='word_1_25' title='bbox 1726 237 1859 289; x_wconf 80' lang='grc' dir='ltr'>οὗτος</span> 
     </span>
     <span class='ocr_line' id='line_1_4' title="bbox 85 310 1862 393; baseline -0.006 -15"><span class='ocrx_word' id='word_1_26' title='bbox 85 310 114 340; x_wconf 55' lang='lat'>3&#39;</span> <span class='ocrx_word' id='word_1_27' title='bbox 300 329 402 393; x_wconf 52' lang='grc' dir='ltr'>(τῷ</span> <span class='ocrx_word' id='word_1_28' title='bbox 434 325 638 389; x_wconf 86' lang='grc' dir='ltr'>στόματι</span> <span class='ocrx_word' id='word_1_29' title='bbox 670 327 840 388; x_wconf 81' lang='grc' dir='ltr'>αὐτῶν,</span> <span class='ocrx_word' id='word_1_30' title='bbox 871 348 946 376; x_wconf 87' lang='grc' dir='ltr'>και</span> <span class='ocrx_word' id='word_1_31' title='bbox 980 329 1076 378; x_wconf 86' lang='grc' dir='ltr'>τοῖς</span> <span class='ocrx_word' id='word_1_32' title='bbox 1111 324 1322 391; x_wconf 83' lang='grc' dir='ltr'>χείλεσιν</span> <span class='ocrx_word' id='word_1_33' title='bbox 1347 323 1501 373; x_wconf 83' lang='grc' dir='ltr'>αὐτῶν</span> <span class='ocrx_word' id='word_1_34' title='bbox 1527 318 1705 384; x_wconf 78' lang='grc' dir='ltr'>τιμῶσί</span> <span class='ocrx_word' id='word_1_35' title='bbox 1737 340 1807 382; x_wconf 83' lang='grc' dir='ltr'>με,</span> <span class='ocrx_word' id='word_1_36' title='bbox 1834 317 1862 381; x_wconf 83' lang='grc' dir='ltr'>ἡ</span> 
     </span>
    </p>
   </div>
   <div class='ocr_carea' id='block_1_3' title="bbox 62 400 1943 1283">
    <p class='ocr_par' dir='ltr' id='par_1_3' title="bbox 62 400 1943 1283">
     <span class='ocr_line' id='line_1_5' title="bbox 62 400 1865 474; baseline -0.006 -14"><span class='ocrx_word' id='word_1_37' title='bbox 62 419 233 450; x_wconf 32' lang='grc' dir='ltr'>ΒΗΜΜΈῙΙ</span> <span class='ocrx_word' id='word_1_38' title='bbox 285 414 313 436; x_wconf 83' lang='grc'><strong>“</strong></span> <span class='ocrx_word' id='word_1_39' title='bbox 340 407 391 457; x_wconf 80' lang='grc' dir='ltr'>δὲ</span> <span class='ocrx_word' id='word_1_40' title='bbox 417 408 585 474; x_wconf 88' lang='grc' dir='ltr'>καρδια</span> <span class='ocrx_word' id='word_1_41' title='bbox 610 408 763 458; x_wconf 82' lang='grc' dir='ltr'>αὐτῶν</span> <span class='ocrx_word' id='word_1_42' title='bbox 787 405 948 473; x_wconf 87' lang='grc' dir='ltr'>πόρῥω</span> <span class='ocrx_word' id='word_1_43' title='bbox 975 405 1136 472; x_wconf 79' lang='grc' dir='ltr'>ἀπέχει</span> <span class='ocrx_word' id='word_1_44' title='bbox 1164 405 1242 456; x_wconf 82' lang='grc' dir='ltr'>ἀπ</span> <span class='ocrx_word' id='word_1_45' title='bbox 1270 406 1394 468; x_wconf 86' lang='grc' dir='ltr'>ἐμοῦ·</span> <span class='ocrx_word' id='word_1_46' title='bbox 1439 402 1594 467; x_wconf 83' lang='grc' dir='ltr'>μάτην</span> <span class='ocrx_word' id='word_1_47' title='bbox 1621 400 1669 452; x_wconf 83' lang='grc' dir='ltr'>δὲ</span> <span class='ocrx_word' id='word_1_48' title='bbox 1695 400 1865 460; x_wconf 77' lang='grc' dir='ltr'>σέβον-</span> 
     </span>
     <span class='ocr_line' id='line_1_6' title="bbox 63 472 1862 551; baseline -0.005 -10"><span class='ocrx_word' id='word_1_49' title='bbox 63 472 159 503; x_wconf 67' lang='lat' dir='ltr'>w.9.</span> <span class='ocrx_word' id='word_1_50' title='bbox 287 495 314 519; x_wconf 77' lang='lat'>‘⁶</span> <span class='ocrx_word' id='word_1_51' title='bbox 340 489 420 539; x_wconf 88' lang='grc' dir='ltr'>ταί</span> <span class='ocrx_word' id='word_1_52' title='bbox 452 512 510 551; x_wconf 88' lang='grc' dir='ltr'>με</span> <span class='ocrx_word' id='word_1_53' title='bbox 550 488 852 541; x_wconf 78' lang='grc' dir='ltr'>διδάσκοντες</span> <span class='ocrx_word' id='word_1_54' title='bbox 892 487 1204 540; x_wconf 80' lang='grc' dir='ltr'>διδασκαλίας</span> <span class='ocrx_word' id='word_1_55' title='bbox 1242 485 1513 549; x_wconf 83' lang='grc' dir='ltr'>ἐντάλματα</span> <span class='ocrx_word' id='word_1_56' title='bbox 1557 481 1862 548; x_wconf 81' lang='grc' dir='ltr'>ἀνθρώπων-”</span> 
     </span>
     <span class='ocr_line' id='line_1_7' title="bbox 286 562 1908 636; baseline -0.006 -15"><span class='ocrx_word' id='word_1_57' title='bbox 286 572 311 621; x_wconf 85' lang='grc' dir='ltr'><strong>ὁ</strong></span> <span class='ocrx_word' id='word_1_58' title='bbox 338 569 386 620; x_wconf 82' lang='grc' dir='ltr'>δὲ</span> <span class='ocrx_word' id='word_1_59' title='bbox 416 569 589 636; x_wconf 84' lang='grc' dir='ltr'>Κύριος</span> <span class='ocrx_word' id='word_1_60' title='bbox 614 570 747 634; x_wconf 84' lang='grc' dir='ltr'>ἡμῶν</span> <span class='ocrx_word' id='word_1_61' title='bbox 770 570 957 633; x_wconf 85' lang='grc' dir='ltr'>Ἰησοῦς</span> <span class='ocrx_word' id='word_1_62' title='bbox 983 566 1197 634; x_wconf 80' lang='grc' dir='ltr'>Χριστὸς</span> <span class='ocrx_word' id='word_1_63' title='bbox 1224 568 1262 618; x_wconf 78' lang='grc' dir='ltr'>ἐν</span> <span class='ocrx_word' id='word_1_64' title='bbox 1289 567 1438 635; x_wconf 65' lang='grc' dir='ltr'>πλαξι</span> <span class='ocrx_word' id='word_1_65' title='bbox 1479 562 1667 635; x_wconf 60' lang='grc' dir='ltr'>καρδίαις</span> <span class='ocrx_word' id='word_1_66' title='bbox 1703 565 1859 632; x_wconf 76' lang='grc' dir='ltr'>σαρκί·</span> <span class='ocrx_word' id='word_1_67' title='bbox 1887 572 1908 610; x_wconf 90' lang='grc'>5</span> 
     </span>
     <span class='ocr_line' id='line_1_8' title="bbox 287 644 1867 714; baseline -0.003 -13"><span class='ocrx_word' id='word_1_68' title='bbox 287 674 396 709; x_wconf 76' lang='grc' dir='ltr'>ναις,</span> <span class='ocrx_word' id='word_1_69' title='bbox 448 650 691 701; x_wconf 78' lang='grc' dir='ltr'>τουτέστιν</span> <span class='ocrx_word' id='word_1_70' title='bbox 736 654 1042 714; x_wconf 81' lang='grc' dir='ltr'>αἱσθητικαΐς,</span> <span class='ocrx_word' id='word_1_71' title='bbox 1091 648 1199 702; x_wconf 81' lang='grc' dir='ltr'>τοῦς</span> <span class='ocrx_word' id='word_1_72' title='bbox 1251 647 1395 714; x_wconf 80' lang='grc' dir='ltr'>ἱεροὺς</span> <span class='ocrx_word' id='word_1_73' title='bbox 1447 647 1556 711; x_wconf 85' lang='grc' dir='ltr'>ἡμῖν</span> <span class='ocrx_word' id='word_1_74' title='bbox 1599 647 1674 697; x_wconf 79' lang='grc' dir='ltr'>καὶ</span> <span class='ocrx_word' id='word_1_75' title='bbox 1719 644 1867 697; x_wconf 89' lang='grc' dir='ltr'>θείους</span> 
     </span>
     <span class='ocr_line' id='line_1_9' title="bbox 286 724 1866 801; baseline -0.005 -18"><span class='ocrx_word' id='word_1_76' title='bbox 286 731 511 801; x_wconf 81' lang='grc' dir='ltr'>ἐγγράφει</span> <span class='ocrx_word' id='word_1_77' title='bbox 539 731 720 795; x_wconf 87' lang='grc' dir='ltr'>νόμους·</span> <span class='ocrx_word' id='word_1_78' title='bbox 761 730 999 798; x_wconf 85' lang='grc' dir='ltr'>τοιγάρτοι</span> <span class='ocrx_word' id='word_1_79' title='bbox 1025 734 1099 781; x_wconf 89' lang='grc' dir='ltr'>καὶ</span> <span class='ocrx_word' id='word_1_80' title='bbox 1126 729 1336 799; x_wconf 80' lang='grc' dir='ltr'>ἔφασκεν</span> <span class='ocrx_word' id='word_1_81' title='bbox 1362 728 1437 780; x_wconf 74' lang='grc' dir='ltr'>διὰ</span> <span class='ocrx_word' id='word_1_82' title='bbox 1464 730 1624 796; x_wconf 83' lang='grc' dir='ltr'>φωνῆς</span> <span class='ocrx_word' id='word_1_83' title='bbox 1647 724 1866 793; x_wconf 76' lang='grc' dir='ltr'>Ἰεζεκιὴλ</span> 
     </span>
     <span class='ocr_line' id='line_1_10' title="bbox 66 807 1866 883; baseline -0.004 -16"><span class='ocrx_word' id='word_1_84' title='bbox 66 829 227 861; x_wconf 73' lang='lat' dir='ltr'>Ezek.x³-</span> <span class='ocrx_word' id='word_1_85' title='bbox 288 820 370 865; x_wconf 88' lang='grc' dir='ltr'>τοῦ</span> <span class='ocrx_word' id='word_1_86' title='bbox 419 814 669 883; x_wconf 84' lang='grc' dir='ltr'>προφήτου</span> <span class='ocrx_word' id='word_1_87' title='bbox 720 821 748 843; x_wconf 79' lang='grc'><strong>“</strong></span> <span class='ocrx_word' id='word_1_88' title='bbox 771 815 865 865; x_wconf 79' lang='grc' dir='ltr'>Καὶ</span> <span class='ocrx_word' id='word_1_89' title='bbox 915 811 1146 863; x_wconf 80' lang='grc' dir='ltr'>ἐκσπάσω</span> <span class='ocrx_word' id='word_1_90' title='bbox 1196 811 1283 875; x_wconf 86' lang='grc' dir='ltr'>τὴν</span> <span class='ocrx_word' id='word_1_91' title='bbox 1334 811 1528 877; x_wconf 82' lang='grc' dir='ltr'>καρδίαν</span> <span class='ocrx_word' id='word_1_92' title='bbox 1579 810 1732 860; x_wconf 82' lang='grc' dir='ltr'>αὐτῶν</span> <span class='ocrx_word' id='word_1_93' title='bbox 1781 807 1866 872; x_wconf 87' lang='grc' dir='ltr'>τὴν</span> 
     </span>
     <span class='ocr_line' id='line_1_11' title="bbox 70 882 1868 962; baseline -0.004 -14"><span class='ocrx_word' id='word_1_94' title='bbox 70 882 183 915; x_wconf 39' lang='lat'>¹9⁷²&amp;</span> <span class='ocrx_word' id='word_1_95' title='bbox 289 903 316 926; x_wconf 75' lang='lat'>‘⁶</span> <span class='ocrx_word' id='word_1_96' title='bbox 340 897 526 959; x_wconf 88' lang='grc' dir='ltr'>λιθίνην</span> <span class='ocrx_word' id='word_1_97' title='bbox 559 898 609 947; x_wconf 87' lang='grc' dir='ltr'>ἐκ</span> <span class='ocrx_word' id='word_1_98' title='bbox 641 899 724 960; x_wconf 83' lang='grc' dir='ltr'>τῆς</span> <span class='ocrx_word' id='word_1_99' title='bbox 764 894 943 962; x_wconf 79' lang='grc' dir='ltr'>σαρκὸς</span> <span class='ocrx_word' id='word_1_100' title='bbox 984 895 1137 945; x_wconf 80' lang='grc' dir='ltr'>αὐτῶν</span> <span class='ocrx_word' id='word_1_101' title='bbox 1180 895 1255 943; x_wconf 80' lang='grc' dir='ltr'>καὶ</span> <span class='ocrx_word' id='word_1_102' title='bbox 1297 892 1439 944; x_wconf 79' lang='grc' dir='ltr'>δώσω</span> <span class='ocrx_word' id='word_1_103' title='bbox 1480 892 1635 945; x_wconf 78' lang='grc' dir='ltr'>αὐτοῖς</span> <span class='ocrx_word' id='word_1_104' title='bbox 1674 891 1868 956; x_wconf 87' lang='grc' dir='ltr'>καρδίαν</span> 
     </span>
     <span class='ocr_line' id='line_1_12' title="bbox 288 971 1943 1044; baseline -0.005 -15"><span class='ocrx_word' id='word_1_105' title='bbox 288 985 316 1008; x_wconf 83' lang='grc'><strong>“</strong></span> <span class='ocrx_word' id='word_1_106' title='bbox 341 978 586 1044; x_wconf 89' lang='grc' dir='ltr'>σαρκίνην,</span> <span class='ocrx_word' id='word_1_107' title='bbox 627 977 753 1031; x_wconf 81' lang='grc' dir='ltr'>ὅπως</span> <span class='ocrx_word' id='word_1_108' title='bbox 791 978 839 1028; x_wconf 87' lang='grc' dir='ltr'>ἐν</span> <span class='ocrx_word' id='word_1_109' title='bbox 876 981 971 1029; x_wconf 80' lang='grc' dir='ltr'>τοῖς</span> <span class='ocrx_word' id='word_1_110' title='bbox 1010 974 1360 1041; x_wconf 86' lang='grc' dir='ltr'>προστάγμασί</span> <span class='ocrx_word' id='word_1_111' title='bbox 1404 997 1495 1038; x_wconf 92' lang='grc' dir='ltr'>μου</span> <span class='ocrx_word' id='word_1_112' title='bbox 1531 971 1866 1039; x_wconf 86' lang='grc' dir='ltr'>πορεύωνται.”</span> <span class='ocrx_word' id='word_1_113' title='bbox 1894 986 1943 1012; x_wconf 89' lang='lat'>10</span> 
     </span>
     <span class='ocr_line' id='line_1_13' title="bbox 290 1054 1871 1123; baseline -0.005 -12"><span class='ocrx_word' id='word_1_114' title='bbox 290 1060 332 1111; x_wconf 77' lang='grc' dir='ltr'>εἴ</span> <span class='ocrx_word' id='word_1_115' title='bbox 363 1083 433 1114; x_wconf 85' lang='grc' dir='ltr'>τις</span> <span class='ocrx_word' id='word_1_116' title='bbox 468 1061 548 1111; x_wconf 81' lang='grc' dir='ltr'>οὖν</span> <span class='ocrx_word' id='word_1_117' title='bbox 574 1061 628 1110; x_wconf 80' lang='grc' dir='ltr'>οὐ</span> <span class='ocrx_word' id='word_1_118' title='bbox 658 1064 758 1113; x_wconf 85' lang='grc' dir='ltr'>ταῖς</span> <span class='ocrx_word' id='word_1_119' title='bbox 791 1058 866 1109; x_wconf 79' lang='grc' dir='ltr'>διὰ</span> <span class='ocrx_word' id='word_1_120' title='bbox 895 1057 1114 1111; x_wconf 83' lang='grc' dir='ltr'>Μωσέως</span> <span class='ocrx_word' id='word_1_121' title='bbox 1147 1056 1542 1123; x_wconf 83' lang='grc' dir='ltr'>προσερήρεισται</span> <span class='ocrx_word' id='word_1_122' title='bbox 1571 1058 1739 1116; x_wconf 84' lang='grc' dir='ltr'>σκιαῖς,</span> <span class='ocrx_word' id='word_1_123' title='bbox 1767 1054 1871 1104; x_wconf 80' lang='grc' dir='ltr'>οὕτε</span> 
     </span>
     <span class='ocr_line' id='line_1_14' title="bbox 289 1134 1869 1210; baseline -0.005 -17"><span class='ocrx_word' id='word_1_124' title='bbox 289 1140 382 1206; x_wconf 85' lang='grc' dir='ltr'>μὴν</span> <span class='ocrx_word' id='word_1_125' title='bbox 408 1140 568 1210; x_wconf 69' lang='grc' dir='ltr'>μέλανι</span> <span class='ocrx_word' id='word_1_126' title='bbox 607 1140 933 1207; x_wconf 77' lang='grc' dir='ltr'>γεγραμμένον</span> <span class='ocrx_word' id='word_1_127' title='bbox 965 1139 1057 1206; x_wconf 78' lang='grc' dir='ltr'>ἔχει</span> <span class='ocrx_word' id='word_1_128' title='bbox 1090 1138 1172 1189; x_wconf 80' lang='grc' dir='ltr'>τὸν</span> <span class='ocrx_word' id='word_1_129' title='bbox 1207 1137 1351 1201; x_wconf 85' lang='grc' dir='ltr'>νόμον</span> <span class='ocrx_word' id='word_1_130' title='bbox 1377 1140 1439 1192; x_wconf 82' lang='grc' dir='ltr'>ὡς</span> <span class='ocrx_word' id='word_1_131' title='bbox 1476 1138 1523 1187; x_wconf 86' lang='grc' dir='ltr'>ἐν</span> <span class='ocrx_word' id='word_1_132' title='bbox 1548 1135 1702 1204; x_wconf 76' lang='grc' dir='ltr'>πλαξὶ</span> <span class='ocrx_word' id='word_1_133' title='bbox 1742 1134 1869 1185; x_wconf 88' lang='grc' dir='ltr'>λιθί-</span> 
     </span>
     <span class='ocr_line' id='line_1_15' title="bbox 293 1216 1874 1283; baseline -0.004 -9"><span class='ocrx_word' id='word_1_134' title='bbox 293 1246 407 1281; x_wconf 89' lang='grc' dir='ltr'>ναις,</span> <span class='ocrx_word' id='word_1_135' title='bbox 444 1223 554 1273; x_wconf 83' lang='grc' dir='ltr'>ἀλλ’</span> <span class='ocrx_word' id='word_1_136' title='bbox 600 1226 662 1276; x_wconf 80' lang='grc' dir='ltr'>εἰς</span> <span class='ocrx_word' id='word_1_137' title='bbox 708 1228 817 1273; x_wconf 84' lang='grc' dir='ltr'>νοῦν</span> <span class='ocrx_word' id='word_1_138' title='bbox 859 1221 955 1272; x_wconf 77' lang='grc' dir='ltr'>ε”σω</span> <span class='ocrx_word' id='word_1_139' title='bbox 997 1220 1074 1271; x_wconf 85' lang='grc' dir='ltr'>διὰ</span> <span class='ocrx_word' id='word_1_140' title='bbox 1114 1225 1197 1270; x_wconf 88' lang='grc' dir='ltr'>τοῦ</span> <span class='ocrx_word' id='word_1_141' title='bbox 1240 1218 1530 1283; x_wconf 87' lang='grc' dir='ltr'>Πνεύματος,</span> <span class='ocrx_word' id='word_1_142' title='bbox 1570 1216 1704 1270; x_wconf 82' lang='grc' dir='ltr'>οῦτός</span> <span class='ocrx_word' id='word_1_143' title='bbox 1743 1218 1874 1267; x_wconf 86' lang='grc' dir='ltr'>ἐστιν</span> 
     </span>
    </p>
   </div>
   <div class='ocr_carea' id='block_1_4' title="bbox 70 1298 1612 1396">
    <p class='ocr_par' dir='ltr' id='par_1_4' title="bbox 70 1298 1612 1396">
     <span class='ocr_line' id='line_1_16' title="bbox 77 1298 1612 1374; baseline -0.006 -15"><span class='ocrx_word' id='word_1_144' title='bbox 77 1320 185 1361; x_wconf 75' lang='lat' dir='ltr'>Supra</span> <span class='ocrx_word' id='word_1_145' title='bbox 197 1329 265 1349; x_wconf 78' lang='lat' dir='ltr'><strong>ver.</strong></span> <span class='ocrx_word' id='word_1_146' title='bbox 292 1303 505 1365; x_wconf 59' lang='grc' dir='ltr'>ἐπιστολὴ</span> <span class='ocrx_word' id='word_1_147' title='bbox 532 1306 713 1374; x_wconf 77' lang='grc' dir='ltr'>Χριστοῦ</span> <span class='ocrx_word' id='word_1_148' title='bbox 738 1302 1034 1371; x_wconf 71' lang='grc' dir='ltr'>γινωσκομένη</span> <span class='ocrx_word' id='word_1_149' title='bbox 1060 1301 1144 1353; x_wconf 63' lang='grc' dir='ltr'>ὑπὶ</span> <span class='ocrx_word' id='word_1_150' title='bbox 1176 1299 1350 1352; x_wconf 75' lang='grc' dir='ltr'>πάντων</span> <span class='ocrx_word' id='word_1_151' title='bbox 1376 1298 1612 1369; x_wconf 68' lang='grc' dir='ltr'>ἀνθρώπων.</span> 
     </span>
     <span class='ocr_line' id='line_1_17' title="bbox 70 1374 102 1396; baseline 0.063 -2"><span class='ocrx_word' id='word_1_152' title='bbox 70 1374 102 1396; x_wconf 77' lang='lat'>2·</span> 
     </span>
    </p>
   </div>
   <div class='ocr_carea' id='block_1_5' title="bbox 292 1435 1877 1718">
    <p class='ocr_par' dir='ltr' id='par_1_5' title="bbox 292 1435 1877 1718">
     <span class='ocr_line' id='line_1_18' title="bbox 340 1435 1875 1484; baseline -0.001 -11"><span class='ocrx_word' id='word_1_153' title='bbox 340 1448 373 1482; x_wconf 89' lang='grc'>5.</span> <span class='ocrx_word' id='word_1_154' title='bbox 396 1439 488 1483; x_wconf 81' lang='grc' dir='ltr'>ἡμῶν</span> <span class='ocrx_word' id='word_1_155' title='bbox 504 1445 537 1473; x_wconf 87' lang='lat' dir='ltr'>et</span> <span class='ocrx_word' id='word_1_156' title='bbox 554 1439 703 1482; x_wconf 85' lang='grc' dir='ltr'>Χριστὸς</span> <span class='ocrx_word' id='word_1_157' title='bbox 719 1450 790 1474; x_wconf 91' lang='lat' dir='ltr'>om.</span> <span class='ocrx_word' id='word_1_158' title='bbox 809 1438 857 1473; x_wconf 91' lang='lat' dir='ltr'>H.</span> <span class='ocrx_word' id='word_1_159' title='bbox 923 1439 1072 1484; x_wconf 82' lang='grc' dir='ltr'>καρδίαις</span> <span class='ocrx_word' id='word_1_160' title='bbox 1089 1449 1152 1484; x_wconf 87' lang='lat' dir='ltr'>pro</span> <span class='ocrx_word' id='word_1_161' title='bbox 1169 1437 1276 1480; x_wconf 80' lang='grc' dir='ltr'>πλαξὶ</span> <span class='ocrx_word' id='word_1_162' title='bbox 1294 1436 1429 1481; x_wconf 84' lang='grc' dir='ltr'>καρδίας</span> <span class='ocrx_word' id='word_1_163' title='bbox 1448 1436 1496 1471; x_wconf 91' lang='grc' dir='ltr'>Η.</span> <span class='ocrx_word' id='word_1_164' title='bbox 1548 1435 1671 1470; x_wconf 79' lang='lat' dir='ltr'>Statim</span> <span class='ocrx_word' id='word_1_165' title='bbox 1689 1435 1875 1481; x_wconf 80' lang='grc' dir='ltr'>τρυφέραις</span> 
     </span>
     <span class='ocr_line' id='line_1_19' title="bbox 292 1481 1804 1531; baseline -0.003 -11"><span class='ocrx_word' id='word_1_166' title='bbox 292 1501 346 1521; x_wconf 89' lang='grc' dir='ltr'>και</span> <span class='ocrx_word' id='word_1_167' title='bbox 364 1498 426 1531; x_wconf 87' lang='lat' dir='ltr'>pro</span> <span class='ocrx_word' id='word_1_168' title='bbox 444 1500 618 1529; x_wconf 86' lang='grc' dir='ltr'>σαρκιναις</span> <span class='ocrx_word' id='word_1_169' title='bbox 634 1485 809 1520; x_wconf 84' lang='grc' dir='ltr'>τουτέστιν</span> <span class='ocrx_word' id='word_1_170' title='bbox 827 1485 876 1519; x_wconf 90' lang='lat' dir='ltr'>H.</span> <span class='ocrx_word' id='word_1_171' title='bbox 1164 1492 1209 1528; x_wconf 88' lang='lat'>7-</span> <span class='ocrx_word' id='word_1_172' title='bbox 1214 1495 1266 1518; x_wconf 92' lang='lat'>10.</span> <span class='ocrx_word' id='word_1_173' title='bbox 1291 1481 1716 1528; x_wconf 81' lang='grc' dir='ltr'>τοιγάρτοι--πορεύωνται</span> <span class='ocrx_word' id='word_1_174' title='bbox 1733 1494 1804 1516; x_wconf 88' lang='lat' dir='ltr'><strong>orn.</strong></span> 
     </span>
     <span class='ocr_line' id='line_1_20' title="bbox 296 1529 1874 1577; baseline -0.003 -10"><span class='ocrx_word' id='word_1_175' title='bbox 296 1544 362 1567; x_wconf 90' lang='lat'>11-</span> <span class='ocrx_word' id='word_1_176' title='bbox 368 1544 420 1577; x_wconf 82' lang='lat'>13.</span> <span class='ocrx_word' id='word_1_177' title='bbox 447 1531 769 1576; x_wconf 78' lang='grc' dir='ltr'>ταῖς-πνευματος]</span> <span class='ocrx_word' id='word_1_178' title='bbox 789 1532 908 1576; x_wconf 82' lang='grc' dir='ltr'>μέλανι</span> <span class='ocrx_word' id='word_1_179' title='bbox 926 1532 980 1566; x_wconf 81' lang='grc' dir='ltr'>διὰ</span> <span class='ocrx_word' id='word_1_180' title='bbox 996 1534 1063 1566; x_wconf 85' lang='grc' dir='ltr'>τῶν</span> <span class='ocrx_word' id='word_1_181' title='bbox 1079 1531 1221 1576; x_wconf 82' lang='grc' dir='ltr'>μωσέως</span> <span class='ocrx_word' id='word_1_182' title='bbox 1238 1534 1343 1565; x_wconf 86' lang='grc' dir='ltr'>σκιῶν</span> <span class='ocrx_word' id='word_1_183' title='bbox 1359 1530 1451 1564; x_wconf 83' lang='grc' dir='ltr'>ἀλλὰ</span> <span class='ocrx_word' id='word_1_184' title='bbox 1476 1544 1522 1565; x_wconf 84' lang='grc' dir='ltr'>εις</span> <span class='ocrx_word' id='word_1_185' title='bbox 1547 1532 1624 1563; x_wconf 83' lang='grc' dir='ltr'>νοῦν</span> <span class='ocrx_word' id='word_1_186' title='bbox 1640 1530 1710 1564; x_wconf 67' lang='grc' dir='ltr'>ἔσω</span> <span class='ocrx_word' id='word_1_187' title='bbox 1736 1529 1790 1562; x_wconf 80' lang='grc' dir='ltr'>διὰ</span> <span class='ocrx_word' id='word_1_188' title='bbox 1814 1531 1874 1563; x_wconf 88' lang='grc' dir='ltr'>τοῦ</span> 
     </span>
     <span class='ocr_line' id='line_1_21' title="bbox 292 1574 1875 1638; baseline -0.003 -25"><span class='ocrx_word' id='word_1_189' title='bbox 292 1594 480 1622; x_wconf 83' lang='grc' dir='ltr'>πνευματος</span> <span class='ocrx_word' id='word_1_190' title='bbox 497 1580 584 1638; x_wconf 81' lang='grc' dir='ltr'>ἕχει</span> <span class='ocrx_word' id='word_1_191' title='bbox 584 1578 723 1614; x_wconf 80' lang='grc' dir='ltr'>τούτους</span> <span class='ocrx_word' id='word_1_192' title='bbox 739 1593 991 1624; x_wconf 68' lang='grc' dir='ltr'>’γεγραμμενους</span> <span class='ocrx_word' id='word_1_193' title='bbox 1011 1578 1059 1612; x_wconf 87' lang='lat' dir='ltr'>H.</span> <span class='ocrx_word' id='word_1_194' title='bbox 1283 1588 1336 1618; x_wconf 88' lang='lat'>14.</span> <span class='ocrx_word' id='word_1_195' title='bbox 1362 1574 1562 1622; x_wconf 82' lang='grc' dir='ltr'>ἀνθρώπων]</span> <span class='ocrx_word' id='word_1_196' title='bbox 1583 1575 1679 1610; x_wconf 81' lang='lat' dir='ltr'>addit</span> <span class='ocrx_word' id='word_1_197' title='bbox 1696 1575 1793 1609; x_wconf 80' lang='grc' dir='ltr'>ουδέν</span> <span class='ocrx_word' id='word_1_198' title='bbox 1809 1576 1875 1621; x_wconf 81' lang='grc' dir='ltr'>γάρ</span> 
     </span>
     <span class='ocr_line' id='line_1_22' title="bbox 294 1623 1877 1671; baseline -0.003 -11"><span class='ocrx_word' id='word_1_199' title='bbox 294 1627 390 1661; x_wconf 84' lang='grc' dir='ltr'>ἐστιν</span> <span class='ocrx_word' id='word_1_200' title='bbox 406 1627 552 1671; x_wconf 86' lang='grc' dir='ltr'>κρυπτὸν</span> <span class='ocrx_word' id='word_1_201' title='bbox 570 1624 587 1659; x_wconf 82' lang='grc' dir='ltr'><strong><em>ὃ</em></strong></span> <span class='ocrx_word' id='word_1_202' title='bbox 605 1640 643 1660; x_wconf 89' lang='grc' dir='ltr'>ου</span> <span class='ocrx_word' id='word_1_203' title='bbox 660 1626 704 1669; x_wconf 89' lang='grc' dir='ltr'>μὴ</span> <span class='ocrx_word' id='word_1_204' title='bbox 722 1626 872 1670; x_wconf 84' lang='grc' dir='ltr'>γνωσθῆ·</span> <span class='ocrx_word' id='word_1_205' title='bbox 907 1626 1058 1669; x_wconf 82' lang='grc' dir='ltr'>Χριστὸς</span> <span class='ocrx_word' id='word_1_206' title='bbox 1073 1625 1139 1669; x_wconf 83' lang='grc' dir='ltr'>γὰρ</span> <span class='ocrx_word' id='word_1_207' title='bbox 1156 1624 1234 1660; x_wconf 87' lang='grc' dir='ltr'>τοὺς</span> <span class='ocrx_word' id='word_1_208' title='bbox 1255 1638 1426 1658; x_wconf 85' lang='grc' dir='ltr'>τοιουτους</span> <span class='ocrx_word' id='word_1_209' title='bbox 1449 1623 1616 1666; x_wconf 85' lang='grc' dir='ltr'>στεφανοῖ</span> <span class='ocrx_word' id='word_1_210' title='bbox 1641 1623 1694 1657; x_wconf 86' lang='grc' dir='ltr'>καὶ</span> <span class='ocrx_word' id='word_1_211' title='bbox 1718 1623 1793 1667; x_wconf 83' lang='grc' dir='ltr'>φῶς</span> <span class='ocrx_word' id='word_1_212' title='bbox 1817 1624 1877 1656; x_wconf 84' lang='grc' dir='ltr'>τοῦ</span> 
     </span>
     <span class='ocr_line' id='line_1_23' title="bbox 296 1670 1564 1718; baseline -0.002 -11"><span class='ocrx_word' id='word_1_213' title='bbox 296 1675 425 1717; x_wconf 85' lang='grc' dir='ltr'>κόσμου</span> <span class='ocrx_word' id='word_1_214' title='bbox 443 1672 626 1716; x_wconf 86' lang='grc' dir='ltr'>καθίστησι</span> <span class='ocrx_word' id='word_1_215' title='bbox 643 1687 696 1707; x_wconf 92' lang='grc' dir='ltr'>και</span> <span class='ocrx_word' id='word_1_216' title='bbox 713 1674 771 1717; x_wconf 85' lang='grc' dir='ltr'>τῆς</span> <span class='ocrx_word' id='word_1_217' title='bbox 787 1671 983 1718; x_wconf 82' lang='grc' dir='ltr'>ἁπανταχοῦ</span> <span class='ocrx_word' id='word_1_218' title='bbox 999 1672 1060 1718; x_wconf 82' lang='grc' dir='ltr'>γῆς</span> <span class='ocrx_word' id='word_1_219' title='bbox 1078 1671 1259 1717; x_wconf 83' lang='grc' dir='ltr'>ἀποφαίνει</span> <span class='ocrx_word' id='word_1_220' title='bbox 1276 1670 1564 1716; x_wconf 77' lang='grc' dir='ltr'>γνωριμωτάτους.</span> 
     </span>
    </p>
   </div>
  </div>
 </body>
</html>
