2017 3252
347 135 430 175 582
781 134 828 175 B.
863 133 1109 174 CYRILLI
1152 132 1496 174 ALEXANDR.

344 241 373 305 ἢ
401 243 543 292 ἐκεῖνο
570 242 728 310 φάναι,
754 241 823 292 ὅτι
858 240 1091 305 ποσότητι
1126 240 1353 306 μετρητός
1381 241 1496 302 ἐστι,
1524 242 1600 291 καὶ
1636 240 1931 307 περιληπτὴν

346 323 438 389 ε”χει
477 322 562 386 τὴν
598 323 761 390 φύσιν,
789 325 864 373 καὶ
902 325 950 374 ἐν
985 322 1115 391 τόπῳ
1159 322 1282 385 με’νει
1324 321 1446 372 καθὰ
1492 324 1567 373 καὶ
1614 321 1673 372 τὰ
1716 321 1931 384 σώματα,

346 405 492 470 ἤγουν
526 405 585 456 τὰ
621 405 752 470 ἕτερα
787 409 881 455 τῶν
916 403 1204 466 κτισμάτων.
1257 401 1501 469 ἠγνόησαν
1539 403 1587 453 δὲ
1625 403 1741 457 ἰ’σως
1775 403 1845 454 ὅτι
1878 402 1932 453 τὸ

346 491 470 537 θεῖον
508 485 764 549 ἀσώματόν
802 489 947 547 ἐστιν,
982 485 1359 552 ἀσχημάτιστον,
1395 483 1574 549 ἀμερὲς,
1615 485 1669 535 οὐ
1702 483 1932 548 ποσότητι

121 592 209 626 389
231 591 280 625 Α,
306 600 327 624 a
345 567 591 633 μετρητὸν,
630 568 684 618 οὐ
718 568 849 636 τόπῳ
879 567 1303 634 περιγραφόμενον,
1341 565 1471 616 ἀλλά
1504 571 1720 632 πληροῦν
1756 565 1840 629 μὲν
1873 564 1931 616 τὰ
1951 587 1973 625 5

344 648 499 701 πάντα
539 651 614 699 καὶ
651 650 700 699 ἐν
725 653 876 699 πᾶσιν
901 646 967 711 ὃν,
995 647 1241 715 ἀχώρητον
1267 645 1321 698 ὃν
1359 649 1458 698 κατ’
1488 647 1608 698 ἰδίαν
1634 647 1800 715 φύσιν.
1853 647 1930 712 γε’-

120 737 263 810 {jx-Skxviii
346 754 552 797 γραπται
583 729 677 796 γὰρ
713 729 783 781 ὅτι
822 737 849 760 “
872 734 977 781 Ποῦ
1014 733 1229 796 πορευθῶ
1269 728 1363 780 ἀπὸ
1402 734 1486 780 τοῦ
1524 728 1786 791 πνεύματος
1825 734 1931 791 σοῦ,

122 831 215 863 7-10.
266 805 273 812 ¹
346 820 373 842 ‘⁶
399 815 474 863 καὶ
508 811 602 863 ἀπὸ
636 818 718 863 τοῦ
753 811 1015 877 προσώπου
1056 833 1148 861 σου
1186 816 1279 861 ποῦ
1315 810 1484 876 φύγω,
1545 809 1625 860 ἐὰν
1667 811 1830 870 ἀναβῶ
1869 813 1930 863 εἷς

345 902 372 925 “
399 894 480 945 τὸν
506 892 716 959 οὐρανὸν,
744 892 807 944 σι)
834 895 928 944 ἐκεῖ
948 891 1002 943 εἶ·
1057 891 1137 943 ἐὰν
1176 896 1371 952 καταβῶ
1403 896 1465 944 εἷς
1495 891 1579 942 τὸν
1614 889 1746 959 ᾅδην,
1776 895 1929 957 παρεῖ·

344 983 371 1005 “
397 975 476 1026 ἐὰν
502 975 791 1037 ἀναλάβοιμι
822 974 906 1028 τὰς
943 973 1179 1040 πτέρυγάς
1217 997 1308 1037 μου
1336 975 1435 1023 κατ’
1465 973 1636 1040 ὄρθρον
1675 975 1748 1024 καὶ
1790 995 1931 1024 κατα-
1955 1001 2001 1025 10

345 1065 372 1086 “
398 1057 636 1120 σκηνώσω
664 1060 724 1110 εἷς
750 1055 809 1106 τὰ
836 1056 1018 1123 ἔσχατα
1043 1059 1125 1119 τῆς
1152 1055 1424 1118 θαλάσσης,
1446 1059 1521 1105 καὶ
1545 1055 1639 1120 γὰρ
1665 1055 1805 1118 ἐκεΐὴ
1832 1054 1933 1121 χείρ

346 1146 373 1168 “
401 1161 493 1188 σου
540 1137 767 1202 ὁδηγήσει
808 1139 910 1200 με,”
963 1137 1051 1188 ε”δει
1093 1137 1249 1188 τοίνυν
1293 1135 1458 1189 αὐτοὺς
1508 1137 1591 1187 οὐκ
1634 1135 1692 1204 ἐξ
1731 1135 1933 1198 ἀμαθίας

347 1224 590 1285 προπετεῖς
627 1219 902 1285 ἐρεύγεσθαι
944 1219 1117 1287 φωνὰς,
1151 1217 1262 1268 ἀλλ’
1302 1220 1474 1269 ἐννοεῖν
1515 1215 1589 1268 οἷά
1631 1241 1679 1267 τε
1721 1219 1796 1267 καὶ
1838 1216 1931 1282 ὅση

299 1312 325 1352 b
346 1303 421 1352 καὶ
446 1302 494 1351 ἐν
519 1301 645 1352 τίσιν
666 1302 915 1367 ὑπεροχαῖς
941 1301 968 1364 ἡ
996 1301 1096 1351 θεία
1123 1302 1197 1350 καὶ
1225 1299 1542 1365 ὑπερμεγέθης
1567 1300 1642 1349 καὶ
1668 1298 1931 1365 ἀπόῤῥητός

344 1385 447 1434 ἐστι
484 1388 567 1433 τοῦ
595 1386 720 1433 Θεοῦ
759 1383 922 1451 φύσις.
975 1381 1089 1432 πότε
1125 1381 1217 1447 γὰρ
1246 1382 1270 1431 ὁ
1299 1379 1420 1434 Θεὸς
1446 1379 1603 1446 Λόγος
1637 1380 1822 1443 ἀπέστη
1848 1385 1931 1430 τοῦ
1953 1407 1999 1444 15

344 1463 458 1515 εἶναι
496 1463 615 1527 μετὰ
651 1469 733 1514 τοῦ
761 1462 953 1529 Πατρὸς
979 1461 1007 1526 ἦ
1035 1468 1117 1513 τοῦ
1156 1465 1204 1513 ἐν
1232 1463 1357 1531 αὐτῷ
1382 1461 1565 1525 με’νειν;
1607 1465 1644 1512 εἱ
1683 1460 1775 1527 γὰρ
1803 1460 1924 1512 ε’νδέ-

343 1568 475 1614 χεται
512 1551 596 1596 τοῦ
636 1543 795 1613 φωτὸς
833 1547 1048 1596 ἐκπεσεῖν
1092 1547 1168 1595 καὶ
1209 1546 1501 1612 χωρισθῆναι
1540 1543 1593 1593 τὸ
1632 1542 1930 1608 ἀπαύγασμα

343 1628 398 1678 τὸ
437 1628 515 1679 ἀπ’
544 1628 706 1690 αὐτοῦ,
737 1625 794 1691 ἧν
820 1625 878 1677 ἂν
905 1625 1024 1680 εἰκὸς
1065 1627 1283 1689 ἐννοῆσαι
1323 1624 1394 1676 ὅτι
1433 1627 1508 1676 καὶ
1544 1624 1627 1676 τὸν
1652 1624 1771 1675 Υἱὸν
1801 1624 1926 1675 ἐνδέ-

345 1732 476 1776 χεται
514 1708 578 1772 μὴ
620 1707 734 1759 εἶναι
772 1707 891 1772 μετὰ
931 1713 1014 1759 τοῦ
1054 1706 1260 1774 Πατρός.
1322 1711 1423 1760 πῶς
1467 1705 1515 1756 δὲ
1554 1707 1638 1756 οὐκ
1676 1704 1931 1769 ἐνενόησαν

345 1792 416 1842 ὅτι
460 1789 655 1857 γενητὸς
696 1789 760 1840 ὢν
802 1791 827 1840 ὁ
869 1789 1017 1854 ἥλιος·
1066 1789 1245 1851 κτίσμα
1286 1788 1379 1854 γάρ
1420 1790 1523 1838 ἐστι
1566 1789 1621 1838 δι’
1667 1789 1807 1838 αὐτοῦ
1848 1792 1930 1838 τοῦ
1951 1812 2000 1836 20

346 1872 509 1938 Λόγου
550 1873 849 1938 παρενεχθεὶς
889 1875 952 1925 εἰς
991 1869 1188 1936 γένεσιν·
1241 1870 1414 1936 διέρπει
1455 1869 1540 1933 μὲν
1583 1868 1669 1933 τὴν
1713 1869 1810 1919 ἄνω
1855 1869 1931 1918 καὶ

304 1983 326 2008 c
345 1956 470 2024 αὐτῷ
506 1957 767 2020 ταχθεῖσαν
793 1951 916 2015 ὁδὸν,
943 1951 1134 2016 καθίησι
1173 1952 1221 2003 δὲ
1254 1957 1349 2005 τοῖς
1376 1951 1680 2019 ἁπανταχόσε
1708 1953 1826 2018 φῶς,
1854 1952 1932 2000 καὶ

344 2034 500 2087 πάντα
533 2039 733 2101 πληρῶν
758 2037 841 2098 τῆς
873 2035 930 2103 ἐξ
959 2035 1100 2085 αὑτοῦ
1134 2033 1452 2100 προχεομένης
1478 2034 1637 2097 αὐγῆς,
1666 2032 1758 2099 ἔχει
1782 2030 1931 2082 πάλιν

345 2117 490 2182 αὐτὴν
522 2119 570 2168 ἐν
596 2118 744 2186 ἑαυτῷ
766 2138 778 2178 ;
821 2115 935 2167 πότε
975 2116 1131 2166 τοίνυν
1158 2117 1241 2165 οὐκ
1280 2113 1337 2178 ἧν
1362 2116 1410 2165 ἐν
1438 2115 1594 2179 Πατρὶ
1627 2113 1681 2164 τὸ
1708 2112 1928 2178 ἀπαύγα-

345 2223 449 2262 σμα
482 2202 565 2262 τῆς
606 2197 748 2267 δόξης
786 2199 966 2258 αὐτοῦ;
1022 2196 1136 2248 πότε
1179 2195 1463 2263 κεχώρισται
1499 2198 1582 2259 τῆς
1622 2194 1931 2248 ὑποστάσεως
1952 2218 2000 2256 25

345 2282 486 2332 αὐτοῦ
513 2281 537 2330 ὁ
577 2278 820 2347 χαρακτὴρ
846 2280 1022 2338 αὐτοῦς
1065 2280 1139 2328 καὶ
1172 2281 1208 2328 εἰ
1237 2278 1294 2328 τὰ
1329 2277 1484 2328 πάντα
1520 2282 1815 2342 πληροῦντος
1847 2281 1930 2326 τοῦ

392 2472 424 2505 3.
450 2460 621 2506 ἠγνόησαν
639 2461 674 2494 δέ
691 2460 776 2496 ἰ’σως
793 2460 860 2495 hoc
879 2460 1000 2495 ordine
1019 2461 1061 2494 A.
1080 2459 1165 2495 ἴσως
1182 2459 1218 2493 δὲ
1235 2458 1406 2504 ἠγνόησαν
1426 2457 1492 2492 Ed.
1706 2470 1739 2500 4.
1764 2459 1930 2501 ποσότητι

344 2510 509 2552 μετρητὸν
526 2514 558 2541 et
575 2509 667 2552 τόπῳ
684 2509 982 2552 περιγραφόμενον
1000 2507 1066 2541 hoc
1085 2506 1207 2541 ordine
1224 2506 1268 2539 A.
1479 2503 1512 2538 6.
1539 2503 1577 2537 ὃν
1593 2503 1689 2548 prius
1708 2510 1930 2548 assumptum

345 2566 387 2587 ex
405 2554 538 2588 A.D.r.
765 2555 798 2587 8,
823 2556 883 2587 τοῦ
901 2560 1125 2597 assumptum
1145 2565 1186 2586 ex
1204 2552 1300 2585 A.D.
1528 2561 1580 2584 12.
1607 2564 1647 2593 με
1666 2550 1760 2584 A.D.
1778 2565 1843 2593 μου
1862 2550 1929 2584 Ed.

350 2611 402 2645 13.
428 2600 606 2644 προπετεῖς
630 2598 831 2644 ε’ρεὺγεσθαι
848 2600 965 2644 φωνὰς
985 2600 1052 2633 hoc
1069 2599 1192 2633 ordine
1209 2598 1253 2631 A.
1272 2597 1388 2642 φωνὰς
1405 2599 1439 2630 et
1455 2598 1635 2639 προπετεῖς
1653 2596 1743 2630 inter
1761 2608 1797 2630 Se
1815 2602 1929 2630 trans-

344 2647 444 2691 ponit
463 2645 528 2680 Ed.
601 2645 667 2687 ὅση
686 2645 777 2680 A.D.
796 2645 863 2679 ὅσα
882 2646 949 2680 Ed.
1205 2654 1258 2686 15.
1284 2647 1366 2677 πότε
1386 2643 1522 2678 Α.Γ.1).
1541 2646 1563 2660 “
1579 2644 1622 2676 al.
1639 2644 1721 2676 πότε
1732 2642 1750 2653 ”
1771 2642 1838 2676 Ed.
1855 2654 1928 2687 mg.

344 2697 415 2728 πῶς
434 2692 499 2726 Ed.
573 2694 657 2726 Θεὸς
674 2691 803 2725 habent
821 2692 915 2726 A.D.
1086 2691 1138 2725 18.
1166 2690 1218 2723 καὶ
1237 2702 1306 2723 om.
1327 2690 1460 2733 Migne.
1637 2699 1690 2733 19.
1717 2689 1752 2722 δέ
1770 2689 1929 2733 A.r.g.h.

344 2740 411 2784 γὰρ
430 2740 475 2773 D.
497 2738 563 2773 Ed.
626 2739 807 2781 ἐνενόησαν
824 2739 867 2772 A.
885 2739 1085 2780 ε’ννενόησαν
1101 2737 1145 2770 D.
1165 2737 1338 2770 ἐννοοῦσιν
1356 2736 1426 2780 gh.
1447 2736 1589 2779 ἐνόησαν
1608 2735 1674 2770 Ed.
1772 2746 1827 2769 20.
1852 2749 1927 2780 γεν-

344 2786 441 2829 νητὸς
461 2785 525 2819 Ed.
545 2785 660 2820 invitis
679 2785 857 2819 omnibus.
909 2784 1033 2817 Statim
1057 2784 1102 2817 ὣν
1123 2783 1289 2827 A.l).g.l1.
1312 2783 1443 2827 Migne.
1466 2783 1509 2817 ὡς
1528 2781 1594 2815 Ed.
1754 2792 1807 2815 21.
1834 2781 1928 2826 γένε-

344 2847 401 2866 σιν
418 2832 587 2875 A.D.g.h.
605 2832 762 2876 γέννησιν
782 2831 846 2864 Ed.
912 2834 977 2864 τῶν
997 2842 1058 2875 pro
1076 2830 1135 2872 τὴν
1154 2830 1195 2863 A.
1336 2840 1390 2863 22.
1416 2829 1490 2873 φῶς
1509 2828 1625 2874 A.g.h.
1645 2829 1683 2861 τὸ
1701 2828 1775 2871 φῶς
1796 2827 1840 2861 D.
1860 2827 1927 2861 Ed.

346 2879 524 2958 24'Aaffi‘1‘3)
536 2877 600 2958 Et}
620 2878 736 2913 invitis
755 2877 932 2912 omnibus.
1006 2875 1056 2921 ἐν]
1083 2881 1115 2917 †
1141 2878 1185 2921 τῷ
1205 2876 1278 2921 g.h.
1463 2911 1466 2914 ,
1580 2874 1633 2909 26.
1661 2874 1689 2907 εἰ
1705 2880 1927 2918 assumptum

344 2937 384 2959 ex
440 2930 486 2959 .Γ.
530 2937 574 2969 .g.
590 2937 613 2958 1.
