2001 3257
95 187 239 230 [4M-]

287 124 370 163 180
504 123 555 162 B.
585 122 835 162 CYRILLI
875 122 1228 162 ALEXANDR.
1268 122 1641 163 FRAGMENTA
1751 122 1805 162 iv.
1825 135 1860 164 2.

286 236 313 259 ‘⁶
338 229 535 297 λαλήσῃ
563 231 587 280 ὁ
613 229 862 295 προφήτης
889 231 962 280 ἐπὶ
995 233 1061 298 τῷ
1086 228 1283 293 ὀνόματί
1309 252 1412 293 μου,
1438 230 1530 295 ἐγὼ
1556 229 1785 294 ἐκδικήσω
1811 229 1868 297 ἐξ

284 317 312 340 “
337 312 524 362 αὐτοῦ.”
581 316 681 364 πῶς
720 312 800 361 οὖν
839 311 925 377 οὐχ
958 311 1143 377 ἱστῶμεν
1187 312 1305 377 νόμον
1341 307 1416 361 διὰ
1450 310 1522 370 τῆς
1557 314 1749 366 πίστεως
1782 310 1864 362 τὸν

282 391 391 458 παρ’
432 393 575 443 αὐτοῦ
619 393 918 458 προσιέμενοι
957 391 1136 456 λόγους
1191 393 1265 441 καὶ
1307 391 1553 459 προφήτης
1592 391 1864 454 ὠνόμασται

283 472 358 524 διὰ
398 474 452 524 τὸ
494 473 787 540 ἀνθρώπινον
827 474 852 523 ὁ
890 473 1213 536 Ἐμμανουήλ,
1249 474 1274 522 ὁ
1305 475 1366 526 ὡς
1405 474 1452 522 ἐν
1490 472 1618 541 τάξει
1646 474 1865 527 Μωσέως

281 554 478 618 μεσίτης
505 559 631 605 Θεοῦ
663 556 738 604 καὶ
776 553 1053 619 ἀνθρώπων.
1101 555 1176 603 καὶ
1209 553 1357 605 πάλιν
1396 555 1420 604 ὁ
1452 553 1536 617 μὲν
1563 554 1701 617 νόμος
1733 554 1789 619 ἧν
1815 555 1864 605 ἐν
1883 569 1905 608 5

282 641 449 697 σκιαῖς,
489 635 619 699 πλὴν
658 636 834 686 ὠδίνων
873 637 1036 702 ὁρᾶται
1081 638 1163 698 τῆς
1202 637 1424 698 ἀληθείας
1468 634 1553 699 τὴν
1590 635 1860 705 μόρφωσιν·

280 717 364 766 οὐκ
389 718 569 782 ἀναιρεῖ
599 717 648 767 δὲ
674 716 782 770 τοὺς
810 719 983 770 τύπους
1009 717 1037 780 ἡ
1064 715 1279 780 ἀλήθεια,
1309 717 1565 781 καθίστησι
1590 716 1638 768 δὲ
1664 719 1864 786 ἐμφανε-

280 798 490 863 στέρους.

61 935 260 988 Κεφ.δ’.2
322 938 367 981 Εἰ
406 940 483 997 Γὰρ
513 941 709 997 “Αβροιὰμ
745 941 791 983 ἐξ
829 940 966 997 {pf-<ov
1002 940 1251 992 ἐδικαιώθΗ,
1289 941 1374 996 ἔχει
1413 941 1607 996 καύχΗμα
1645 941 1734 981 ἀλλ’
1778 941 1825 982 οὐ

57 1295 89 1326 S.
99 1295 173 1326 Jac.
192 1296 226 1327 ii.

54 1346 108 1413 117).
126 1390 175 1421 20,
193 1392 242 1413 21

885 1024 991 1079 Πρὸς
1029 1023 1102 1065 τὸν
1141 1023 1262 1064 Θεόν.
1886 1044 1935 1069 10

352 1122 538 1185 Χρῆναι
577 1119 625 1170 δὲ
664 1120 1006 1182 ὑπολαμβάνω,
1040 1120 1131 1188 ε”φη
1171 1142 1253 1182 τις,
1289 1119 1371 1170 τὸν
1409 1124 1512 1185 περὶ
1551 1126 1634 1170 τοῦ
1671 1120 1857 1186 προπά-

278 1222 414 1266 τορος
462 1201 689 1267 εΑβροιόιμ
737 1207 1258 1266 πολυπραγμονοῦντας
1310 1200 1476 1265 λόγον,
1531 1202 1674 1251 ἐκεῖνο
1723 1205 1864 1261 εἰπεῖν

281 1282 481 1346 Ε’ίρηταί
515 1305 607 1332 που
645 1284 734 1332 τινὶ
769 1287 863 1332 τῶν
898 1284 1046 1346 ἁγίων
1076 1286 1312 1345 μαθητῶν,
1341 1283 1450 1348 δίχα
1484 1286 1578 1332 τῶν
1605 1282 1754 1347 ε”ργων
1779 1282 1865 1346 τὴν

278 1365 443 1414 πίστιν
475 1361 589 1414 εἶναι
626 1362 808 1428 νεκράν·
860 1363 1157 1429 προσεπάγει
1189 1363 1236 1413 δὲ
1263 1362 1444 1416 τούτοις
1475 1362 1529 1413 τό
1564 1370 1591 1392 “
1612 1361 1780 1417 Θέλεις
1815 1362 1864 1414 δὲ

277 1449 519 1509 “γνῶναι,
551 1443 587 1494 ὦ
625 1445 841 1509 ἄνθρωπε
880 1444 991 1506 κενὲ,
1035 1445 1105 1495 ὅτι
1140 1445 1168 1507 ἡ
1203 1444 1364 1497 πίστις
1403 1447 1544 1512 χωρὶς
1581 1448 1675 1495 τῶν
1714 1444 1864 1510 ἔργων
1885 1468 1931 1506 15

276 1533 303 1556 ‘⁶
329 1525 469 1590 νεκρά
506 1528 665 1586 ἐστιν;
713 1525 925 1591 Ἀβραὰμ
961 1527 986 1576 ὁ
1018 1526 1174 1592 πατὴρ
1202 1527 1332 1588 ἡμῶν
1372 1526 1454 1576 οὐκ
1493 1526 1549 1595 ἐξ
1578 1526 1728 1592 ἔργων
1766 1527 1857 1577 ἐδι-

275 1614 303 1637 “
328 1607 504 1671 καιώθη
544 1607 791 1672 ἀνενέγκας
829 1606 999 1658 Ἰσαὰκ
1036 1607 1120 1658 τὸν
1161 1607 1258 1658 υἱὸν
1297 1608 1438 1658 αὐτοῦ
1479 1609 1552 1658 ἐπὶ
1593 1606 1647 1658 τὸ
1686 1611 1854 1658 θυσια-

275 1695 304 1718 “
328 1687 526 1754 στήριον
544 1690 585 1748 ;”
631 1687 700 1754 ἆρ’
724 1687 807 1739 οὖν
834 1688 1069 1752 ἀλλήλοις
1095 1689 1319 1739 τάναντία
1347 1691 1499 1756 φασὶν
1524 1692 1566 1739 οἱ
1591 1711 1856 1753 πνευματο-

276 1769 449 1838 φόροι;
510 1771 557 1820 τί
594 1768 677 1820 οὖν
718 1770 837 1835 πρὸς
878 1770 1025 1821 ταῦτά
1065 1774 1257 1837 φαμεν;
1325 1774 1387 1823 εἰς
1420 1773 1566 1834 γῆρας
1608 1770 1860 1834 ἐληλακότι

275 1851 460 1913 λοιπὸν,
489 1851 726 1915 ἀδοκήτως
761 1852 871 1902 λίαν
904 1852 1230 1917 ἐπηγγέλλετο
1265 1853 1390 1919 αὐτῷ
1428 1850 1525 1902 υἱὸν
1552 1852 1576 1902 ὃ
1603 1857 1697 1902 τῶν
1732 1851 1859 1903 ὅλων
1880 1872 1929 1897 20

277 1932 412 1985 Θεός·
469 1932 656 2000 ἔφασκέ
688 1955 737 1983 τε
777 1933 848 1983 ὅτι
883 1935 941 2000 τῇ
980 1937 1075 1983 τῶν
1113 1932 1306 1997 ἄστρων
1345 1932 1642 2002 ἀναριθμήτω
1681 1933 1863 1997 πληθύϊ

317 2060 354 2107 3.
379 2063 603 2093 προσιεμενον
620 2048 770 2094 (810))Β.
1024 2058 1127 2094 3—5.
1155 2049 1250 2083 Haec
1267 2049 1688 2095 προφήτης-ἀνθρώπων,
1708 2062 1855 2094 pergens

273 2094 327 2129 καὶ
344 2094 599 2139 διαπορθμεύων
615 2096 662 2131 εἷς
678 2096 764 2139 ἡμᾶς
780 2098 840 2130 τοῦ
858 2096 944 2130 ἰδίου
969 2097 1096 2140 πατρὸς
1120 2097 1180 2139 τὴν
1205 2096 1398 2140 ἀπόρρητον
1421 2097 1591 2139 βούλησιν
1616 2097 1696 2130 citat
1723 2097 1854 2131 Catena

271 2142 308 2175 in
337 2143 426 2176 Acta
456 2142 521 2176 SS.
539 2142 665 2186 Apost.
693 2142 858 2176 Cramero
884 2142 975 2176 edita
1002 2143 1052 2186 (p.
1071 2142 1131 2187 67)
1160 2142 1248 2177 Cod.
1279 2142 1367 2177 Coll.
1390 2143 1483 2177 Novi
1508 2143 1552 2187 58
1577 2143 1636 2177 fol.
1657 2152 1699 2187 25
1725 2155 1746 2176 v
1772 2155 1853 2177 cum

271 2188 373 2222 titulo
391 2190 450 2222 τοῦ
467 2187 564 2233 ἁγίου
583 2189 780 2232 κυρίλλου’
763 2203 798 2222 εκ
815 2203 874 2222 του
891 2189 976 2232 πρὸς
992 2188 1160 2233 ῥωμαίους
1176 2191 1279 2232 τόμου
1295 2188 1341 2229 β’.
1529 2202 1541 2222 1
1553 2201 1565 2222 1
1596 2201 1671 2234 sqq.
1723 2189 1854 2223 Scholii

272 2234 377 2279 hujus
404 2235 553 2278 epitome
572 2234 738 2280 quiddam
764 2235 929 2269 exhibent
955 2235 1105 2268 Catenae
1128 2236 1164 2268 in
1187 2236 1358 2279 Epistolas
1378 2235 1575 2269 catholicas
1594 2236 1643 2277 (in
1662 2235 1768 2269 verba
1788 2236 1851 2280 Ep.

274 2280 310 2315 S.
324 2281 468 2315 Jacobi
461 2281 495 2314 li.
512 2282 583 2324 20).
621 2281 790 2314 Exstant
783 2293 817 2314 m
834 2281 1024 2315 Codicibus
1041 2281 1148 2315 Coisl.
1169 2290 1211 2326 25
1229 2282 1289 2316 fol.
1306 2290 1361 2327 25,
1378 2281 1522 2325 Colleoii
1535 2282 1628 2315 Novi
1641 2281 1851 2315 Oxoniensis

271 2327 316 2370 58
334 2327 393 2360 fol.
413 2327 476 2368 184
494 2339 515 2360 v
541 2327 722 2369 (Cramelo
747 2327 876 2368 editis),
904 2327 1081 2362 Mediceo-
1086 2327 1321 2361 Laurentiano
1352 2328 1443 2361 Plut.
1464 2328 1508 2361 vi.
1527 2337 1560 2369 5,
1584 2328 1788 2372 Mosquensi
1807 2339 1850 2372 97

272 2373 369 2414 (olim
389 2374 448 2416 98)
466 2372 560 2417 fol.9
540 2384 573 2417 9.
622 2373 780 2408 Titlssum
799 2373 883 2407 dant
908 2376 968 2407 τοῦ
993 2374 1090 2418 ἁγίου
1115 2375 1279 2417 κυρίλλου
1302 2374 1482 2419 [κυρίλλου
1504 2374 1743 2417 ἀλεξανδρείας
1762 2373 1850 2408 Cod.

273 2418 370 2451 Med.
375 2420 497 2452 -Laur.
524 2433 583 2463 κυρ
588 2420 685 2453 ίλλου
705 2419 793 2453 Cod.
815 2419 949 2464 Oxon.]
979 2420 1014 2453 ἐκ
1039 2421 1096 2463 τῆς
1112 2421 1198 2464 πρὸς
1217 2420 1384 2463 ῥωμαίους
1409 2421 1575 2463 ἐπιστολῆ
1580 2435 1594 2454 ς
1619 2419 1755 2453 codices
1781 2426 1850 2454 tres

272 2464 416 2508 priores.
460 2465 596 2499 Deinde
610 2465 758 2508 ἐπειδὴ“
742 2481 760 2498 0
778 2467 936 2510 μακάριος
955 2466 1098 2507 ἷάκωβος
1109 2467 1166 2499 τὸν
1176 2466 1313 2511 ἁβρααμ
1326 2467 1418 2511 λέγει
1434 2467 1506 2508 ἐξ”
1488 2480 1596 2510 εργων
1613 2466 1849 2500 δεδικαιῶσθαι

270 2510 487 2555 ἀνενεγκόντα
513 2510 613 2544 ἷσαὰκ
640 2512 698 2544 τὸν
722 2512 794 2545 υἱὸν
818 2512 920 2545 αὐτοῦ
945 2512 998 2545 ε’πι
1024 2513 1062 2545 τὸ
1089 2512 1344 2555 θυσιαστήριον,
1371 2514 1388 2545 ὁ
1414 2513 1451 2546 δέ
1476 2514 1605 2548 παῦλος
1629 2511 1722 2556 λεγει
1749 2512 1850 2546 αυτὸν

271 2570 307 2589 εκ
323 2557 471 2591 πίστεως
490 2556 544 2601 [ἐκ
560 2571 596 2590 π.
615 2557 709 2615 λέγει
734 2558 835 2591 αὐτὸν
853 2557 940 2592 Cod.
960 2557 1056 2592 Med.
1059 2558 1170 2591 -Laul
1175 2557 1199 2602 .]
1229 2558 1475 2597 δεδικαιῶσθαι,
1501 2572 1587 2592 ουτω
1605 2573 1664 2600 την
1681 2559 1850 2593 δοκοῦσαν

270 2601 481 2645 ἐναντιότητα
500 2613 644 2645 νοητεον’
672 2602 723 2637 ὅτι
740 2618 805 2646 προ
823 2605 883 2647 μὲν
900 2606 958 2637 τοῦ
976 2604 1065 2648 ἔχειν
1081 2605 1139 2637 τὸν
1152 2604 1253 2638 ι’σαὰκ
1267 2604 1448 2638 ἐπίστευσε
1463 2605 1515 2637 καὶ
1533 2603 1658 2647 μισθὸν
1671 2604 1746 2650 [τῆς
1758 2604 1848 2639 Cod.

271 2648 390 2706 Mosq.
408 2663 439 2683 τι
459 2648 546 2682 Cod.
568 2649 662 2683 Med.
668 2649 808 2694 -Laur.]
835 2650 984 2685 πίστεως
1007 2651 1115 2688 ἔλαβε
1132 2651 1189 2683 τὸν
1206 2650 1318 2684 ι’σαάκ·
1352 2650 1440 2694 ὅμως
1457 2651 1510 2684 καὶ
1528 2650 1583 2684 ὅτε
1608 2650 1766 2696 ἀνήνεγκε
1790 2652 1849 2685 τὸν

270 2694 372 2729 ἷσαὰκ
396 2695 450 2729 ἐπὶ
470 2696 508 2728 τὸ
534 2695 789 2739 θυσιαστήριον,
816 2696 855 2729 οὐ
880 2699 982 2739 μόνον
1005 2697 1043 2729 τὸ
1069 2697 1169 2741 ἔργον
1194 2696 1298 2730 ἐποίει
1324 2695 1341 2729 ὃ
1366 2699 1573 2740 προσετάγη,
1597 2697 1686 2730 ἀλλὰ
1712 2699 1765 2731 καὶ
1790 2699 1848 2741 τῆς

269 2741 418 2777 πίστεως
442 2741 500 2775 οὐκ
529 2741 672 2784 ἀπεστη,
700 2741 751 2775 ὅτι
777 2743 811 2775 ἐν
840 2742 941 2776 ἷσαὰκ
965 2742 1084 2785 μελλει
1110 2744 1148 2776 τὸ
1178 2742 1315 2787 σπέρμα
1345 2743 1447 2776 αὐτοῦ
1475 2743 1708 2785 πολυπληθεῖν
1733 2744 1777 2779 ὡς
1805 2744 1847 2778 τὰ

269 2787 392 2832 ἶίστρα,
410 2788 671 2831 λογισάμενος”
653 2802 703 2821 οτι
718 2802 770 2821 και
788 2788 823 2822 ἐκ
841 2791 964 2831 νεκρῶν
975 2789 1100 2833 ἐγεῖραι
1118 2789 1284 2823 δυνατὸςὸ
1297 2790 1391 2823 Θεός·
1421 2789 1509 2832 ὅμως
1523 2791 1540 2822 ὁ
1552 2791 1680 2824 παῦλος
1693 2791 1846 2834 μάρτυρα

269 2837 336 2867 τῶν
353 2834 443 2868 ἰδίων
459 2835 572 2878 λόγων
589 2848 642 2867 και
663 2834 885 2878 συλλήπτορα
905 2836 1046 2868 ποιεῖται
1066 2835 1124 2868 τὸν
1148 2836 1309 2879 μακάριον
1331 2835 1456 2877 δαυεὶδ,
1474 2835 1579 2879 ἄνδρα
1605 2835 1786 2879 διαβόητον
1810 2836 1846 2869 ἐν

269 2880 427 2924 εὐσεβείᾳ
445 2880 498 2913 καὶ
515 2881 635 2925 σοφῶς
655 2881 896 2923 διασκευάζει“
880 2895 924 2915 ως
942 2881 976 2914 ἐν
993 2880 1153 2924 πνεύματι
1170 2883 1286 2914 λαλῶν
1311 2881 1370 2925 τὴν
1395 2882 1449 2915 διὰ
1476 2882 1624 2917 πίστεως
1647 2882 1775 2926 ἄφεσιν
1791 2882 1844 2916 καὶ

268 2926 465 2971 διαγγέλλει
480 2928 586 2961 πᾶσιν
602 2927 800 2971 ἀνθρώποις·
829 2926 902 2971 ᾐδει
919 2927 985 2972 γὰρ
1002 2942 1037 2962 εν
1054 2929 1191 2973 Χριστῷ
1210 2942 1444 2972 παρεσομενην
1460 2941 1542 2961 κατα
1560 2927 1704 2972 καιρούς.
