2001 3257
260 152 342 192 196
464 151 515 190 B.
548 149 794 190 CYRILLI
831 149 1178 190 ALEXANDR.
1217 150 1591 191 FRAGMENTA
1650 148 1721 189 vii.
1740 148 1777 197 6,
1799 157 1836 199 7.

54 216 127 260 [16
144 216 227 258 M.]

221 294 244 331 6
333 294 432 335 Νυνὶ
469 293 515 335 δὲ
554 295 880 351 κατΗρΓιέιθΗμεν
919 295 1005 336 ἀπὸ
1037 298 1111 336 τοῦ
1146 297 1288 347 νόμου,
1326 296 1617 337 ἀποθανόντες
1655 294 1699 334 ὲν
1739 290 1775 346 ᾧ

909 377 1201 432 κατειχόμεθα.

329 488 525 557 ’Ένοχοι
563 489 646 552 μὲν
681 488 774 556 γὰρ
812 487 927 553 ἦμεν
961 492 1028 558 τῷ
1065 490 1207 559 νόμω,
1235 493 1399 558 φησιν,
1434 488 1685 553 ὑποθείσης
1725 489 1844 552 ἡμᾶς

263 574 346 635 τῆς
387 572 615 637 ἁμαρτίας
657 572 799 621 αὐτῶ·
865 574 901 621 εὶ
941 570 989 621 δὲ
1033 570 1325 635 ἀπεθάνομεν
1370 595 1407 623 εν
1447 570 1480 641 ᾧ
1527 568 1844 637 κατειχομεθα,

263 651 480 704 τουτέστι
523 655 581 719 τῇ
626 652 843 721 ἁμαρτίᾳ,
886 653 1274 718 συναπρακτήσει
1317 652 1505 706 πάντως
1544 653 1661 718 αὐτῇ
1706 653 1780 702 καὶ
1821 652 1846 702 ὃ
1865 670 1887 708 5

265 734 422 795 νόμος·
463 733 773 785 τεθέσπισται
811 734 904 800 γὰρ
944 735 997 785 δι’
1027 734 1184 798 αὐτὴν,
1216 734 1292 785 ἵνα
1329 733 1502 801 ἐλέγχῃ
1540 733 1648 787 τοὺς
1685 756 1842 799 παρα-

264 815 531 875 βαίνοντας.
573 814 665 884 ἔξω
701 815 757 879 δὴ
794 817 875 867 οὖν
900 819 982 880 τῆς
1008 822 1091 867 τοῦ
1118 814 1262 879 νόμου
1291 815 1447 884 χρείας
1479 818 1520 865 οὶ
1555 819 1612 883 τῇ
1640 815 1844 883 ἁμαρτίᾳ

43 898 228 940 Supraver.
267 896 609 963 νενεκρωμένου
652 896 912 963 γεγόναμεν
939 897 1030 964 γὰρ
1056 898 1214 967 ἑτέρῳ,
1245 899 1320 948 καὶ
1357 895 1847 966 αὑτῷ-δουλεύσωμεν

42 951 63 981 4
268 978 305 1029 ἐν
334 979 548 1039 καινότητι
577 978 827 1046 πνεύματος
857 983 933 1030 καὶ
963 983 1007 1030 οὐ
1034 980 1308 1039 παλαιότητι
1334 979 1623 1047 γράμματος.

227 1150 247 1189 7
616 1137 667 1178 Τί
704 1136 776 1179 οὖν
812 1139 1015 1195 ὲροῦμεν;
1064 1140 1080 1181 ἱ-
1126 1140 1254 1188 νὸμοε
1292 1138 1503 1195 ἁμαρτιόι;
1874 1159 1920 1183 10

332 1246 486 1315 Ἄθρει
513 1249 570 1313 δὴ
598 1249 725 1304 ὅπως
749 1256 917 1319 σοφῶς
943 1275 1049 1306 τους
1075 1253 1148 1303 ἐπὶ
1181 1256 1246 1322 τῷ
1279 1253 1406 1321 νόμω
1432 1256 1629 1303 ποιεῖται
1655 1250 1845 1316 λόγους·

43 1333 151 1415 {upra
165 1343 232 1364 ver.
267 1329 359 1397 ἔφη
385 1329 470 1390 μὲν
494 1330 608 1396 γὰρ,
639 1331 709 1381 ὅτι
745 1339 773 1361 “
793 1331 930 1382 ὅτε
903 1339 1019 1396 ἠμεν
1045 1335 1093 1383 ἐν
1117 1337 1175 1399 τῇ
1202 1357 1359 1399 σαρκι,
1387 1332 1445 1384 τὰ
1474 1332 1732 1397 παθήματα
1755 1336 1850 1382 τῶν

267 1417 295 1440 “
320 1412 559 1476 ἁμαρτιῶν
600 1412 660 1463 τὰ
706 1412 782 1463 διὰ
829 1420 911 1464 τοῦ
958 1414 1102 1477 νόμου
1144 1416 1381 1481 ἐνηργεῖτο
1426 1418 1474 1465 ἐν
1515 1420 1609 1468 τοῖς
1653 1413 1850 1477 μέλεσιν

266 1500 294 1522 “
319 1492 452 1557 ἡμῶν
489 1497 551 1546 εἷς
589 1493 644 1544 τὸ
684 1498 1051 1563 καρποφορῆσαι
1096 1499 1162 1565 τῷ
1201 1496 1436 1565 θανάτῳ·”
1491 1496 1774 1560 ἀπήλλακτο
1808 1496 1846 1545 δ’

268 1572 325 1624 ἂν
353 1574 566 1637 οὐδαμῶς
606 1576 814 1644 ὑποψίας
850 1578 874 1627 ὁ
902 1576 1065 1642 λόγος·
1121 1577 1211 1647 ἔφη
1247 1577 1340 1644 γὰρ
1368 1576 1426 1628 ἄν
1453 1601 1522 1632 τις
1551 1576 1669 1643 πρὸς
1703 1582 1850 1627 ταῦτα
1875 1591 1920 1630 15

268 1655 401 1708 εὐθύς
428 1656 701 1721 Βραβευτὴς
735 1658 817 1708 οὖν
846 1656 937 1724 ἆρα
971 1660 1047 1708 καὶ
1083 1659 1336 1724 εἰσηγητὴς
1368 1660 1596 1725 ἁμαρτίας
1628 1660 1652 1710 ὁ
1678 1657 1848 1722 νόμος;

268 1741 306 1788 εἰ
332 1735 425 1802 γάρ
451 1738 582 1788 ἐστιν
601 1738 774 1803 ἀληθὲς
794 1742 865 1793 ὡς
883 1741 931 1790 ἐν
957 1740 1067 1803 ἡμῖν
1091 1741 1341 1806 ἐνεργεῖται
1368 1741 1422 1791 δι’
1446 1742 1587 1792 αὐτοῦ
1612 1740 1672 1791 τὰ
1697 1739 1847 1804 παθή-

269 1840 397 1881 ματα
422 1820 505 1881 τῆς
530 1819 721 1885 σαρκὸς,
748 1825 848 1874 πῶς
875 1821 957 1871 οὐκ
988 1820 1046 1871 ἂν
1072 1826 1222 1872 νοοῖτο
1255 1824 1330 1872 καὶ
1361 1822 1590 1888 ἁμαρτίας
1627 1821 1811 1887 γε’νεσις
1833 1844 1846 1884 3

271 1899 321 1949 τί
355 1898 436 1948 οὖν
466 1900 491 1949 ὁ
521 1900 873 1967 μυσταγωγός;
918 1902 1079 1968 δριμὺς
1118 1904 1313 1971 ὑπαντᾷ,
1344 1906 1418 1954 καὶ
1458 1903 1730 1970 ἀποφάσκει
1768 1902 1852 1966 μὲν

273 1979 343 2031 ὅτι
368 1980 525 2047 πατὴρ
549 1983 777 2048 ἁμαρτίας
805 1984 829 2032 ὁ
856 1983 1010 2046 νόμος,
1037 1988 1236 2035 αἰτιᾶται
1264 1984 1312 2035 δὲ
1337 1989 1528 2047 μᾶλλον
1555 1984 1640 2049 τὴν
1667 1985 1847 2051 ἀνθρώ·
1873 2004 1923 2030 20

271 2084 364 2113 που
390 2062 539 2129 φύσιν
566 2066 628 2117 ὡς
666 2067 842 2128 ἀσθενῆ
870 2068 946 2115 καὶ
985 2066 1041 2115 δι’
1069 2067 1211 2116 αὐτοῦ
1244 2070 1495 2117 παθοῦσαν
1532 2066 1585 2117 τὸ
1624 2068 1852 2117 ἐναλῶναι

273 2145 435 2196 δίκαις·
489 2145 714 2214 ταύτῃτοί
748 2151 871 2215 φησι
904 2150 959 2198 Τί
993 2146 1054 2198 οὖν
1081 2149 1273 2215 ἑρσῧμενς
1318 2154 1335 2200 ὁ
1364 2151 1488 2216 νόμος
1514 2151 1749 2216 αμαρτιάς
1790 2145 1852 2216 μὴ

270 2227 449 2294 γένοιτο·
491 2226 627 2278 ἄλλα
664 2226 732 2287 τὴν
770 2231 994 2296 αμαρτῖαν
1034 2233 1110 2280 οὐκ
1150 2230 1276 2295 ἔγνων
1316 2235 1347 2280 εἰ
1381 2228 1442 2297 μὴ
1476 2227 1552 2280 δια
1583 2229 1722 2296 νόμου.
1767 2229 1854 2295 ὅρα

272 2308 358 2373 τὴν
384 2314 546 2377 νῆψιν·
600 2310 653 2359 οὐ
685 2309 779 2375 γὰρ
808 2309 898 2377 ἔφη
926 2309 1029 2374 Τὴν
1059 2311 1293 2377 ἁμαρτίαν
1323 2312 1405 2362 οὐκ
1439 2309 1578 2378 εἶχον,
1615 2315 1652 2361 εὶ
1681 2310 1745 2374 μὴ
1778 2309 1853 2361 διὰ

273 2391 433 2455 νόμου,
464 2391 574 2441 ἀλλ’
605 2390 675 2441 ὅτι
712 2390 777 2454 μὴ
818 2391 967 2456 ε”γνων
1005 2397 1195 2455 μᾶλλον
1234 2391 1394 2456 αὐτήν
1439 2393 1604 2443 οὐκοῦν
1643 2393 1695 2442 οὐ
1729 2392 1847 2457 πρό·
1874 2414 1922 2452 25

273 2475 422 2538 φασις
461 2471 687 2537 ἁμαρτίας
729 2473 753 2522 ὁ
798 2472 951 2535 νόμος,
992 2473 1346 2539 παραδεικτικὸς
1384 2473 1431 2524 δὲ
1469 2478 1660 2536 μᾶλλον
1698 2474 1851 2537 αὐτῆς,

125 2568 173 2603 17
194 2565 256 2601 Μ.
272 2558 367 2607 τοῖς
401 2555 482 2603 οὐκ
514 2552 689 2603 εἰδόσιν
721 2553 866 2618 αὐτὴν
898 2555 1085 2623 ἐμφανῆ
1118 2555 1359 2617 καθιστὰς,
1393 2557 1479 2622 οὐχ
1512 2555 1587 2605 ἵνα
1624 2554 1853 2617 μαθόντες

320 2713 353 2746 3.
379 2701 596 2745 ὑποτιθείσης
613 2702 683 2746 (bis
701 2704 827 2747 citans)
848 2704 891 2738 Β.
1108 2716 1161 2739 10.
1189 2705 1258 2740 Hic
1274 2706 1396 2750 incipit
1414 2706 1457 2740 A.
1675 2714 1727 2746 14.
1752 2705 1797 2740 εἷς
1813 2706 1853 2740 τὸ

272 2750 422 2793 καρποφ.
440 2750 486 2794 τῷ
504 2748 634 2794 θανάτῳ
652 2760 722 2783 orn.
742 2750 786 2783 A.
1022 2751 1075 2784 16.
1101 2751 1297 2796 εἷσηγητὴς]
1322 2756 1357 2792 -1-
1379 2754 1436 2795 τῆς
1454 2752 1496 2785 A.
1739 2760 1791 2797 17.
1818 2752 1853 2786 ἐν

272 2794 351 2838 ἡμῖν
367 2800 446 2839 post
463 2795 564 2828 αὐτοῦ
581 2796 776 2839 transponit
795 2795 837 2829 A.
1031 2809 1083 2841 19.
1109 2797 1238 2832 ἀπαντᾶ
1255 2798 1349 2831 haud
1368 2799 1456 2831 male
1474 2799 1516 2831 A.
1700 2809 1755 2832 20.
1781 2797 1849 2843 ὅτι]

276 2846 313 2880 —l—
335 2842 374 2874 οὐ
391 2841 435 2875 Α.
505 2843 637 2885 μᾶλλον
655 2847 734 2885 post
751 2841 876 2886 ἀσθενῆ
894 2844 1091 2887 transponit
1108 2844 1151 2876 A
1364 2855 1382 2877 2
1387 2853 1489 2889 3-25
1517 2844 1549 2877 A
1567 2845 1668 2888 νόμου
1688 2844 1730 2878 ad
1749 2846 1852 2889 νόμου

272 2888 424 2921 transillt
442 2887 484 2921 Β.
769 2899 824 2931 24.
849 2889 909 2932 τὴν
926 2889 1031 2934 νῆψιν
1049 2890 1087 2922 οὐ
1104 2890 1169 2934 γὰρ
1187 2890 1253 2935 ἔφη
1272 2889 1347 2935 τὴν]
1368 2891 1479 2924 τοίνυν
1495 2890 1546 2925 ὅτι
1564 2891 1622 2925 οὐκ
1641 2894 1712 2926 εἰπε
1730 2891 1790 2934 τὴν
1809 2892 1850 2924 A.

276 2944 330 2975 25.
357 2935 462 2979 ἕγνων
479 2935 519 2968 A.
539 2934 624 2978 ἔγνω
645 2934 685 2968 Β.
705 2934 771 2968 Ed.
1057 2945 1111 2980 27.
1139 2936 1298 2981 ἐμφανεῖς
1318 2937 1397 2981 (sic)
1420 2937 1460 2971 B.
