2012 3272
96 144 163 170 xx.
183 143 248 173 20.
326 131 401 171 IN
445 131 488 171 S.
519 130 862 171 JOANNEM.
925 130 1051 171 LIB.
1085 130 1191 170 XII.
1252 130 1387 169 CAP.
1421 131 1455 170 Ι.
1606 132 1687 171 129

95 238 297 290 “πάλιν
347 239 514 305 μικρὸν
566 242 641 290 καὶ
690 239 881 308 ὄψεσθε
924 263 994 303 με,
1039 263 1115 290 και
1165 239 1427 307 χαρήσεται
1481 240 1609 302 ὑμῶν
1660 240 1687 303 ἡ
1748 242 1883 318 Ξῑνῑξπζῖ

95 322 328 387 “’καρδια,
379 326 455 372 καὶ
506 321 592 386 τὴν
641 321 795 390 χαρὰν
847 323 975 385 ὑμῶν
1025 323 1172 375 οὐδεὶς
1225 324 1329 387 ἀρεῖ
1375 322 1457 388 ἀφ
1511 320 1672 384 ὑμῶν.’

93 402 279 470 ε”χαιρον
305 403 389 467 μὲν
415 403 507 469 γὰρ
549 407 591 454 οὶ
626 403 787 468 πάσης
823 404 1126 473 ἀποπληξίας
1165 403 1248 454 τὸν
1283 409 1392 454 νοῦν
1419 402 1732 466 ἀνάμεστονῑ)

93 484 277 552 ἔχοντες
320 487 550 548 Ἰουδαῖοι,
602 490 795 555 σταυρῷ
846 486 1243 552 προσηλούμενον
1296 486 1555 546 βλέποντες
1606 485 1690 536 τὸν

50 567 300 630 5Ἰησοῦν·
344 567 473 636 λύπῃ
511 567 559 619 δὲ
594 566 781 637 ἀκράτῳ
819 570 894 618 καὶ
932 568 1299 636 δυσαχθεστάτῃ
1331 566 1688 637 κατεφορτίζετο

91 652 187 699 τῶν
232 650 380 714 ἁγίων
425 654 650 715 μαθητῶν
691 651 719 715 ἡ
770 651 953 717 καρδία.
1026 652 1137 701 ἀλλ’
1182 652 1369 717 ἐπείπερ
1420 652 1523 701 ἐστὶ
1568 649 1688 700 κατὰ

93 730 244 799 φύσιν
270 732 375 798 ζωὴ,
403 732 681 787 καταλύσας
706 739 789 784 τοῦ
817 732 1020 784 θανάτου
1047 732 1101 784 τὸ
1128 731 1297 799 κράτος
1328 733 1499 792 ἀνεβίω
1525 731 1687 794 πάλιν,

94 815 168 864 καί
205 814 232 877 ἡ
272 813 357 878 μὲν
395 819 489 866 τῶν
524 816 762 867 Ἰουδαίων
801 817 994 881 ἀπέσβη
1038 815 1177 884 χαρὰ,
1216 820 1312 870 τοῖς
1350 815 1500 882 γεμὴν
1538 815 1688 881 ἁγίοις

94 895 385 951 ἀποστόλοις
417 898 770 966 μετακεχωρηκε
805 897 892 963 μὲν
918 900 943 949 ὁ
980 899 1176 952 κοπετὸς
1212 902 1274 952 εἰς
1310 897 1475 966 χαρὰν,
1503 896 1682 949 ἀναπό-
1748 908 1804 982 ᾖ
1819 908 1910 938 xxix.

27 1005 75 1030 ιο
93 983 273 1043 βλητος
301 978 349 1030 δὲ
375 984 622 1034 παντελῶς
649 983 723 1031 καὶ
751 982 1063 1048 ἀναφαίρετος
1091 979 1429 1044 ἀνεβλάστησε
1464 980 1683 1045 θυμηδία.
1796 974 1803 982 ’

93 1060 364 1130 τεθνήξεται
390 1061 484 1129 γὰρ
511 1061 660 1114 οὐκέτι
680 1062 894 1129 Χριστὸς
915 1063 1051 1132 ἅπαξ
1068 1061 1364 1115 ἀποθανὼν“
1381 1066 1444 1116 εἰς
1464 1064 1689 1127 ἀθετησιν
1706 1101 1727 1127 0
1747 1062 1837 1138 H6‘fb·
1857 1061 1902 1093 ix.

95 1150 121 1173 ‘⁶
147 1144 414 1210 ἀμαρτίας,”
454 1144 575 1196 καθὰ
613 1144 895 1212 γέγραπται.
957 1145 1047 1212 ζῶν
1085 1145 1178 1212 γὰρ
1217 1147 1285 1197 ἀεὶ
1322 1169 1397 1197 και
1438 1146 1684 1214 ὑπαρχων,

93 1225 404 1291 ἀτελεύτητον
431 1230 578 1292 δῆλον
611 1227 681 1279 ὅτι
719 1231 815 1282 τοῖς
854 1227 1125 1294 ἐλπίζουσιν
1151 1229 1223 1279 ἐπ’
1254 1229 1379 1298 αὐτῷ
1417 1227 1690 1295 διατηρήσει

94 1307 148 1358 τὸ
199 1308 390 1376 χαίρειν.
468 1309 818 1377 κατασπάζεται
870 1310 918 1361 δὲ
969 1309 1130 1372 πάλιν,
1181 1309 1236 1361 τὸ
1286 1311 1489 1374 σύνηθες
1545 1312 1690 1361 ἐκεῖνο

25 1409 72 1448 15
95 1389 262 1455 λέγων,
303 1391 547 1443 τουτέστιν
583 1392 760 1457 Εἰρήνη
800 1393 920 1455 ὑμῖν,
961 1390 1104 1456 νόμον
1144 1389 1307 1459 ὥσπερ
1349 1392 1454 1443 τινὰ
1492 1394 1568 1443 καὶ
1607 1392 1690 1443 τὸν

95 1473 169 1523 ἐπὶ
205 1473 355 1543 τούτῳ
380 1476 518 1528 τιθεὶς
544 1479 640 1528 τοῖς
665 1477 748 1538 τῆς
774 1473 1066 1539 Ἐκκλησίας
1103 1473 1292 1528 τέκνοις.
1344 1474 1583 1541 τοιγάρτοι
1614 1476 1690 1525 καὶ

93 1555 142 1604 ἐν
167 1559 268 1609 ταῖς
299 1556 451 1622 ἁγίαις
484 1556 703 1620 μάλιστα
737 1555 954 1610 συνόδοις
989 1555 1092 1620 ἤτοι
1129 1556 1364 1626 συνάξεσι
1402 1557 1510 1620 παρ’
1542 1556 1686 1610 αὐτὰς

93 1642 176 1687 τοῦ
201 1639 465 1705 μυστηρίου
490 1637 574 1692 τὰς
601 1637 764 1706 ἀρχὰς,
791 1644 931 1689 τοῦτο
967 1640 1043 1690 καὶ
1077 1639 1207 1703 ἡμεῖς
1243 1638 1477 1703 ἀλλήλοις
1508 1639 1680 1708 φαμέν.
1705 1644 1734 1685 (1

92 1717 147 1770 τὸ
185 1718 277 1787 γὰρ
318 1720 561 1787 εἰρηνεύειν
595 1721 715 1785 ἡμᾶς
753 1720 872 1788 πρός
909 1743 958 1772 τε
997 1719 1242 1785 ἀλλήλους
1281 1721 1357 1772 καὶ
1390 1719 1530 1784 Θεὸν,
1556 1719 1687 1787 πηγή

26 1822 75 1848 20
93 1823 162 1855 τις
207 1800 371 1870 ὥσπερ
423 1805 498 1854 καὶ
549 1801 672 1871 ἀρχὴ
721 1801 898 1857 παντὸς
945 1801 1003 1854 ἂν
1047 1801 1273 1871 ὑπάρχειν
1318 1808 1469 1855 νοοῖτο
1520 1809 1687 1857 καλοῦ.

93 1883 332 1950 τοιγάρτοι
373 1886 450 1936 καὶ
490 1888 689 1938 Παῦλος
733 1885 793 1936 τὰ
836 1885 1027 1937 πάντων
1067 1884 1273 1954 ὑπάρξαι
1312 1884 1556 1937 κάλλιστα
1594 1890 1690 1939 τοῖς

94 1966 394 2031 κεκλημένοις
420 1966 727 2036 ἐπευχόμενος
752 1975 778 1997 “
799 1966 950 2034 Χάρις
978 1969 1083 2031 ὑμῖν
1111 1970 1186 2019 καὶ
1224 1967 1378 2034 εἰρήνη
1415 1969 1568 2036 φησὶν
1594 1967 1689 2019 ἀπὸ
1752 1969 1848 2054 {50¹³-
1867 1970 1888 2002 i.

95 2054 123 2076 ‘⁶
149 2051 274 2099 Θεοῦ
319 2049 511 2116 Πατρὸς
555 2049 687 2113 ἡμῶν
726 2051 801 2100 καὶ
844 2051 1020 2117 Κυρίου
1059 2051 1222 2115 Ἰησοῦ
1263 2049 1522 2117 Χριστοῦ,”
1563 2073 1682 2116 προ-

94 2129 278 2197 τρέπων
309 2130 358 2182 δὲ
395 2131 544 2183 πάλιν
579 2135 641 2185 εἰς
680 2130 865 2198 εἰρήνην
898 2131 984 2197 τὴν
1018 2134 1078 2186 ὡς
1118 2131 1236 2200 πρὸς
1263 2131 1388 2184 Θεὸν
1411 2132 1518 2186 τοὺς
1557 2133 1688 2184 οὔπω

28 2230 76 2269 25
94 2212 447 2267 πιστεύσαντας
475 2212 672 2281 “’Υπὲρ
706 2217 937 2280 Χριστοῦ,
970 2217 1108 2283 φησὶ,
1133 2214 1476 2281 πρεσβεύομεν,
1503 2217 1565 2269 ὡς
1604 2220 1687 2266 τοῦ
1750 2224 1855 2298 ΞΟΟΓ-
1870 2235 1901 2257 v.

96 2302 122 2324 “
149 2299 275 2346 Θεοῦ
319 2301 710 2363 παρακαλοῦντος
756 2297 810 2347 δι’
851 2296 998 2360 ἡμῶν·
1050 2296 1248 2360 δεόμεθα
1292 2295 1406 2363 ὑπὲρ
1449 2300 1684 2363 Χριστοῦ,
1771 2278 1803 2300 ⁰·

96 2383 123 2406 ‘⁶
149 2378 485 2444 καταλλάγητε
523 2380 589 2447 τῷ
627 2377 782 2448 Θεῲ·”
829 2377 1092 2445 παραθήγει
1131 2377 1179 2430 δὲ
1218 2378 1349 2430 οὐδὲν
1386 2379 1528 2443 ἧττον
1566 2379 1726 2444 ἡμᾶςθ

96 2460 172 2510 καὶ
211 2461 235 2509 ὁ
273 2461 521 2528 προφήτης
548 2460 759 2514 ‘Hostias
796 2465 924 2522 βοῶν
953 2468 980 2490 “
1002 2460 1289 2525 Ποιήσωμεν
1329 2460 1512 2527 εἰρήνην
1548 2462 1687 2531 αὐτῷ,
1751 2459 1915 2542 ξὸὀῗῃίὶ·

96 2548 123 2570 “
149 2540 424 2605 ποιήσωμεν
449 2541 633 2608 εἰρήνην
659 2546 701 2592 οἱ
739 2541 1023 2610 ἐρχόμενοι.”
1063 2543 1314 2608 πρέπουσα
1352 2544 1507 2594 τοίνυν
1539 2544 1566 2607 ἡ
1606 2549 1689 2594 τοῦ

31 2648 80 2683 30
98 2622 244 2689 λόγου
284 2623 477 2687 δύναμις
519 2628 586 2693 τῷ
630 2622 716 2688 τὴν
755 2623 939 2690 εἰρήνην
977 2624 1274 2690 βραβεύοντι,
1315 2629 1506 2689 μᾶλλον
1546 2624 1593 2676 δὲ
1631 2629 1689 2693 τῇ

97 2704 287 2756 πάντων
331 2705 500 2773 εἰρήνῃ,
543 2705 760 2756 τουτέστι
801 2709 1018 2775 Χριστῷ·
1088 2713 1116 2735 “
1140 2706 1292 2760 Αὐτὸς
1341 2707 1435 2773 γοίρ
1485 2709 1616 2759 ἐστιν
1660 2708 1688 2771 ἡ

427 2791 447 2800 Λ
494 2786 519 2802 ³,

99 2793 126 2815 ‘⁶
153 2786 308 2854 εἰρήνη
347 2787 492 2851 ἡμων,
547 2786 667 2838 κατὰ
705 2787 788 2842 τὰς
828 2787 1035 2856 γραφάς.

245 2953 297 2977 12.
322 2944 388 2989 γὰρ
407 2950 629 2990 assumptum
648 2956 690 2978 ex
709 2944 752 2978 E.
1310 2954 1361 2987 13.
1387 2942 1488 2976 αὐτὸν
1506 2942 1548 2976 Ε.

159 3010 251 3039 VOL.
275 3013 342 3040 111.

883 3014 901 3039 ⁷1)
