2012 3272
92 162 161 187 xx.
187 158 250 196 10,
273 158 334 185 11.
450 140 524 182 IN
601 134 986 180 JOANNEM.
1049 131 1176 172 LIB.
1210 128 1314 170 XII.
1598 125 1676 164 111

91 257 247 352 ἀληθῆ
274 252 356 305 τὸν
381 250 490 318 παρ’
519 250 662 301 αὐτοῦ
689 245 943 317 φαίνεσθαι
978 241 1140 308 λόγον,
1168 239 1222 291 ὸν
1248 238 1340 307 εφη
1379 237 1484 302 περὶ
1526 235 1679 284 αὐτῶν

91 338 210 406 πρὸς
251 336 332 388 τὸν
366 336 414 386 ἐν
447 338 543 387 τοῖς
582 332 794 398 οὐρανοῖς
823 325 1017 390 Πατερα
1063 331 1089 354 “
1114 321 1275 388 Πάτερ
1315 318 1430 386 ἅγιε,
1469 316 1681 384 τήρησον
1744 314 1853 389 ΪζἭΠι
1865 365 1891 392 1,

95 428 121 451 ⁶⁶
148 417 328 481 αὐτους,
351 417 559 486 φησιν,’
538 439 586 466 εν
612 417 679 483 τῷ
707 410 907 475 ὀνόματί
930 430 1021 459 σου
1048 404 1085 476 ᾠ
1113 402 1313 456 δέδωκάς
1341 425 1434 466 μοι,
1459 400 1536 451 ἵνα
1563 397 1682 449 ὦσιν
1749 409 1798 431 ¹²·

94 509 122 532 ⁶⁶
149 501 197 553 ἓν
235 500 388 554 καθὼς
430 500 559 563 ημεῖς
603 496 666 549 ἓν.
721 493 796 545 ὅτε
837 492 962 557 ἥμην
1006 487 1102 552 μετ’
1146 488 1312 548 αὐτῶν,
1354 483 1446 550 ἐγὼ
1491 480 1684 547 ἐτήρουν

53 591 124 644 5“
150 583 368 637 αὐτους’
347 606 395 634 εν
429 585 495 651 τῷ
533 577 732 642 ὀνόματί
766 598 858 627 σου
898 572 934 643 ᾡ
974 568 1177 624 δεδωκας
1215 591 1309 633 μοι,
1349 569 1425 617 καὶ
1464 563 1686 662 ἐφύλαξα

97 674 126 698 “
151 665 330 729 αὐτους,
370 688 445 716 και
484 663 628 714 οὐδεις
669 659 725 728 ἐξ
760 659 914 710 αὐτῶν
953 654 1186 715 ἀπωλετο,
1226 655 1264 703 εἰ
1302 650 1366 714 μὴ
1406 650 1431 700 6
1472 646 1566 700 υἱὸς
1606 667 1689 709 της

98 748 432 801 “’.”ἀπωλειας
500 742 825 812 ὑποφεύγουσι
868 738 1024 790 τοίνυν
1076 759 1119 787 οι
1168 734 1388 798 μαθηται,
1432 750 1689 796 περιμειναι
1707 734 1735 775 b

100 835 195 884 δεῖν
220 831 420 894 οἰόμενοι
445 828 528 880 τὸν
553 829 636 890 τῆς
660 822 929 891 παῤῥησίας
956 817 1130 885 καιρόν.
1183 816 1328 883 ἐδρων
1355 812 1403 865 δε
1428 818 1568 863 τοῦτο
1594 814 1692 863 τοῖς

100 920 183 966 τοῦ
234 915 453 1010 Σωτῆρος
518 904 903 969 καταπειθόμενοι
961 900 1138 966 λόγοις.
1205 904 1233 926 ⁶⁶
1253 894 1547 962 παρήγγειλε
1598 891 1692 958 γὰρ
1754 892 1917 978 2322343·

118 998 310 1050 ζαὐτοῖς
337 993 430 1046 ἀπὸ
454 989 806 1059 Ιεροσολυμων
831 986 896 1051 μὴ
923 982 1221 1051 χωρίζεσθαι,
1248 978 1370 1031 καθα
1404 997 1690 1043 γεγραπται,
1758 989 1786 1021 5·
1898 960 1905 975 ’

104 1089 131 1113 ⁶⁶
156 1079 415 1148 περιμένειν
455 1077 503 1128 δὲ
541 1075 627 1141 τὴν
669 1071 959 1138 ἐπαγγελίαν
1002 1073 1085 1119 τοῦ
1127 1063 1335 1132 Πατρὸς,
1380 1062 1438 1127 ἣν
1481 1062 1696 1126 ἥκουσαν

104 1172 132 1195 “
158 1161 356 1226 αὐτοῦ,”’
333 1184 404 1213 οτι
422 1158 643 1223 Ἰωαννης
663 1156 746 1222 μὲν
766 1154 1025 1216 ἐβαπτισεν
1043 1150 1188 1211 ὕδατι,
1210 1148 1340 1198 αὐτοι
1360 1145 1408 1196 δε
1425 1141 1698 1206 βαπτισθή-

107 1255 134 1278 “
161 1269 328 1298 σονται
353 1246 400 1295 ἐν
423 1242 664 1305 Πνεύματι
689 1238 841 1306 Αγίω
866 1236 920 1286 οὑ
939 1257 1057 1299 μετα
1076 1230 1267 1284 πολλὰς
1283 1228 1455 1282 ταύτας
1476 1226 1681 1292 ἡμε’ρας“’

109 1329 134 1382 6
174 1328 230 1394 δὴ
272 1352 347 1379 και
380 1331 442 1380 εἰς
481 1324 624 1391 πέρας
657 1318 914 1383 ἐκβεβηκὸς
953 1314 1214 1381 εὑρήσομεν
1253 1335 1374 1363 κατα
1411 1309 1495 1363 τὰς
1526 1309 1699 1374 ἡμερας

42 1435 90 1476 15
110 1415 193 1476 τῆς
236 1411 372 1476 ἁγιας
414 1406 753 1471 πεντηκοστῆς,
793 1400 868 1452 ὅτε
911 1395 1197 1466 ίς(ι’)’<],’)θησαν
1236 1395 1392 1446 αὐτοῖς
1435 1389 1692 1457 διαμεριζό-
1719 1413 1811 1444 ch
1829 1412 1863 1443 fi
1883 1420 1912 1451 3

111 1501 298 1558 “μεναι
324 1495 552 1558 γλῶσσαι
584 1488 697 1538 ὡσει
731 1483 891 1550 πυρὸς,
919 1504 995 1532 και
1034 1477 1250 1529 ἐκάθισεν
1277 1475 1348 1545 ἐφ’
1378 1497 1458 1526 ενα
1497 1495 1702 1524 εκαστον

128 1576 351 1627 (αὐτῶνῖ
412 1571 518 1624 τότε
557 1592 651 1636 γαρ
683 1567 791 1618 λίαν
823 1569 883 1618 εἰς
923 1560 1110 1614 εὔτονον
1148 1583 1198 1611 τε
1238 1561 1313 1610 καὶ
1352 1555 1704 1620 εὐτολμοτατην

112 1653 572 1724 μετασκευασθεντες
615 1650 837 1709 διανοιαν,
876 1669 952 1696 και
995 1647 1077 1707 τῆς
1121 1641 1416 1707 ἀνθρωπίνης
1462 1637 1706 1689 ἀσθενειας

114 1745 177 1796 ὡς
210 1735 499 1806 ποῤῥωτατω
540 1734 737 1797 κείμενοι
776 1734 877 1783 ταῖς
920 1731 1015 1778 τῶν
1049 1724 1289 1776 Ἰουδαίων
1327 1721 1513 1786 μανίαις
1553 1722 1705 1770 ἀνθω-

49 1853 98 1878 20
115 1821 352 1889 πλίζοντο,
395 1842 470 1870 και
515 1816 664 1882 λόγον
706 1812 870 1865 οὐδενα
919 1812 1002 1873 τῆς
1050 1807 1160 1873 παρ’
1215 1805 1400 1857 ἐκείνων
1451 1803 1709 1864 ἐπιβουλῆς

117 1907 356 1958 ποιεῖσθαι
399 1903 493 1951 δεῖν
528 1895 813 1962 ἐδοκιμαζον.
866 1896 907 1944 οἱ
949 1891 1034 1956 μὲν
1075 1890 1156 1941 οὐν
1195 1887 1473 1987 σοςρώτατοι
1505 1884 1710 1948 μαθηται

119 2005 493 2052 κατεκρυπτοντο
534 1980 796 2049 χρησίμως,
841 1974 1053 2040 καθαπερ
1095 1970 1215 2040 ἐφην
1253 1968 1441 2036 ἀρτίως·
1503 1967 1531 2031 ἡ
1572 1965 1626 2016 δε
1658 1987 1712 2031 γε

120 2067 435 2139 φιλόχριστος
463 2062 682 2130 Μαριαμ,
709 2058 791 2112 ἅτε
817 2057 873 2123 δὴ
900 2080 976 2109 και
1011 2053 1187 2108 παντὸς
1224 2050 1447 2118 ἐλευθερα
1484 2050 1711 2113 δειματος,
1731 2060 1758 2100 d

121 2153 197 2204 καὶ
235 2150 321 2215 τὴν
345 2153 439 2200 τῶν
464 2145 703 2198 Ἰουδαίων
735 2141 883 2210 ὀργὴν
922 2140 1005 2191 οὐκ
1043 2136 1222 2205 ἔχουσα
1260 2135 1370 2185 λιαν
1397 2134 1444 2184 ἐν
1472 2129 1714 2199 ὑποψιαις,

56 2262 104 2303 25
122 2231 425 2302 προσεδρεύει
463 2251 549 2294 μεν
593 2224 894 2290 ιταμώτερον,
935 2219 989 2272 τὸ
1035 2219 1083 2271 δὲ
1121 2222 1222 2271 ταῖς
1263 2215 1471 2280 θηλείαις
1511 2212 1585 2263 ἀεί
1615 2234 1716 2265 πως

123 2311 465 2383 προσπεφυκὸς
500 2309 716 2374 ὑπομένει
745 2305 911 2366 παθος,
939 2299 1180 2366 ἀνοιμώζει
1209 2298 1302 2366 γὰρ
1329 2293 1714 2361 ἀπληστότερον,

126 2401 202 2450 καὶ
240 2394 506 2463 ἀκορεστως
547 2396 640 2443 τῶν
679 2390 806 2441 ιδίων
845 2384 1070 2452 ὀμματων
1108 2380 1362 2441 ἀποθλιβει
1406 2379 1460 2430 τὸ
1501 2376 1719 2444 δάκρυον,

128 2481 215 2548 οὐχ
241 2479 312 2530 ὅτι
337 2474 633 2539 τετελεύτηκε
659 2473 1022 2536 καταθρηνοῦσα
1049 2465 1208 2529 μόνον,
1238 2463 1347 2514 ἀλλ’
1378 2461 1448 2513 ὅτι
1476 2484 1552 2513 και
1577 2481 1720 2525 μετα-

128 2564 366 2614 τεθεῖσθαι
391 2563 474 2611 τοῦ
500 2577 742 2623 μνηματος
768 2550 898 2623 ᾠήθη
925 2548 1008 2603 τὸν
1036 2547 1230 2615 Κύριον.
