2012 3272
99 160 165 186 xv.
186 155 238 199 35
262 159 346 198 sqq.
410 144 476 183 IN
515 143 599 183 ΕΡ.
630 142 665 183 1.
703 142 785 182 AD
823 141 1209 183 CORINTHIOS.
1263 141 1377 181 Lm.
1403 141 1505 181 vn.
1597 142 1681 181 309

1718 207 1732 247 [
1752 205 1789 246 76
1810 206 1856 236 M.
1876 205 1890 246 ]

98 252 347 319 ἀφθαρσίᾳ
385 251 626 317 γέγονενὸ
658 250 918 317 ἄνθρωπος,
944 249 1076 300 ἀλλὰ
1114 253 1189 300 καὶ
1230 248 1313 300 τὸν
1351 253 1434 313 τῆς
1473 249 1681 299 ἀναστά-

99 352 236 386 σεως·
288 333 342 383 οὐ
380 332 473 398 γὰρ
516 334 589 383 ἐπὶ
634 331 832 401 τιμωρίᾳ
874 333 897 382 ὁ
941 330 1062 386 Θεὸς
1102 337 1228 383 ποιεῖ
1265 330 1349 395 τὴν
1397 330 1681 392 ἀνάστασιν,
1702 336 1898 410 ἓῖἔ-ἶιξζὶέ-ᾹΟ

99 413 229 464 ἀλλὰ
268 413 343 464 διὰ
381 414 466 478 τὴν
505 415 669 465 ἑαυτοῦ
709 415 1086 481 εὐσπλαγχνίαν.
1792 404 1798 410 ⁴
1903 404 1908 409 Ι

172 496 314 546 Ἀλλ’
355 496 471 549 ἰ’σως
509 497 652 546 ἐκεῖνο
692 497 805 561 ἐρεῖς
845 497 941 546 Ναὶ
981 496 1134 560 λέγεις
1173 497 1341 560 ὀρθῶς·
1395 494 1598 561 παρίημί
1634 517 1682 544 τε

59 593 79 631 5
102 576 270 629 λοιπὸν
303 576 356 628 τὸ
394 580 562 645 χρῆναι
601 577 751 644 ζητεῖν
781 576 884 632 Πῶς
925 577 1156 645 ἐγείρονται
1199 583 1233 628 οἱ
1275 578 1421 648 νεκροί·
1473 575 1685 627 διειδέναι

100 658 250 724 γεμὴν
285 661 541 724 ἀναγκαῖον
567 662 679 730 ποίῳ
712 659 892 726 σώματι
931 659 1142 726 ἔρχονται·
1198 656 1288 724 ἆρα
1324 657 1416 724 γὰρ
1443 656 1496 708 τὸ
1523 660 1571 708 ἐκ
1598 660 1686 722 γῆς

101 739 158 805 δὴ
184 747 321 792 τοῦτο
347 744 421 791 καὶ
448 745 505 807 τῇ
533 745 691 809 φθορᾷ
718 740 921 808 κάτοχον
948 740 1266 799 ἀναβιώσεται
1293 744 1448 803 σῶμα,
1475 738 1502 803 ἢ
1530 738 1687 804 ἕτερόν

101 845 145 873 τι
170 823 278 888 παρ’
308 821 420 873 αὐτὸ
446 822 575 886 πλὴν
602 822 659 890 ἐξ
691 823 864 885 αὐτοῦ,
909 822 1054 890 φαίην
1082 823 1118 872 δ’
1149 820 1206 872 ἂν
1231 822 1378 887 ε”γωγε
1405 820 1523 887 πρὸς
1548 826 1687 871 τοῦτο

102 903 247 966 εὐθὺς,
275 906 336 958 ὡς
364 906 388 954 ὁ
415 903 501 966 μὲν
527 903 665 970 ὀρθὸς
694 907 775 968 τῆς
813 905 1020 957 πίστεως
1059 902 1203 969 λόγος
1239 903 1541 968 περιίστησιν
1567 903 1688 966 ἡμᾶς

34 1014 81 1039 10
103 989 165 1040 εἷς
189 985 326 1050 τήνδε
351 985 437 1049 τὴν
462 985 621 1052 σάρκα
647 985 732 1050 τὴν
758 986 1043 1036 ἀνοίστασιν·
1096 985 1267 1046 ἀνεβίω
1293 983 1387 1051 γὰρ
1413 985 1535 1035 οὕτω
1561 987 1683 1050 Χρι-

102 1066 219 1120 στὸς
246 1067 270 1117 ὁ
296 1066 594 1132 πρωτότοκος
628 1069 677 1118 ἐκ
717 1071 904 1133 νεκρῶν,
932 1067 960 1131 ἡ
987 1065 1179 1134 ἀπαρχὴ
1206 1071 1300 1118 τῶν
1327 1066 1683 1129 κεκοιμημένων·

102 1148 258 1212 ἐπειδὴ
290 1147 337 1199 δὲ
372 1150 425 1199 οὐ
460 1147 655 1217 σφόδρα
693 1150 820 1200 τισὶν
852 1147 1039 1214 ἀρέσκει
1078 1147 1132 1198 τὸ
1172 1146 1346 1214 δόγμα,
1380 1147 1492 1216 φερε
1531 1169 1686 1212 παρα-

103 1229 256 1283 θέντες
296 1228 349 1280 ὃν
379 1231 428 1280 εὖ
453 1231 573 1298 ἔχειν
599 1230 773 1281 οἴονται
812 1229 975 1296 λόγον,
1002 1229 1061 1280 τὰ
1099 1229 1253 1280 εἰκότα
1292 1229 1519 1294 λέγωμεν·
1570 1227 1691 1293 (εἶτα

103 1314 326 1377 παραθεὶς
364 1316 459 1363 τῶν
484 1311 808 1379 προϋπάρχειν
836 1310 1074 1378 λεγόντων
1099 1310 1184 1365 τὰς
1222 1310 1383 1379 ψυχὰς
1422 1310 1505 1364 τὰς
1543 1314 1689 1374 μυθο-

36 1416 82 1454 15
105 1393 271 1458 λογίας
310 1394 484 1463 φησίν)
525 1392 642 1444 Εἶτα
681 1398 783 1447 πῶς
826 1393 1200 1457 ἀποσεμνύνεται
1240 1392 1360 1446 Θεὸς
1401 1394 1475 1444 ἐπὶ
1512 1396 1571 1459 τῇ
1608 1396 1691 1442 τοῦ
1710 1397 1880 1472 g1f1¹b84

105 1474 355 1541 ἀνθρώπου
400 1479 698 1543 κατασκευῇ,
758 1477 882 1544 φησι
922 1498 1015 1541 γαρ
1054 1498 1147 1526 που
1185 1474 1303 1540 πρὸς
1342 1498 1425 1526 τον
1463 1497 1693 1540 μακαριον

104 1556 218 1616 Ἰώβ
253 1563 278 1586 “
300 1560 358 1607 Εἰ
384 1579 448 1607 συ
474 1556 641 1617 λαβὼν
667 1560 753 1623 γῆς
788 1555 946 1621 πηλὸν
972 1556 1190 1611 επλασας
1217 1556 1348 1626 ζῶον,
1375 1579 1450 1607 και
1478 1554 1692 1619 λαλητον
1712 1580 1803 1610 Hiob

105 1645 131 1668 ‘⁶
159 1636 271 1689 αὐτο
311 1638 419 1689 εθου
457 1639 531 1689 ἐπὶ
567 1641 650 1702 τῆς
688 1641 806 1704 γῆς,
812 1639 837 1654 ”
878 1662 999 1704 περα
1036 1638 1130 1704 γὰρ
1170 1636 1298 1700 οἶμαι
1335 1661 1514 1691 παντος
1545 1636 1604 1688 ἀν
1635 1623 1848 1688 ‚lmxxxvhi
1869 1633 1916 1664 14·

104 1720 342 1783 θαύματος
368 1743 423 1770 το
449 1718 645 1785 λογικον
671 1721 721 1770 ἐκ
747 1722 835 1785 γῆς
860 1718 1147 1771 ἀποτελεσαι
1176 1719 1306 1788 ζωόν·
1355 1723 1457 1773 πῶς
1483 1719 1531 1770 δε
1558 1742 1695 1785 γεγο-

39 1823 87 1848 20
105 1799 217 1852 νότα
243 1800 325 1852 τὸν
352 1802 603 1868 ἄνθρωπον
623 1801 756 1856 εὐθὺς
782 1804 857 1852 καὶ
883 1800 1227 1864 πεπλασμένον
1248 1803 1297 1852 ε”κ
1317 1803 1405 1866 γῆς
1434 1801 1696 1867 εὐλόγησεν

107 1883 131 1932 ὁ
160 1883 461 1949 Δημιουργός
493 1890 519 1913 “
540 1881 817 1951 Αὐξοίνεσθε
851 1885 925 1934 καὶ
953 1883 1256 1946 πληθύνεσθε
1283 1883 1437 1948 λέγων
1464 1884 1539 1933 καὶ
1564 1890 1693 1946 πλη·
1714 1902 1798 1933 Gen.
1811 1902 1895 1934 ms.

106 1971 134 1993 ‘⁶
157 1965 344 2031 ρώσατε
383 1963 470 2028 τὴν
507 1967 597 2030 γῆν
620 1963 664 2026 ;”
710 1966 809 2031 (καὶ
840 1963 1006 2016 πολλὰ
1031 1964 1164 2030 ἕτερα
1190 1964 1308 2031 πρὸς
1335 1963 1504 2019 αὐτοὺς
1530 1964 1692 2027 εἰπὼν,

106 2045 330 2115 ἐπιφέρει)
358 2046 538 2116 ἀρίστῳ
569 2048 739 2113 χρῆται
772 2046 1118 2113 παραδείγματι
1145 2047 1169 2096 ὁ
1196 2045 1452 2101 θεσπέσιος
1481 2050 1693 2108 Παῦλος,

106 2128 292 2178 πίπτειν
330 2127 415 2191 μὲν
445 2131 506 2181 εἷς
544 2131 635 2194 γῆν
672 2127 727 2178 τὸ
766 2133 909 2192 σῶμα
947 2128 1102 2194 λέγων
1141 2127 1221 2178 οἶοί
1254 2151 1358 2178 τινα
1402 2129 1572 2190 κόκκον,
1610 2128 1696 2194 οὐχ
1715 2161 1781 2182 ver.
1799 2159 1848 2190 37·

43 2225 89 2263 25
109 2211 254 2264 οὕτως
288 2209 680 2273 ἀναστησόμενον
716 2209 837 2260 καθὰ
874 2211 948 2260 καὶ
980 2209 1167 2275 ἐσπάρη
1202 2209 1377 2277 γυμνὶν,
1414 2210 1523 2260 ἀλλ’
1553 2211 1615 2263 ὡς
1648 2210 1697 2259 ἐν

109 2290 340 2359 ἀμφιάσει
379 2314 454 2342 και
497 2295 762 2358 περιστολῇ
807 2296 902 2342 τῶν
943 2291 999 2360 ἐξ
1031 2291 1163 2344 εθους
1203 2289 1511 2359 ἐμφυομένων
1555 2291 1694 2360 αυτῶ,
1716 2308 1768 2343 77
1791 2307 1852 2342 Μ.

109 2371 324 2437 καλαμης
363 2371 420 2436 δὴ
459 2372 585 2438 λεγω
621 2395 696 2423 και
724 2373 990 2440 φυλλοίδος·
1046 2369 1202 2424 &cyme-c
1235 2372 1329 2439 γάρ
1357 2377 1552 2470 φησιν
1536 2399 1553 2424 o
1583 2373 1695 2427 Θεος
1714 2399 1780 2419 ver.
1799 2388 1849 2428 38

111 2453 289 2525 ἑκάστῳ
315 2478 396 2505 των
422 2452 686 2523 σπερμάτων
712 2451 812 2506 ἱδιον
838 2478 992 2523 σ-ωμοι.
1048 2453 1203 2518 ἐπειδὴ
1240 2453 1331 2521 γὰρ
1367 2455 1455 2521 οὐχ
1487 2453 1697 2508 ἅπαντας

110 2559 217 2590 τους
261 2535 617 2601 κεκοιμημένους
669 2536 1033 2597 ἀναβιώσεσθαί
1076 2540 1228 2604 φησιν
1269 2538 1317 2586 ἐν
1360 2534 1489 2604 δόξῃ,
1531 2535 1619 2587 κᾶν
1660 2540 1698 2586 εἷ

46 2638 95 2674 30
111 2616 279 2671 πάντες
303 2619 351 2668 ἐν
377 2617 639 2686 ἀφθαρσίᾳ·
689 2618 742 2668 οὐ
778 2617 872 2684 γάρ
904 2640 997 2670 που
1035 2622 1131 2672 τοῖς
1170 2618 1449 2669 ἀνεπιεικέσι
1487 2619 1562 2669 καὶ
1601 2623 1697 2671 τοῖς

161 2754 458 2799 23.ῙΙ1(·.Σοφῶς
476 2753 533 2788 οὖν
550 2755 671 2799 χρᾶται
690 2755 707 2786 ὁ
725 2754 929 2798 σοφώτατος
945 2755 1074 2789 παῦλος
1094 2753 1142 2788 Η.
1502 2764 1557 2795 24;
1583 2754 1697 2787 πίπτει

115 2800 193 2843 (sic)
214 2801 262 2835 H.
406 2811 460 2844 25.
488 2800 571 2833 καθὰ
590 2801 642 2833 καὶ
660 2800 792 2843 ἐσπάρη
810 2802 935 2844 γυμνὸν
953 2812 1022 2834 om.
1044 2801 1091 2835 H.
1156 2815 1223 2845 γυμ
1200 2802 1280 2844 μυὸς
1298 2800 1340 2833 A.
1415 2801 1459 2835 ὡς
1476 2805 1699 2842 assumptum

115 2858 157 2880 ex
175 2846 224 2881 Η.
420 2845 474 2880 26.
502 2845 669 2891 ἅμφιιὶσει
687 2847 730 2879 A.
738 2846 784 2879 H.
803 2847 967 2891 ἀμφιεσει
987 2846 1052 2880 Ed.
1128 2848 1237 2890 στολῇ
1260 2847 1306 2880 H.
1380 2846 1630 2890 συμφυομενων
1650 2845 1696 2877 H.

116 2892 223 2938 αὐτῷ]
243 2893 356 2937 pelgit
372 2891 424 2926 lua
443 2892 592 2935 διδάξῃ
579 2892 630 2926 ότι
648 2907 682 2926 εν
699 2895 738 2936 τῇ
760 2892 946 2928 ἀναστάσει
970 2892 1233 2937 περιστέλλεται
1259 2894 1296 2927 τὸ
1321 2896 1418 2936 σῶμα
1440 2893 1519 2936 δόξ’]
1541 2893 1628 2924 Θεοῦ
1646 2904 1698 2924 και

117 2940 256 2974 πλουτεῖ
272 2939 331 2983 τὴν
348 2939 545 2984 ἀφθαρσίαν
563 2939 609 2972 lta
628 2938 789 2974 desinens
811 2939 858 2973 H.
