2017 3252
261 487 343 538 d.

83 1812 172 1846 388
187 1812 237 1847 A.
268 1819 290 1844 a

304 138 387 176 580
730 135 780 174 B.
815 133 1059 174 CYRILLI
1103 134 1450 174 ALEXANDR.

304 244 445 295 αὑτοῦ
484 246 560 294 καὶ
584 243 737 311 σοφία
775 244 849 293 καὶ
883 241 1090 304 δύναμις,
1118 246 1219 295 πῶς
1244 242 1473 309 ἐνδέχεται
1502 242 1609 308 δίχα
1636 239 1784 306 λόγου
1811 242 1886 291 καὶ

305 325 483 393 σοφίας
522 326 599 375 καὶ
630 322 866 387 δυνάμεως
892 324 1105 373 νοεῖσθαί
1134 345 1248 374 ποτε
1282 321 1364 374 τὸν
1393 322 1614 388 Πατέρα;
1656 326 1757 375 πῶς
1783 321 1831 372 δὲ
1857 322 1886 384 ἡ

305 406 460 475 σοφία
485 411 568 457 τοῦ
595 409 720 456 Θεοῦ
752 406 828 455 καὶ
856 403 1015 469 Λόγος
1041 405 1183 454 αὐτοῦ
1207 406 1282 454 καὶ
1309 405 1336 468 ἡ
1364 405 1555 468 δύναμις
1582 405 1723 454 αὑτοῦ
1750 402 1885 453 νοοΐτ’

307 511 365 537 αν
390 510 503 539 ποτε
538 488 647 554 δίχα
675 491 759 536 τοῦ
786 484 1006 550 Πατρός;
1050 484 1078 549 ἢ
1114 489 1214 539 πῶς
1239 486 1322 536 οὐκ
1354 483 1597 553 ἐνυπάρξει
1623 484 1736 536 ποτὲ
1764 485 1889 553 αὐτῷ

306 569 331 618 ὁ
355 567 597 636 χαρακτὴρ
621 568 763 618 αὐτοῦ
784 588 797 628 3
839 570 939 619 πῶς
966 565 1015 616 δὲ
1040 568 1115 616 καὶ
1141 567 1166 617 ὁ
1192 565 1436 634 χαρακτὴρ
1458 567 1566 633 δίχα
1591 571 1673 617 τοῦ
1700 564 1888 631 Πατρὸς
1909 584 1930 621 5

306 650 360 701 οὗ
385 651 488 700 ἐστι
514 647 758 717 χαρακτήρ
781 670 792 709 ;

378 731 541 782 Ἀλλά
581 737 733 797 φασιν
777 728 847 780 ὅτι
889 730 943 780 οὐ
986 730 1253 780 συναπτέον
1298 729 1568 781 ὑπόστασιν
1612 728 1889 791 ὑποστάσει,

306 814 410 864 οὔτε
443 812 527 867 τὰς
561 814 610 863 ἐν
634 815 719 880 μιᾷ
755 811 895 880 οὐσίᾳ
929 810 1249 878 ὑπαρχούσας,
1300 813 1375 862 καὶ
1413 810 1536 879 τάχα
1570 833 1663 861 που
1697 808 1755 860 τὰ
1781 811 1886 860 καθ’

305 895 426 958 ἡμᾶς
464 893 866 961 παρακομίζουσιν
905 896 967 946 εἰς
1006 892 1245 961 ἀπόδειξιν
1284 897 1379 943 τῶν
1413 893 1569 946 αὐτοῖς
1606 895 1885 959 πεφλυαρη-

305 975 472 1039 με’νων.

381 1055 500 1108 Εἶτα
534 1061 634 1110 πῶς
668 1057 750 1107 οὐκ
785 1055 873 1106 ἔδει
899 1059 1019 1106 νοεῖν
1046 1053 1229 1117 αὐτοὺς,
1260 1055 1330 1106 ὅτι
1357 1054 1416 1105 τὰ
1442 1057 1524 1118 τῆς
1551 1055 1676 1108 θείας
1702 1054 1892 1122 φύσεως·

305 1138 397 1190 ’ίδια
425 1141 501 1189 καὶ
534 1139 748 1206 ἐξαίρετα
784 1138 837 1188 οὐ
870 1136 945 1187 διὰ
971 1140 1066 1187 τῶν
1093 1137 1203 1188 καθ’
1232 1137 1350 1200 ἡμᾶς
1374 1136 1657 1202 κανονίζέται
1682 1140 1888 1199 μᾶλλον,

306 1221 415 1271 ἀλλ’
445 1221 494 1271 ἐν
521 1220 649 1274 ἰδίοις
680 1222 771 1270 εἶσὶ
807 1218 988 1284 λόγοις,
1015 1220 1091 1269 καὶ
1121 1218 1281 1269 πίστει
1314 1217 1622 1282 λαμβάνεται,
1646 1240 1890 1284 περιεργο-

305 1302 451 1368 τέρων
488 1300 536 1352 δὲ
575 1305 826 1367 λογισμῶν
851 1301 935 1351 οὐκ
968 1299 1212 1367 ἀνέχεταις
1253 1302 1337 1363 μία
1371 1299 1464 1366 γὰρ
1491 1299 1637 1368 φύσις
1673 1301 1775 1350 ἐστὶ
1810 1302 1893 1364 τῆς

305 1382 508 1451 ἀῤῥήτου
544 1382 762 1447 θεότητος
793 1383 841 1432 ἐν
867 1381 1132 1434 ὑποστάσει
1166 1382 1301 1447 τρισί
1329 1404 1379 1433 τε
1414 1384 1489 1432 καὶ
1523 1385 1700 1445 ἶδικαΐς,
1727 1382 1818 1451 ἔξω
1846 1379 1893 1432 δὲ

304 1469 400 1516 τῶν
425 1465 531 1516 καθ’
557 1465 677 1529 ἡμᾶς
712 1466 816 1515 ε’στῖ
853 1463 1028 1529 λόγων,
1059 1465 1134 1514 καὶ
1169 1468 1265 1517 τοῖς
1301 1467 1395 1514 τῶν
1427 1463 1700 1525 κτισμάτων
1736 1464 1893 1515 ἔθεσιν

305 1547 388 1598 οὐκ
423 1548 686 1598 ἀκολουθεῖ.
735 1547 811 1596 καὶ
847 1550 986 1596 τοῦτο
1012 1546 1062 1595 ἐκ
1097 1548 1298 1596 πολλῶν
1324 1545 1455 1596 ἔστιν
1481 1548 1606 1596 ἰδεῖν.
1654 1545 1783 1609 ἡμεῖς
1807 1544 1894 1610 μὲν

305 1628 399 1696 γὰρ
433 1628 629 1695 πατέρες
665 1626 809 1692 ε’σμέν
853 1630 948 1678 τῶν
988 1625 1115 1677 ἰδίων
1153 1626 1327 1677 τέκνων
1363 1625 1483 1677 κατὰ
1518 1625 1774 1693 ἀπόῤῥοιαν
1819 1629 1894 1678 καὶ

307 1710 554 1777 μερισμόν.
609 1711 844 1777 ἀναχωρεῖ
865 1707 957 1775 γὰρ
983 1706 1037 1758 τὸ
1065 1707 1358 1774 γεννώμενον
1384 1711 1445 1761 εἷς
1473 1707 1621 1772 ἶδικὴν
1647 1706 1895 1775 ἑτερότητα

308 1791 394 1856 τὴν
419 1796 481 1846 εἷς
520 1790 648 1843 ἅπαν
674 1793 750 1841 καὶ
788 1792 1080 1857 ὁλοσχερῶς.
1134 1790 1244 1839 ἀλλ’
1276 1790 1363 1856 οὐχ
1401 1790 1547 1842 οὕτως
1577 1791 1628 1840 ἐκ
1657 1795 1741 1840 τοῦ
1769 1794 1894 1841 Θεοῦ

309 1876 384 1924 καὶ
413 1872 603 1939 Πατρὸς
629 1871 914 1938 γεννηθῆναί
942 1874 1099 1938 φαμεν
1125 1868 1207 1920 τὸν
1234 1869 1367 1920 Υὶόν·
1421 1869 1667 1939 ἐξέλαμψε
1693 1870 1777 1933 μὲν
1801 1871 1895 1938 γὰρ

308 1957 391 2018 τῆς
428 1955 592 2007 οὐσίας
630 1954 787 2014 αὑτοῦ,
826 1953 902 2003 καὶ
939 1950 1217 2020 ἐξηυγάσθη
1256 1950 1414 2019 φωτὸς
1453 1952 1603 2015 δίκην,
1659 1954 1770 2003 ἀλλ’
1811 1954 1896 2004 οὐκ

309 2035 400 2104 ἔξω
435 2035 628 2101 γέγονεν
655 2035 811 2097 αὑτοῦ,
837 2033 947 2084 ἀλλ’
975 2033 1032 2102 ἐξ
1064 2033 1205 2083 αὑτοῦ
1230 2033 1285 2083 τέ
1309 2034 1413 2083 ε’στι
1445 2034 1520 2083 καὶ
1547 2035 1595 2084 ἐν
1621 2034 1762 2103 αὐτῷ·
1820 2036 1896 2086 καὶ

309 2117 623 2183 πρεσβύτεροι
664 2115 748 2178 μὲν
789 2118 832 2166 οἱ
874 2115 981 2182 παρ’
1019 2114 1128 2179 ἡμῖν
1168 2113 1365 2180 πατέρες
1402 2118 1497 2165 τῶν
1536 2115 1662 2166 ἰδίων
1702 2115 1892 2167 τέκνων·

309 2199 483 2262 ἥκιστα
509 2196 556 2249 δὲ
582 2203 720 2249 τοῦτο
747 2195 920 2261 ἀληθὲς
950 2197 1025 2247 ἐπὶ
1052 2199 1194 2247 Θεοῦ.
1242 2194 1573 2264 συνυφέστηκε
1600 2195 1695 2264 γὰρ
1730 2198 1798 2248 ἀεὶ
1829 2201 1896 2267 τῷ

312 2280 482 2347 Πατρῖ,
508 2281 584 2330 καὶ
616 2277 918 2346 συνάναρχον
950 2277 1041 2346 ἔχει
1071 2276 1157 2342 τὴν
1183 2277 1384 2346 ὕπαρξιν
1410 2281 1477 2346 τῷ
1512 2278 1611 2348 ἰδίῳ
1641 2277 1894 2345 γεννήτορι,

361 2438 390 2462 1.
417 2426 586 2472 ἐνδέχεται
604 2426 683 2472 δίχα
699 2427 806 2470 λόγου
819 2426 872 2459 καὶ
893 2424 1045 2471 [xatom.
1058 2425 1099 2470 h]
1120 2426 1249 2470 σοφίας
1265 2440 1319 2459 και
1337 2425 1505 2470 δυνάμεως
1518 2424 1585 2459 hoc
1599 2424 1721 2459 ordine
1734 2425 1778 2460 A.
1781 2431 1844 2471 I'.g
1847 2425 1894 2460 ..h

312 2473 392 2518 διχα
408 2474 515 2517 λόγου
533 2473 586 2506 καὶ
603 2473 772 2516 δυνάμεως
790 2486 843 2505 και
861 2472 990 2517 σοφίας
1007 2472 1074 2506 ε’νδ.
1097 2471 1163 2505 Ed.
1465 2482 1496 2506 2.
1522 2470 1540 2514 ἡ
1560 2472 1668 2516 σοφία
1687 2472 1740 2505 καὶ
1757 2473 1775 2505 6
1792 2473 1896 2517 λόγος

312 2522 371 2552 τοῦ
391 2521 478 2552 Θεοῦ
495 2530 529 2563 g.
532 2518 568 2553 h.
699 2530 732 2562 3.
757 2517 776 2562 ἡ
794 2524 828 2552 et
845 2518 947 2551 αὐτοῦ
964 2519 1023 2551 alt.
1042 2524 1223 2561 assumpta
1239 2529 1281 2551 ex
1299 2517 1342 2551 A.
1346 2530 1380 2562 g.
1384 2517 1420 2552 h.
1563 2530 1596 2560 4.
1622 2518 1703 2551 ποτὲ
1721 2518 1809 2564 αυτῷ
1827 2518 1895 2553 hoc

313 2565 435 2599 ordine
453 2565 496 2598 A
500 2576 533 2608 g.
538 2565 573 2598 h.
799 2564 832 2598 6.
858 2564 897 2597 οὗ
915 2564 991 2598 ἐστι
1010 2563 1180 2609 χαρακτήρ
1198 2570 1418 2608 assumptum
1437 2575 1479 2597 ex
1496 2563 1706 2609 A.r.D.g.h.
1758 2553 1895 2599 Deinde

313 2612 342 2644 εἰ
358 2612 424 2656 γὰρ
442 2623 477 2655 p.
497 2611 577 2652 582,
600 2610 652 2652 16,
671 2610 784 2654 pergit
802 2610 961 2644 Niketas.
1071 2618 1102 2654 7.
1129 2608 1237 2654 ἀλλὰ]
1262 2614 1298 2650 -†-
1321 2610 1380 2643 οὐκ
1397 2611 1472 2644 ἐστι
1490 2611 1662 2655 χαρακτὴρ
1682 2610 1748 2645 Ed.
1766 2622 1893 2656 repug-

314 2657 480 2691 nannbus
498 2657 541 2690 A.
546 2662 581 2690 Γ.
587 2656 632 2690 D.
747 2667 800 2690 12.
825 2656 1027 2698 κανονίζεται
1043 2657 1179 2699 μᾶλλον
1196 2655 1263 2689 hoc
1281 2656 1402 2690 ordine
1420 2657 1463 2689 A.
1589 2668 1641 2714 13.
1668 2657 1742 2691 ἐστι
1762 2657 1894 2701 Migne.

313 2703 580 2748 περιεργοτέρων
597 2703 634 2759 δέ,
651 2702 694 2736 Α.
712 2701 764 2736 καὶ
781 2702 1048 2747 περιεργοτέρων
1067 2701 1133 2735 Ed.
1329 2712 1382 2747 17
1409 2703 1445 2736 ἐκ
1462 2704 1637 2737 πολλῶν”
1619 2717 1714 2738 εστιν
1730 2703 1812 2737 ἰδεῖν
1829 2703 1895 2738 hoc

314 2750 437 2784 ordine
455 2750 498 2783 A.
517 2750 599 2783 ιδεῖν
617 2748 711 2782 ἐστιν
729 2748 763 2781 ἐκ
782 2750 922 2782 πολλῶν
941 2748 1006 2782 Ed.
1224 2748 1276 2782 18.
1302 2749 1445 2794 πατέρες
1462 2749 1566 2793 ε’σμεν
1583 2754 1649 2784 τῶν
1666 2749 1757 2784 ἰδίων
1774 2764 1895 2784 τεκνων

314 2797 381 2830 hoc
406 2796 527 2829 ordine
546 2795 588 2829 A.
606 2797 748 2840 πατέρες
773 2794 875 2837 ε’σμὲν
901 2800 979 2838 post
1004 2809 1127 2828 τεκνων
1145 2795 1342 2838 transponit
1361 2795 1426 2829 Ed.
1500 2796 1570 2841 και]
1595 2800 1632 2836 -ff—
1653 2796 1734 2829 κατὰ
1756 2795 1822 2830 Ed
1840 2796 1894 2829 in-

314 2843 392 2876 vitis
412 2842 454 2876 A.
460 2843 506 2876 D.
694 2852 748 2875 20.
774 2841 827 2874 καὶ
844 2847 1065 2884 assumptum
1084 2853 1124 2874 ex
1144 2841 1187 2875 A.
1378 2852 1433 2875 22.
1460 2842 1652 2886 ἐξηυγάσθη
1669 2843 1784 2887 φωτὸς
1802 2842 1895 2884 δικην

314 2888 380 2922 hoc
398 2888 518 2923 ordine
537 2889 579 2921 A.
599 2888 691 2932 δίκην
707 2887 901 2933 ἐξηυγάσθη
918 2889 1033 2932 φωτός
1053 2887 1118 2921 Ed.
1230 2897 1284 2932 25.
1310 2888 1433 2931 ἀληθες
1450 2888 1504 2923 ε’πὶ
1522 2891 1611 2922 Θεοῦ
1628 2888 1693 2922 hoc
1711 2887 1831 2922 ordine
1848 2889 1891 2922 A.

1916 996 1962 1021 10

1916 1403 1962 1440 15

1915 1810 1964 1835 20
