2017 3252
112 213 295 255 [1¹3M-]

105 1544 308 1583 eMai0113.

107 1784 193 1815 Heb.
211 1783 258 1815 iii.
272 1792 298 1814 1.

111 2271 186 2305 114
206 2268 268 2305 M.

311 145 396 188 466
737 140 787 181 B.
823 135 1072 180 CYRILLI
1115 131 1460 175 ALEXANDR.

313 251 555 305 ἀσθενείας
593 249 887 316 ἀνθρωπίνης
925 239 1404 306 πεπλημμεληκότας·
1453 240 1641 289 δικαιῶν
1680 234 1728 285 δὲ
1766 238 1891 298 μᾶλ-

313 341 402 385 λον
426 336 483 400 τῇ
517 332 676 383 πίστει
710 331 785 380 καὶ
821 324 1134 392 ἐγκλημάτων
1160 323 1298 375 ἀνιεις
1328 343 1404 371 και
1435 319 1595 384 ἁγίους
1621 316 1897 384 ἀποφαίνων

312 438 388 465 και
432 416 514 477 τῆς
559 413 722 462 ἑαυτοῦ
768 407 957 478 φύσεως
1000 402 1258 465 κοινωνοὺς,
1294 402 1414 452 οὕτω
1455 422 1505 451 τε
1546 397 1801 449 συνάπτων
1841 396 1896 445 δι’

312 497 477 546 ἑαυτοῦ
509 498 574 563 τῶ
600 495 709 560 Θεῷ
744 492 819 541 καὶ
848 487 1017 553 Πατρί·
1061 485 1271 549 ἐλεήμων
1296 482 1389 548 γὰρ
1415 479 1650 547 ἀρχιερευς
1683 482 1745 531 εἷς
1779 477 1900 539 ἡμᾶς

314 577 506 642 γέγονεν
532 576 556 624 ὁ
582 572 810 638 Χριστὸς,
837 569 985 620 οὐκέτι
1022 572 1122 620 ταῖς
1161 569 1367 628 νομικαῖς
1406 561 1678 623 ἀποτομίαις
1715 561 1899 624 κρατεῖν
1919 570 1941 608 5

316 657 587 722 ἐπιτρεπων,
615 656 752 706 ἀνιεις
792 652 840 702 δε
875 655 1065 714 μᾶλλον
1090 651 1185 697 τῶν
1224 645 1429 712 ἀρχαιων
1469 639 1754 704 αἰτιαμάτων
1792 661 1900 690 τους

316 736 651 803 ἠσθενηκότας·
692 733 863 786 πιστὸς
891 731 994 793 δε,
980 730 1051 781 ότι
1086 728 1279 792 μόνιμος
1305 749 1380 776 και
1413 721 1635 786 διηνεκὴς,
1663 723 1737 770 καὶ
1764 718 1897 786 ἀξιό-

318 842 463 886 χρεως
484 822 546 871 εἰς
564 818 727 869 πίστιν
746 819 840 866 τῶν
861 809 1237 877 ἐπηγγελμένων,
1257 831 1332 858 και
1355 803 1699 871 ἀπαράβατον’
1681 824 1801 867 εχων
1816 799 1903 863 τὴν

320 899 592 966 ἱερωσύνην·
632 896 840 960 ἐλεήμων
874 894 1030 944 τοίνυν
1061 914 1135 942 και
1169 888 1354 950 πιστὸς,
1381 907 1624 937 τουτεστιν
1650 885 1718 932 ἀεὶ
1754 903 1905 944 μενων

319 1003 510 1047 γεγονεν
538 978 678 1045 ἱερευς
713 978 788 1028 ότε
825 996 1097 1040 σπερματος
1122 968 1347 1036 Αβραὰμ
1381 966 1656 1026 ἐπελάβετο,
1684 962 1805 1016 Θεος
1840 960 1904 1012 ὧν
1928 985 1975 1010 10

321 1063 346 1112 ὃ
373 1060 544 1127 Λόγος,
571 1083 645 1110 και
684 1061 731 1109 ἐν
767 1058 930 1124 μορφῇ
969 1057 1045 1105 καὶ
1084 1051 1267 1116 ἰσότητι
1304 1055 1387 1101 τοῦ
1424 1046 1628 1113 Πατρός·
1668 1045 1717 1095 τί
1750 1044 1906 1094 τοίνυν

322 1146 679 1209 συκοφαντοῦσι
713 1138 798 1202 τὴν
831 1139 1085 1200 ἀλήθειαν·
1075 1176 1086 1195 ,
1129 1134 1178 1184 τί
1205 1135 1540 1198 παραιτοῦνται
1574 1150 1656 1179 τον
1681 1125 1799 1176 Υὶὸν
1823 1129 1906 1174 τοῦ

323 1222 436 1275 εἶναι
463 1222 487 1273 ὅ
513 1224 629 1284 ἐστι,
655 1220 729 1271 διὰ
752 1218 837 1283 τὴν
862 1241 924 1271 εις
950 1218 1069 1281 ἡμᾶς
1096 1213 1314 1281 ἀγάπην·
1304 1254 1316 1273 ,

1089 1400 1157 1448 X.

399 1523 561 1575 Ἀλλὰ
597 1522 691 1588 γὰρ
730 1525 771 1572 οἱ
812 1517 1127 1587 χριστομάχοι
1165 1514 1225 1566 τὰ
1262 1517 1311 1566 ἐκ
1349 1511 1637 1578 πανουργίας
1675 1509 1910 1575 εὑρήματα
1932 1521 1978 1560 15

325 1605 622 1672 πανταχόθεν
661 1606 836 1655 ἑαυτοῖς
875 1599 1195 1665 συλλεγοντες
1233 1600 1295 1650 εἰς
1332 1595 1610 1660 ἐπικουρίαν,
1650 1593 1727 1642 καὶ
1769 1589 1911 1642 αὐτὰς

327 1688 410 1741 τὰς
446 1688 569 1739 θείας
608 1688 967 1752 συκοφαντοῦσι
1004 1677 1211 1746 γραφάς·
1269 1679 1344 1728 καὶ
1382 1675 1437 1739 δὴ
1473 1677 1597 1743 φασι
1632 1672 1714 1724 τὸν
1754 1670 1908 1733 μακά-

327 1793 428 1836 ριον
454 1773 665 1828 Παῦλον,
693 1765 969 1816 ἀπόστολον
1004 1785 1079 1813 και
1114 1759 1328 1826 ἀρχιερεα
1364 1758 1565 1808 καλέσαι
1596 1778 1677 1806 τον
1703 1754 1908 1816 Ἰησοῦν·

329 1848 579 1912 ἀποστολὴ
619 1846 680 1909 δε,
713 1848 852 1914 φασι,
892 1867 966 1894 και
1003 1841 1232 1909 ἱερωσύνη
1272 1838 1562 1933 λειτουργίας
1599 1838 1689 1887 εἱσι
1729 1833 1910 1900 τρόποι·

330 1956 404 1983 και
436 1937 551 1997 γοῦν
577 1927 925 1990 ἀπεστάλησαν
949 1948 1032 1985 μεν
1059 1926 1100 1974 οἱ
1134 1923 1352 1986 μαθηται,
1381 1920 1616 1986 ὶεράτευσε
1653 1917 1701 1968 δε
1726 1913 1913 1980 Ἀαρὼν
1935 1941 1985 1966 20

331 2037 406 2064 και
447 2036 490 2063 οι
532 2033 618 2061 υιοι
659 2010 817 2059 αὐτοῦ·
862 2030 937 2057 και
976 2005 1103 2071 είπερ
1139 2006 1186 2055 ἐν
1222 2002 1403 2056 τούτοις
1441 2000 1547 2052 ἐστί
1581 2003 1706 2068 φασι
1744 1995 1798 2047 τὸ
1834 2001 1916 2047 τοῦ

331 2098 448 2145 Υὶοῦ
499 2114 678 2158 μετρον,
724 2094 824 2142 πῶς
872 2087 1121 2150 ὀμοουσιος
1169 2083 1283 2136 εἶναι
1332 2083 1523 2134 δύναται
1573 2085 1639 2150 τῷ
1684 2082 1791 2148 Θεῶ
1841 2079 1917 2128 καὶ

334 2175 523 2241 Πατρί·
513 2215 524 2236 ,
566 2172 603 2223 ὠ
637 2173 825 2234 πολλης
860 2169 1165 2234 δυστροπιῌας
1198 2167 1675 2263 ‚o’c7r07rpocr77'otofivrat
1709 2160 1763 2211 τὸ
1798 2160 1914 2210 εἰδε-

335 2280 409 2308 ναι
443 2255 528 2319 τὴν
558 2253 796 2318 ἀλήθειαν,
825 2274 899 2302 και
936 2273 1117 2303 σκοπος
1155 2249 1309 2298 αὐτοῖς
1347 2245 1539 2309 μηδὲν
1517 2267 1637 2310 υγιες
1672 2239 1910 2311 φρονεῖν’
1886 2264 1916 2305 η

335 2338 502 2402 λέγειν·
544 2337 886 2399 ὁμολογοῦντες
924 2331 1017 2397 γὰρ
1055 2331 1160 2394 μεθ’
1204 2330 1348 2393 ἡμῶν,
1383 2327 1453 2378 ὅτι
1491 2325 1656 2390 καίπερ
1695 2323 1918 2389 ὑπάρχων
1937 2345 1986 2382 25

335 2421 384 2469 ἐν
418 2421 581 2484 μορφῇ
619 2422 701 2466 τοῦ
737 2418 861 2465 Θεοῦ
902 2415 977 2463 καὶ
1020 2410 1210 2477 Πατρὸς
1248 2411 1273 2459 ὁ
1308 2408 1435 2470 Υἱὸς,
1468 2406 1715 2457 κεκένωκεν
1754 2402 1919 2454 ἑαυτὸν

337 2498 468 2562 ἑκὼν,
495 2499 576 2548 οὐκ
603 2499 845 2547 ἐπαινοῦσι
871 2496 953 2557 τῆς
987 2492 1104 2556 μετὰ
1133 2489 1311 2556 σαρκὸς
1345 2488 1606 2549 οἰκονομίας
1639 2485 1693 2536 τὸ
1727 2484 1914 2549 μυστή-

338 2602 454 2647 ριον,
481 2577 723 2629 ἀκούοντες
762 2574 809 2626 δὲ
846 2580 928 2625 τοῦ
962 2571 1240 2624 ἀποστόλου
1266 2570 1488 2635 λέγοντος
1513 2575 1540 2598 “
1563 2565 1810 2633 Ἀρχιερέα
1844 2566 1920 2616 καὶ

340 2668 367 2690 “
394 2659 669 2712 ἀπόστολον
693 2656 930 2720 Ἰησοῦν·”
969 2655 1051 2705 οὐκ
1077 2652 1366 2719 εἰσδέχονται
1400 2648 1518 2701 κατὰ
1544 2654 1653 2699 νοῦν
1679 2647 1749 2698 ὅτι
1774 2669 1914 2713 γεγο-

389 2836 421 2875 4.
448 2819 613 2865 ἐλεήμων]
638 2823 673 2859 4
695 2818 755 2861 μὲν
772 2829 802 2851 a.
989 2824 1042 2859 15.
1068 2826 1110 2848 ex
1127 2826 1147 2848 a
1164 2819 1197 2847 et
1214 2812 1236 2847 b
1254 2812 1315 2847 fol.
1337 2821 1399 2857 197
1419 2824 1451 2846 v.
1478 2810 1641 2855 κυρῖλλου
1659 2814 1796 2844 tantum
1814 2820 1922 2853 appo-

342 2871 394 2903 nit
410 2870 446 2902 in
464 2868 621 2912 margine
638 2865 674 2904 b,
693 2864 856 2907 κυρίλλου
873 2862 988 2904 ὁμιλία
1008 2873 1037 2894 a.
1293 2867 1347 2903 27.
1374 2859 1412 2892 τὸ
1430 2863 1651 2902 assumptum
1668 2868 1710 2891 ex
1724 2868 1754 2890 a.
1773 2855 1892 2890 deest'
1885 2866 1922 2888 m

342 2916 377 2951 b
397 2914 462 2949 Ed.
653 2911 707 2945 28
732 2909 910 2944 ἀκούοντος
928 2908 1008 2951 (sic)
1025 2907 1061 2941 b
