2017 3252
301 134 386 173 494
610 134 659 175 Β.
693 133 938 175 CYRILLI
971 133 1316 175 ALEXANDR.
1352 132 1578 174 FRAGM.

1057 286 1103 353 γ]

371 398 487 450 ’Ότι
527 399 574 450 δὲ
613 402 688 450 καὶ
725 400 1014 468 ἐψυχῶσθαί
1048 403 1203 467 φαμεν
1240 402 1378 467 ψυχῇ
1417 402 1554 466 νοερᾷ
1589 403 1673 449 τοῦ
1709 398 1885 464 Κυρίου

304 480 391 545 τὴν
416 481 587 548 σάρκα,
613 488 909 549 πλεισταχοῦ
944 480 1029 545 μὲν
1056 481 1229 547 εἴρηται
1262 480 1380 547 πρὸς
1405 481 1557 544 ἡμῶν,
1587 480 1882 542 διαβεβαιού-

305 568 426 627 μεθα
451 564 498 615 δὲ
524 565 599 614 καὶ
626 569 708 615 νῦν
734 565 821 632 οὐχ
846 563 1010 630 ἑτέρως
1037 563 1172 630 ἔχειν.

1069 725 1108 777 δΙ

378 838 613 889 Ἀκουέτω
655 837 711 903 δὴ
755 840 829 890 καὶ
872 838 992 906 πρὸς
1030 838 1161 902 ἡμῶν
1201 838 1226 888 ὁ
1261 835 1503 903 Διόδωρος
1537 839 1595 887 Εἰ
1636 834 1693 899 δὴ
1731 834 1890 901 σάρκα

306 919 457 986 λε’γεις
508 919 560 971 ὃν
612 919 669 985 δὴ
719 919 996 987 Ναζωραῖον
1045 920 1192 986 ἤγουν
1249 920 1498 985 ἄνθρωπον
1554 916 1891 986 ἀναληφθέντα

307 1007 476 1064 καλεῖς,
503 1002 656 1070 δεῖξον
691 1002 800 1066 ἡμῖν
826 1000 1028 1052 σεαυτὸν
1053 1003 1342 1067 περιστολῆς
1368 999 1559 1064 ἁπάσης
1586 1000 1661 1049 καὶ
1697 1020 1890 1063 προσω-

306 1084 438 1135 πείου
455 1083 582 1150 δίχα,
605 1083 700 1134 εἰπὲ
728 1082 785 1148 δὴ
811 1087 985 1152 σαφῶς
1006 1082 1036 1133 ἃ
1056 1087 1247 1150 φρονεῖν
1268 1082 1416 1151 ἀξιοῖς
1439 1083 1514 1132 καὶ
1534 1079 1598 1144 μὴ
1617 1081 1678 1134 ὡς
1699 1079 1891 1147 ἄψυχον

308 1167 475 1219 ἁπλῶς
517 1164 756 1231 ὀνομάζων
794 1164 966 1231 σάρκα,
1005 1169 1149 1231 πειρῶ
1195 1162 1507 1230 συναρπάζειν
1551 1160 1885 1227 ἀκροωμένους.

308 1248 406 1298 ἐπεὶ
433 1249 509 1297 καὶ
534 1247 663 1310 ἡμεῖς
690 1247 824 1297 αὐτοί
853 1250 1010 1315 φαμεν
1036 1245 1106 1297 ὅτι
1132 1245 1256 1297 κατά
1279 1267 1334 1310 γε
1359 1243 1441 1296 τὸν
1468 1242 1692 1307 ἰδιότητος
1719 1242 1886 1308 λόγον,

308 1328 376 1392 ε’ίη
401 1351 494 1380 που
527 1328 584 1379 ἂν
610 1328 666 1393 δὴ
698 1329 888 1382 πάντως
923 1327 1177 1396 ἑτεροφυὴς
1203 1328 1230 1392 ἡ
1257 1326 1391 1395 σὰρξ
1419 1324 1548 1392 παρὰ
1583 1324 1666 1375 τὸν
1690 1326 1740 1375 ἐκ
1766 1327 1892 1374 Θεοῦ

310 1409 501 1476 Πατρὸς
528 1410 683 1479 φύντα
710 1411 882 1476 Λόγον,
908 1409 1038 1474 πλὴν
1065 1411 1207 1461 αὐτοῦ
1241 1408 1404 1475 γε’γονε
1431 1408 1536 1459 καθ’
1567 1406 1737 1457 ἕνωσιν
1762 1404 1892 1456 ἀδιά-

309 1514 547 1544 σπαστον.

1095 1580 1106 1597 Ι

1073 1605 1093 1632 ε
1115 1622 1124 1632 .

373 1694 524 1747 ''Eo-rt
551 1695 599 1747 δὲ
633 1700 825 1759 μᾶλλον
855 1693 916 1748 εἷς
942 1716 992 1745 τε
1018 1695 1093 1745 καὶ
1121 1695 1145 1744 ὁ
1172 1691 1309 1747 αὐτὸς
1337 1691 1453 1746 Υἱὸς
1478 1691 1603 1744 ὥστε
1634 1693 1710 1743 καὶ
1737 1692 1786 1742 ἐκ
1812 1693 1895 1755 τῆς

309 1782 393 1827 τοῦ
418 1781 542 1829 Θεοῦ
574 1779 648 1828 καὶ
677 1775 869 1842 Πατρὸς
907 1776 1073 1829 οὐσίας
1113 1779 1322 1825 νοεῖσθαι
1361 1778 1522 1827 θεῖκῶς
1560 1776 1635 1824 καὶ
1673 1773 1730 1842 ἐξ
1763 1774 1896 1837 ἡμῶν

310 1859 630 1926 ἀνθρωπίνως,
657 1859 804 1924 ἤγουν
828 1861 877 1909 ἐκ
903 1857 1175 1924 σπέρματος
1204 1858 1392 1919 Δαυεὶδ,
1419 1854 1676 1919 ὠνομάσθη
1702 1853 1892 1924 προφή-

310 1963 394 2005 της
433 1940 553 1991 κατὰ
592 1940 801 1991 Μωσεά.
835 1942 923 1990 καὶ
963 1940 1046 1990 οὐκ
1086 1941 1380 2001 ἀπιστοῦμεν
1419 1938 1563 1988 αὐτοῦ
1601 1939 1660 2005 τῇ
1702 1935 1890 2000 κλήσει,

311 2023 495 2088 ἐπείπερ
523 2022 789 2088 ἐγνώκαμεν
815 2024 895 2085 τῆς
929 2019 1046 2084 μετὰ
1072 2019 1250 2086 σαρκὸς
1277 2019 1537 2082 οἰκονομίας
1564 2018 1650 2083 τὴν
1677 2017 1891 2080 δύναμιν,

312 2105 395 2155 οὐκ
432 2102 571 2158 αὐτὸς
608 2102 667 2168 ἦν
693 2104 718 2153 ὁ
745 2102 854 2156 ναὸς
893 2103 996 2153 οὔτε
1031 2100 1124 2165 μὴν
1150 2105 1211 2154 εἰς
1251 2101 1370 2152 ἰδίαν
1397 2100 1546 2169 φύσιν
1574 2098 1690 2151 καθὸ
1729 2103 1896 2150 νοεῖται

314 2184 436 2239 Θεὸς
461 2184 546 2249 τὴν
572 2184 716 2235 λύσιν
741 2184 938 2251 ἐδέχετο,
968 2184 1077 2233 ἀλλ’
1105 2182 1163 2247 ἧν
1188 2182 1305 2233 ἰ’διον
1333 2182 1475 2233 αὐτοῦ
1501 2181 1555 2232 τὸ
1582 2180 1724 2233 λυθὲν
1748 2179 1895 2231 καθά-

314 2289 403 2334 περ
431 2264 594 2330 ἀμέλει
620 2268 695 2318 καὶ
720 2266 852 2330 ἡμῶν
877 2264 1079 2316 ἑκάστου
1105 2263 1159 2316 τὸ
1185 2264 1302 2315 ἴδιον
1327 2268 1484 2328 σῶμα.

1108 2416 1119 2433 Ι

1078 2441 1137 2472 ς.

314 2505 439 2562 «Aa
488 2505 699 2560 ³<ka
748 2530 889 2573 γαπ-ιη
938 2511 1049 2560 κὰμ
1097 2502 1346 2558 ὸυκωὶκ
1391 2527 1475 2558 oen
1523 2502 1647 2560 «aL-³
1695 2527 1829 2579 (sa-³³

316 2598 531 2645 dxi-‘³2:³³
595 2599 678 2642 ,ἐι-η
752 2597 979 2654 tvaim<
1023 2602 1158 2645 ωκῖτ
1215 2584 1317 2640 ολο
1370 2592 1621 2644 «ὄπωπε
1681 2597 1771 2640 0⁰12:
1829 2611 1897 2662 (aa

362 2753 394 2777 2.
421 2741 456 2775 ἐκ
474 2742 533 2775 τοῦ
551 2740 653 2774 αὐτοῦ
670 2742 776 2785 λόγου
794 2739 862 2775 b.c.
1091 2750 1124 2784 3.
1149 2741 1323 2784 πανταχοῦ
1341 2750 1370 2773 c.
1605 2737 1639 2772 6.
1665 2738 1701 2772 ἐκ
1719 2739 1778 2772 τοῦ
1795 2737 1899 2771 αὐτοῦ

313 2790 421 2834 λόγου
440 2789 508 2822 b.c.
650 2799 683 2833 9.
710 2787 746 2820 δέ
766 2798 827 2831 pro
845 2786 885 2829 δὴ
904 2797 933 2820 c.
1081 2786 1134 2820 16.
1161 2786 1197 2819 ἐκ
1214 2788 1274 2819 τοῦ
1291 2786 1393 2820 αὐτοῦ
1411 2786 1518 2830 λόγου
1535 2784 1603 2820 b.0.
1740 2795 1796 2829 19.
1820 2784 1897 2818 ἀπι-

314 2839 450 2879 στῶμεν
467 2847 497 2869 c.
718 2842 771 2877 25,
788 2832 842 2867 26.
869 2832 966 2866 Haec
984 2832 1093 2866 lineae
1112 2832 1193 2874 duo,
1213 2844 1260 2866 sc.
1284 2832 1501 2876 Quapropter
1520 2832 1592 2865 Sua
1609 2830 1737 2864 Divine
1753 2831 1899 2864 essentia

313 2883 375 2915 illa
395 2894 480 2927 quae
505 2885 589 2914 ante
612 2881 736 2920 secula,
758 2879 829 2912 Sua
847 2885 956 2912 autem
977 2880 1082 2912 simili
1105 2879 1201 2911 modo
1218 2890 1278 2912 nec
1296 2880 1444 2922 cujusvis
1461 2879 1550 2912 alius
1567 2877 1770 2922 temporibus
1786 2877 1898 2910 novis-

312 2929 408 2962 simis
433 2940 535 2962 σαι-ηε
567 2928 676 2969 nasci,
693 2926 795 2961 nobis
822 2925 1046 2971 suppeditant
1072 2925 1207 2960 codices
1236 2925 1367 2971 Syriaci
1388 2925 1410 2960 d
1427 2925 1486 2960 fol.
1505 2936 1562 2970 49,
1579 2936 1597 2959 e
1614 2924 1674 2959 fol.
1688 2932 1733 2968 59
1751 2935 1771 2958 v
1789 2923 1849 2969 qui
1865 2929 1898 2957 et

1914 1179 1962 1204 10

1917 1617 1963 1655 15

1918 2044 1966 2069 20
