1986 3282
95 139 205 180 xviii.
227 151 378 192 24—27.
454 139 519 179 IN
564 139 606 179 S.
642 139 982 179 ιῙΟΑΝΝΕΜ.
1048 140 1175 179 Llss.
1212 140 1314 180 XII.
1627 139 1680 176 15

92 249 401 304 ἀναστάσεως
439 255 522 300 τοῦ
556 254 788 315 Χριστοῦ,
819 252 894 299 καὶ
927 249 1021 315 πρὸ
1057 253 1138 313 τῆς
1174 247 1562 317 καταφοιτήσεως
1598 249 1681 309 τῆς

92 332 161 382 ἐπ’
203 330 368 385 αὐτοὺς
406 330 654 398 γενομένης
693 338 775 382 τοῦ
813 333 981 397 Ἀγίου
1024 332 1312 395 Πνεύματος,
1353 333 1428 381 καὶ
1469 330 1589 383 τίνες
1634 330 1682 378 ἐν

92 418 187 467 τοῖς
218 414 334 476 μετὰ
369 420 529 476 ταῦτα,
557 414 864 478 κομισάμενοι
889 413 976 478 τὴν
1003 413 1078 464 διὰ
1108 420 1190 465 τοῦ
1220 413 1495 475 Πνεύματος
1523 410 1676 479 χάριν,

1742 489 1865 539 SLuc.

1743 543 1831 564 xxw.
1851 544 1903 574 ⁴9·

92 494 150 560 ἣν
181 499 257 546 καὶ
282 504 308 525 “

329 497 385 565 ἐξ
422 498 573 565 ὕψους
612 495 839 558 δύναμιν”
868 496 1115 560 ὠνόμασεν
1155 498 1179 547 ὁ
1219 495 1447 562 Χριστός.
1503 498 1677 561 προθυ-

50 578 322 640 5μοτάτους
365 577 451 641 μὲν
496 579 587 645 γὰρ
633 582 694 632 εἷς
741 578 986 647 ἀνάληψιν
1031 581 1211 644 ἀρετῆς,
1251 577 1588 644 εὐζωνοτάτους
1633 576 1680 627 δὲ

94 661 202 711 λίαν
228 665 290 714 εἷς
316 660 369 711 τὸ
404 659 560 712 θέλειν
587 661 786 712 ἕπεσθαι
811 664 878 730 τῷ
904 664 1121 730 Χριστῷ,
1148 663 1223 711 καὶ
1258 660 1434 713 παντὸς
1471 659 1683 710 κινδύνου

94 747 345 793 καταθλεῖν
372 746 447 794 καὶ
483 743 678 810 σφόδρα
709 742 990 796 πλειστάκις
1021 742 1411 810 ἐπιχειρήσαντας
1446 740 1684 808 θεωρήσαι

93 848 162 879 τις
201 825 271 876 ἄν.
325 828 435 876 ἀλλ’
464 827 592 876 οὔπω
633 823 983 891 κατηργηκότος
1022 831 1104 875 τοῦ
1142 828 1363 891 Σωτῆρος
1404 825 1534 888 ἡμῶν
1562 828 1681 890 Χρι-

93 913 213 958 στοῦ
240 913 321 958 τοῦ
350 908 554 958 θανάτου
579 907 633 957 τὸ
661 905 843 973 κράτος,
870 906 1082 973 σκληρός
1109 931 1210 961 πως
1236 906 1291 971 ἦν
1320 907 1384 957 ἔτι
1420 908 1494 957 καὶ
1528 906 1678 972 ἀπρό-

28 1011 74 1036 10
94 1013 226 1044 σιτος
261 994 506 1043 παντελῶς
543 991 566 1039 ὁ
603 990 659 1058 ἐξ
690 991 831 1040 αὐτοῦ
867 988 1034 1057 φόβος·
1077 994 1119 1040 οἱ
1155 989 1203 1040 δὲ
1239 991 1369 1041 οὔπω
1402 988 1455 1039 τὸ
1489 993 1685 1052 Πνεῦμα

95 1072 338 1134 λαβόντες,
367 1074 476 1122 ἀλλ’
506 1072 609 1122 οὐδὲ
645 1072 720 1122 διὰ
757 1076 838 1135 τῆς
875 1071 1053 1123 ἄνωθεν
1079 1072 1441 1139 κεχαλκευμένοι
1469 1070 1680 1139 χάριτος,

94 1158 156 1208 εἷς
191 1152 276 1218 τὴν
307 1154 423 1220 ὑπὲρ
457 1154 608 1222 φύσιν
641 1154 856 1219 ἀνδρείαν
883 1155 1013 1205 οὔπω
1048 1158 1294 1207 παντελῶς
1327 1154 1575 1219 ἐλευθέραν
1603 1156 1686 1217 τῆς

95 1238 390 1303 ἀνθρωπίνης
428 1237 749 1305 μικροψυχίας
788 1235 874 1300 τὴν
910 1236 1116 1287 διάνοιαν
1156 1237 1354 1304 ἔχοντες,
1395 1237 1477 1286 οὐκ
1513 1235 1911 1302 ἅθραυ-ἃΙΟὸΖΑ·

95 1342 203 1370 στοι
242 1321 410 1386 κομιδῇ
448 1323 543 1371 τοῖς
578 1321 627 1369 ἐκ
662 1324 745 1369 τοῦ
779 1322 946 1369 παθεῖν
983 1320 1231 1387 ἐφαίνοντο
1267 1319 1494 1381 δείμασιν.
1548 1317 1689 1384 ὅνπερ

28 1420 75 1458 15
97 1401 189 1467 γὰρ
215 1399 390 1466 τρόπον
417 1402 441 1450 ὁ
466 1402 674 1466 σίδηρος,
702 1400 851 1451 καίτοι
877 1400 997 1451 κατὰ
1025 1400 1174 1469 φύσιν
1201 1401 1427 1468 ὑπάρχων
1454 1400 1686 1466 σκληρὸς,

97 1485 179 1534 οὐκ
206 1482 263 1534 ἂν
289 1482 551 1547 ἀλωβήτως
585 1482 816 1548 ὁμιλήσαι
853 1488 948 1537 τοῖς
984 1487 1077 1533 τῶν
1104 1484 1253 1534 λίθων
1280 1482 1625 1549 ἀπηνεστέροις,
1654 1487 1691 1533 εἷ

95 1565 160 1630 μὴ
199 1564 284 1629 τὴν
323 1568 372 1616 ἐκ
410 1571 494 1615 τοῦ
541 1569 845 1626 στομοῦσθαι
884 1564 1163 1631 προσλάβοι
1206 1567 1418 1626 δύναμιν·
1479 1568 1624 1618 οὕτως
1665 1566 1691 1628 ἡ

96 1647 346 1714 ἀνθρώπου
373 1646 510 1715 ψυχὴ
543 1647 629 1697 κᾶν
662 1646 857 1715 σφόδρα
891 1646 1175 1711 νεανιεύηται
1201 1652 1300 1700 ταῖς
1327 1651 1389 1701 εἷς
1413 1652 1509 1698 πᾶν
1537 1648 1692 1698 ὁτιοῦν

98 1729 278 1796 ἀγαθὸν
316 1730 695 1796 ἀπαρατρέπτοις
740 1730 1017 1793 ἐπιθυμίαις,
1058 1729 1189 1781 ἀλλά
1227 1732 1309 1793 τῆς
1350 1734 1444 1780 τῶν
1483 1731 1692 1780 ἐντεῦθεν

29 1832 77 1855 20
98 1813 295 1878 ἀγώνων
326 1811 653 1877 σκληρότητος
693 1813 747 1862 οὐ
785 1811 1028 1878 περιέσται
1066 1811 1195 1874 ποτε,
1223 1811 1288 1876 μὴ
1324 1813 1426 1879 οὐχὶ
1461 1811 1691 1878 πρότερον

97 1900 155 1962 τῇ
200 1893 275 1945 διὰ
318 1901 401 1945 τοῦ
448 1896 570 1945 θείου
618 1894 894 1957 [Ινεύματος
945 1895 1230 1960 ἁδρυνθεῖσα
1274 1895 1443 1961 χάριτι.
1524 1895 1691 1945 οὐκοῦν

98 1978 433 2043 ἀσθενέστεροι
458 1977 543 2040 μέν
568 2000 669 2030 πως
697 1976 750 2027 τὸ
777 1978 824 2026 ἐν
851 1979 1018 2044 ἀρχαῖς
1050 1978 1124 2027 καὶ
1160 1977 1288 2027 αὐτοὶ
1323 1975 1467 2044 τυχὸν
1493 1974 1620 2040 ἦσαν
1646 1980 1688 2027 οἱ

98 2062 318 2124 μαθηταὶ,
345 2058 654 2123 κομισάμενοι
682 2058 729 2109 δὲ
755 2057 808 2109 τὸ
839 2062 1035 2121 Πνεῦμα
1066 2064 1148 2109 τοῦ
1185 2057 1299 2124 ὑπὲρ
1333 2059 1514 2112 πάντας
1541 2062 1682 2121 Θεοῦ,
1705 2067 1732 2107 b

99 2141 184 2205 τὴν
225 2143 401 2193 ἑαυτῶν
443 2142 531 2206 ἤδη
579 2139 938 2207 παρελάσαντες
982 2141 1241 2202 ἀσθένειαν,
1285 2145 1346 2193 εἰς
1389 2139 1475 2204 τὴν
1515 2140 1687 2191 ἐκείνου

29 2244 78 2283 25
99 2223 392 2291 στεῤῥότητα
417 2221 808 2286 μετεπλάττοντο,
837 2225 894 2290 τῇ
926 2223 1142 2291 κοινωνίᾳ
1177 2224 1234 2290 τῇ
1270 2222 1388 2289 πρὸς
1423 2222 1536 2272 αὐτὸ
1569 2220 1688 2288 πρὸς

98 2304 185 2369 τὴν
212 2304 326 2372 ὑπὲρ
353 2305 502 2372 φύσιν
529 2303 861 2371 ἀνατρέχοντες
886 2305 1152 2367 εὐτολμίαν.

172 2387 555 2453 Ἀναγέγραπται
595 2387 750 2437 τοίνυν
780 2387 1027 2453 χρησίμως
1062 2389 1136 2437 καὶ
1170 2387 1198 2450 ἡ
1235 2390 1328 2437 τῶν
1361 2387 1508 2452 ἁγίων
1535 2386 1684 2437 ἀσθέ-

101 2494 196 2521 νεια
243 2468 362 2535 πρὸς
413 2468 600 2520 ε”παινόν
651 2491 699 2519 τε
751 2469 827 2519 καὶ
879 2468 1024 2537 δόξαν
1070 2473 1208 2531 Θεοῦ,
1253 2468 1575 2532 μετατιθέντος
1625 2473 1688 2522 εἰς

101 2552 297 2615 δύναμιν
333 2549 387 2602 τὸ
421 2550 693 2615 ἡσθενηκὸς,
731 2552 805 2601 καὶ
843 2549 1007 2616 ὥσπερ
1045 2550 1148 2601 τινὰ
1187 2550 1371 2617 πύργον
1409 2549 1687 2604 ἀνιστάντος

32 2654 82 2690 30
103 2635 286 2702 ἄμαχον
312 2631 366 2683 τὸ
393 2634 470 2683 καὶ
495 2636 659 2700 ψιλοῖς
691 2631 1032 2697 εὐανάτρεπτον
1060 2632 1244 2700 φόβοις,
1272 2635 1345 2683 καὶ
1382 2632 1544 2696 μόναις
1580 2632 1685 2683 ἔσθ’

102 2716 178 2768 ὅτε
217 2720 316 2769 ταῖς
355 2717 404 2765 ἐκ
443 2719 526 2765 τοῦ
561 2737 605 2764 τι
642 2719 808 2765 παθεῖν
835 2715 1062 2782 ὑποψίαις
1098 2714 1399 2781 κατεῤῥαγός.
1455 2714 1521 2778 εἰἠ
1558 2716 1600 2764 δ’
1630 2712 1688 2764 ἂν

150 2908 182 2942 8.
208 2907 299 2950 ἡμῶν
317 2912 537 2950 assumptum
558 2918 596 2939 ex
618 2905 660 2939 E.
804 2917 856 2940 11.
883 2905 1143 2950 κεχαλκευμένοι
1165 2904 1199 2938 F.
1220 2904 1287 2938 Ed.
1307 2916 1378 2949 mg.
1399 2902 1601 2948 κεχαλμένοι
1623 2902 1689 2936 Ed.

104 2966 159 2999 30.
188 2952 324 2998 ψιλοῖς]
355 2958 384 2994 -Ι-
409 2953 461 2986 καὶ
481 2953 547 2986 Ed.
567 2953 676 2986 invito
696 2952 738 2986 Ε.
791 2952 857 2986 Pro
875 2953 990 2996 μόναις
1008 2952 1133 2985 iterum
1152 2952 1277 2995 φόβοις
1297 2951 1435 2985 exhibet
1456 2951 1496 2983 E.
