2027 3257
79 190 93 230 [
109 199 146 228 32
165 188 214 219 M.
231 188 244 229 ]

56 249 89 278 S.
107 248 231 278 Matth.

56 292 100 322 xi.
119 292 167 322 28.

127 657 180 690 33
202 653 262 689 Μ.

214 730 258 765 31

214 815 260 850 32

136 1327 197 1363 33,
216 1326 264 1362 34

278 123 332 161 2.,

310 123 331 148 0

337 123 361 161 {0

424 120 473 159 Β.
502 118 749 159 CYRILLI
785 116 1133 157 ALEXANDR.
1170 114 1541 155 FRAGMENTA
1603 112 1857 167 viii.31—34.

279 237 305 257 ‘⁶
334 233 480 279 Δεῦτε
519 225 637 293 πρὸς
681 226 736 290 μὲ
775 225 946 278 πάντες
990 228 1031 275 οἱ
1071 228 1321 276 κοπιῶντες
1362 225 1437 273 καὶ
1478 219 1860 289 πεφορτισμένοι,

279 318 306 340 “
334 309 465 375 κάγὼ
500 309 764 360 ἀναπαύσω
799 308 958 369 ὑμᾶς.”
1012 304 1111 357 ἰδοῦ
1137 305 1225 369 ἤδη
1253 304 1536 368 σύμπαντας
1561 304 1717 353 ε’κα’λει
1742 301 1862 366 πρὸς

277 391 457 443 ἑαυτόν·
518 390 785 456 ἀμοιρήσειε
837 390 878 440 δ’
925 387 983 438 ἂν
1034 389 1178 440 οὐδεὶς
1228 389 1310 450 τῆς
1362 388 1434 437 ἐπὶ
1484 389 1550 454 τῷ
1602 386 1862 447 κεκλῆσθαι

278 473 480 541 χάριτος·
540 474 588 523 ἐν
635 472 727 538 γὰρ
772 473 837 541 τῶ
880 471 1060 523 ποῖντας
1107 473 1264 530 εἰπεῖν,
1313 466 1623 530 ἀπόπεμπτον
1667 470 1864 516 ποιεῖται

282 558 526 606 παντελῶς
566 553 744 604 οὐδένα.
1884 562 1906 599 5

283 715 333 756 Τί
371 712 443 756 οὖν
481 715 658 771 ἐροῦμεν
697 713 804 770 Πρὸς
847 716 1011 763 ταῦτα;
1067 712 1099 753 εἰ
1135 711 1158 754 ὁ
1198 711 1306 753 Θεὸς
1345 710 1451 766 ὑπὲρ
1491 709 1627 759 ἡμῶν,
1665 708 1726 749 τίς
1766 707 1856 747 καθ’

527 797 676 849 ἡμῶν,
725 798 772 838 ὅε
811 811 852 844 se
890 799 963 837 τοῦ
1003 794 1110 837 ἰδίου
1147 793 1249 835 Υἰού
1290 793 1365 835 οὐκ
1402 792 1619 849 ἐφείσατο.

355 916 468 964 Τοῖς
507 912 810 976 ἀγαθοεργεῖν
836 908 1081 976 ᾑρημένοις
1119 906 1275 959 πάντα
1309 910 1540 971 συνεργεῖ,
1569 908 1695 956 Θεοῦ
1731 905 1864 968 ὑπερ-

283 994 579 1059 ασπίζοντος·
637 993 661 1042 ὁ
705 991 798 1058 γὰρ
839 997 922 1042 τοῦ
965 990 1083 1041 κατὰ
1129 989 1278 1055 φύσιν
1323 987 1585 1054 ἠφειδηκὼς
1627 990 1757 1049 Υὶοῦ,
1794 987 1869 1036 ἵνα

283 1077 426 1143 σώσῃ
453 1073 814 1135 κινδυνεύοντας,
844 1075 919 1123 καὶ
945 1071 1208 1140 ἀπαλλάξῃ
1240 1070 1483 1132 κινδύνων,
1514 1074 1613 1123 πῶς
1652 1071 1754 1136 οὐχὶ
1794 1070 1868 1119 καὶ
1892 1094 1939 1118 10

284 1157 375 1207 σὺν
404 1158 530 1225 αὐτῷ
556 1155 614 1206 τὰ
640 1154 797 1206 πάντα
823 1156 930 1218 ἡμῖν
957 1158 1214 1220 χαριεῖται,

317 1316 391 1358 Tic
427 1317 649 1363 ὲΓκαλέσει
688 1316 793 1356 κατὰ
833 1313 1049 1355 ἐκλεκτῶν
1087 1313 1221 1365 Θεοῦ,
1271 1312 1380 1354 Θεὸς
1418 1314 1439 1354 ὁ
1479 1311 1671 1362 δικαιῶν,
1709 1310 1770 1352 τίς
1806 1311 1829 1353 ὁ

931 1395 1201 1453 κατακρίνων
1220 1416 1228 1448 3

358 1509 499 1579 Τάχα
534 1511 580 1562 δὲ
617 1513 691 1561 καὶ
726 1514 1026 1572 οἰκονομικῶς
1059 1510 1083 1560 ὁ
1114 1513 1310 1561 Παῦλος
1345 1509 1426 1558 οὐκ
1457 1509 1509 1576 ἐᾷ
1535 1506 1617 1558 τὸν
1644 1513 1753 1558 νοῦν
1778 1511 1873 1558 τῶν

287 1593 582 1657 κεκλημένων
614 1598 676 1646 εἰς
711 1593 977 1659 ἀμηχανίαν
1002 1593 1234 1653 ἐμπεσεῖν,
1263 1589 1394 1640 ἀλλὰ
1429 1590 1638 1640 διδάσκει
1674 1588 1743 1639 ὅτι
1778 1593 1872 1639 τῶν
1896 1614 1942 1652 15

286 1675 372 1741 μὲν
419 1676 627 1742 ἀρχαίων
677 1676 917 1740 ἁμαρτιῶν
967 1671 1444 1739 ἐλευθερωθήσονται,
1483 1670 1874 1735 δικαιωθήσονται

289 1757 350 1820 δὲ,
379 1761 503 1808 Θεοῦ
530 1755 877 1810 κατανεύοντος.
921 1759 959 1805 εἰ
997 1754 1091 1820 γὰρ
1118 1756 1193 1804 καὶ
1225 1758 1362 1805 πᾶσα
1397 1752 1600 1818 ἁμαρτία
1634 1758 1717 1803 τοῦ
1749 1752 1874 1803 θείου

290 1838 433 1901 νόμου
461 1838 740 1904 παράβασιν
767 1838 859 1905 ἔχει
895 1838 969 1887 καὶ
1007 1836 1269 1900 κατακρίνει
1303 1834 1385 1885 τὸν
1421 1836 1733 1903 ῥᾳθυμοῦντα,
1761 1835 1870 1886 ἀλλ’

290 1925 327 1971 εὶ
362 1923 436 1970 καὶ
472 1919 609 1973 αὐτὸς
634 1921 659 1970 6
686 1925 770 1970 τοῦ
797 1917 941 1982 νόμου
971 1917 1143 1984 Κύριος
1176 1920 1431 1983 συγχωρεῖ,
1463 1918 1528 1971 τίς
1557 1922 1575 1968 ὁ
1605 1919 1876 1984 κατακρινῶν

290 2001 372 2052 τὸν
400 2001 730 2066 ἡμαρτηκότα,
1898 2025 1946 2050 20

342 2135 373 2158 2.
401 2123 440 2167 δὴ
458 2135 522 2168 pro
539 2124 599 2167 ἤδη
619 2125 662 2157 Α.
933 2132 965 2167 5.
992 2121 1129 2167 οὐδένα]
1151 2122 1223 2156 des.
1243 2122 1286 2156 A.
1337 2121 1436 2158 Quae
1455 2120 1690 2166 sequebantur
1708 2131 1726 2153 e
1746 2118 1878 2153 Catena

294 2171 475 2212 Vaticana,
499 2182 608 2215 quum
629 2171 674 2204 D.
691 2170 811 2215 Cyrilli
835 2182 909 2204 esse
933 2182 1005 2203 non
1023 2169 1217 2211 videantur,
1237 2168 1297 2202 sed
1323 2174 1438 2212 potius
1459 2166 1631 2201 Gennadii
1653 2166 1742 2200 fmte
1766 2165 1876 2208 aliive,

294 2218 436 2251 nomine
453 2217 487 2250 in
506 2228 661 2260 margine
680 2229 820 2259 omisso,
839 2216 895 2251 hic
914 2216 971 2251 do.
1020 2216 1078 2251 οὓς
1096 2216 1190 2251 εἰδὼς
1207 2215 1392 2258 πόῤῥωθεν,
1411 2214 1532 2258 φησὶν,
1551 2213 1662 2247 ὁποῖοί
1678 2227 1763 2247 τινες
1780 2212 1877 2246 ἔσον-

294 2279 359 2302 ται,
378 2264 556 2321 ἀφώρισεν
573 2263 618 2298 εἷς
638 2265 676 2297 τὸ
696 2267 761 2297 τῶν
777 2265 974 2307 μελλόντων
990 2264 1177 2307 μετασχεῖν
1194 2262 1338 2307 ἀγαθῶν,
1357 2275 1496 2295 τουτους
1519 2260 1572 2293 καὶ
1596 2259 1769 2298 ἐκάλεσεν,
1788 2259 1878 2292 ὥστε

296 2311 350 2344 διὰ
368 2312 426 2353 τῆς
449 2309 499 2343 ἐπ’
518 2310 619 2343 αὐτὸν
635 2325 783 2345 πιστεως
799 2310 993 2343 ἀπολαῦσαι
1017 2310 1233 2349 δικαιώσεως,
1251 2308 1410 2351 ἁμαρτεῖν
1428 2308 1486 2340 οὐκ
1510 2305 1769 2361 ἐπιδεχομένους
1789 2306 1877 2338 τότε·

296 2357 315 2399 ἡ
337 2356 376 2390 δέ
396 2371 434 2401 γε
458 2357 551 2399 δόξα,
572 2356 606 2390 ἐν
623 2356 801 2412 ἀφθαρσίᾳ
825 2371 860 2390 τε
878 2357 931 2390 καὶ
948 2355 1114 2399 ἀθανασίᾳ
1135 2356 1296 2400 γεγονόσι
1317 2354 1514 2396 καθάπαξ,
1499 2354 1628 2387 ἅπαντα
1645 2351 1758 2395 μέντοι
1774 2353 1879 2385 ταῦτα

296 2403 458 2436 ἀπεδωκε·
485 2403 571 2446 πρὸς
594 2404 644 2445 τὸ,
663 2401 800 2446 οἴδαμεν
817 2403 889 2437 δὲ’
871 2418 922 2436 οτι
943 2404 1013 2437 τοῖς
1030 2402 1189 2446 ἀγαπῶσι
1206 2403 1264 2435 τὸν
1281 2401 1358 2434 θεὸν
1373 2401 1480 2434 πάντα
1501 2401 1660 2443 συνεργεῖ
1676 2398 1722 2433 εἷς
1738 2396 1877 2441 ἀγαθὸν,

297 2449 430 2492 διδάξαι
454 2450 674 2492 βουλόμενος,
693 2450 736 2484 ὡς
762 2450 800 2482 οὐ
825 2453 991 2493 περιορῶν
1014 2448 1133 2483 αὐτοὺς
1158 2450 1176 2481 ὁ
1202 2448 1288 2485 θεὸς,
1309 2447 1344 2480 ἐν
1360 2448 1431 2481 ταῖς
1447 2445 1637 2490 παρούσαις
1663 2444 1878 2488 εξετάζεσθαι

297 2510 385 2529 ποιει
404 2497 610 2540 συμφοραῖς·
637 2499 707 2530 πῶς
727 2497 812 2540 γάρ;
841 2495 860 2528 ὅ
875 2510 914 2540 γε
938 2495 992 2529 ἐπὶ
1015 2494 1188 2529 τοσούτων
1205 2494 1339 2551 ἀγαθῶν
1360 2493 1553 2526 ἀπόλαυσιν
1576 2491 1724 2526 καλεσας
1747 2490 1877 2532 αὐτοὺς,

300 2542 351 2575 καὶ
375 2541 513 2576 τούτους
536 2542 574 2574 οὐ
598 2544 655 2575 νῦν
672 2542 762 2575 ἀλλα
779 2543 885 2576 πάλαι
905 2556 958 2575 και
979 2543 1153 2586 πρόπαλαι
1171 2541 1238 2583 ε”ξ
1225 2540 1281 2574 ότε
1298 2554 1362 2583 περ
1380 2539 1492 2573 αὐτοῖς
1511 2537 1593 2571 κατὰ
1612 2538 1671 2580 τὴν
1688 2536 1879 2581 ἀπόῤῥητον

299 2589 419 2621 ἑαυτου
444 2591 639 2632 πρόγνωσιν
664 2587 831 2631 ἠπίστατο
857 2590 966 2621 ὁποῖοι
990 2588 1076 2622 τινὲς
1101 2588 1237 2621 ἔσονται
1263 2586 1316 2619 καὶ
1338 2586 1404 2628 πρὸ
1428 2587 1488 2618 τοῦ
1504 2584 1674 2629 γενέσθαι·
1701 2584 1795 2618 εἰδὼς
1813 2584 1879 2628 γὰρ

299 2634 426 2667 ι’ίνωθεν
442 2633 612 2668 τοιοίτους
638 2634 819 2677 ἐσομένους
835 2635 967 2674 αυτοὺς,
985 2634 1135 2678 ἀνάλογα
1160 2635 1199 2675 τῇ
1225 2647 1302 2676 περι
1328 2632 1436 2665 αὐτῶν
1453 2630 1604 2664 διαθεσει
1628 2629 1804 2674 πόῤῥωθεν
1820 2630 1879 2663 αὐ-

299 2683 369 2715 τοῖς
394 2680 588 2724 ηὐτρέπιζεν
612 2680 732 2724 ἀγαθα·
765 2685 836 2715 πῶς
861 2680 919 2714 οῦν
936 2680 1055 2715 αὐτοὺς
1079 2680 1239 2723 περιιδεῖν
1256 2680 1327 2712 οἱόν
1347 2693 1383 2712 τε
1409 2678 1462 2710 καὶ
1483 2678 1549 2721 πρὸ
1562 2679 1629 2735 ’rofi
1645 2676 1806 2721 γενέσθαι
1823 2677 1880 2719 τῆς

299 2727 531 2771 προαιρέσεως
555 2727 663 2760 αὐτῶν
685 2742 743 2761 τας
768 2726 912 2770 ἀμοιβὰς
937 2726 1193 2769 εὐτρεπίσαντο,
1219 2725 1272 2758 καὶ
1298 2725 1351 2758 ἐπὶ
1377 2739 1508 2759 τουτοις
1533 2723 1652 2758 αὐτοὺς
1677 2722 1881 2765 καλέσαντα,

300 2776 389 2808 ὥστε
409 2774 463 2807 διὰ
481 2775 538 2816 τῆς
555 2788 597 2807 επ
625 2774 725 2806 αὐτὸν
741 2788 889 2808 πιστεως
905 2777 972 2806 τῶν
987 2771 1276 2816 προσδοκωμενων
1293 2770 1448 2816 ιῖγαθῶν;
1651 2770 1714 2803 8-1
1726 2780 1754 2803 1.
1783 2769 1880 2802 Haec

300 2820 397 2865 quasi
418 2819 574 2853 scholion
595 2832 736 2861 novum,
754 2819 794 2853 B.
814 2819 1018 2853 auctoritate
1035 2819 1146 2852 fretus
1164 2817 1317 2859 exhibui,
1337 2829 1445 2862 quum
1465 2817 1500 2850 in
1520 2816 1585 2850 Ed.
1606 2815 1779 2860 prioribus
1796 2826 1880 2849 con-

295 2866 546 2911 jungebantur.
713 2866 796 2900 Post
814 2866 908 2907 haec,
928 2865 1085 2899 scholion
1103 2877 1120 2898 e
1140 2864 1220 2898 diz.11
1238 2863 1281 2897 ad
1303 2863 1425 2897 Helm.
1445 2875 1489 2897 iv.
1509 2864 1576 2908 508
1595 2875 1612 2896 c
1628 2862 1649 2896 d
1664 2874 1681 2896 e
1699 2872 1766 2907 509
1785 2873 1804 2896 a
1821 2861 1880 2896 de-

301 2920 493 2958 sumptum,
512 2912 650 2947 exhibet
669 2915 711 2946 A.
906 2923 958 2946 12.
990 2911 1084 2945 Haec
1104 2911 1203 2945 nobis
1223 2910 1421 2955 suppeditat
1441 2911 1469 2943 A
1487 2922 1519 2955 p.
1541 2920 1620 2953 229.
