2017 3252
100 825 242 875 sathan·

99 878 167 899 Vlll.
183 880 234 908 44.

326 126 410 165 448
823 127 900 168 DE
934 128 1088 169 FRAG
1095 128 1290 169 MENTI
1296 130 1322 169 S
1356 129 1425 169 IN

326 236 443 280 ἀμέλει
461 237 682 282 παγχαλεπὸν
700 239 830 282 νόσημα
848 239 886 272 τὸ
905 239 949 283 μὴ
973 238 1077 275 οὕτως
1099 239 1177 284 ἕχον
1194 254 1200 275 :
1233 238 1306 275 His
1325 237 1471 275 ultimis
1491 238 1615 276 verbis
1634 239 1748 276 verba
1767 239 1906 276 Similia

326 298 480 337 exhibet
500 299 538 336 N
541 299 663 337 iketas
683 300 722 337 in
741 300 906 350 psalmos
925 301 973 339 ad
992 302 1060 339 loc.
1080 302 1121 339 in
1141 303 1224 340 cod.
1241 302 1353 340 Taur.
1376 302 1467 340 olim
1487 302 1531 340 B.
1547 303 1595 340 iv.
1615 314 1633 351 7
1652 303 1763 341 hodie
1784 303 1826 342 B.
1842 304 1866 341 i.
1882 314 1903 350 5

325 364 391 401 sed
411 363 492 402 sine
512 364 677 402 nomine.

747 421 809 455 Καὶ
828 419 925 465 χείλη
945 422 1046 456 αὐτοῦ
1065 424 1125 456 τοῦ
1144 422 1187 465 μὴ
1207 423 1355 466 λαλῆσαι
1375 423 1484 458 δόλον.

381 492 532 530 Soholio
551 493 639 531 huic
659 498 718 529 τοῦ
737 498 980 541 χρυσοστόμου
1000 508 1137 532 nomen
1161 496 1319 545 apponit
1339 510 1371 541 a,
1392 496 1431 533 id
1451 499 1579 533 autem
1598 496 1758 534 exhibeo
1778 501 1904 534 auoto-

325 556 439 594 ritate
468 570 487 594 c
515 557 578 594 fol.
602 567 661 606 27,
693 559 773 595 eod.
804 559 1039 596 Med-Lam.
1065 563 1194 608 (supra
1223 560 1317 606 eit),
1346 560 1426 597 cod.
1452 560 1567 598 Coisl.
1599 562 1671 608 [τοῦ
1704 562 1805 597 αὐτοῦ
1833 560 1857 598 i.
1873 573 1904 598 e.

325 623 486 667 xvaOmv
514 625 559 658 ut
587 622 745 660 adnotat
765 622 967 660 Cramerus
995 623 1223 671 exhibentis]
1245 624 1375 670 fretus,
1398 617 1506 662 Δόλος
1534 626 1572 660 δέ
1597 626 1671 660 ἐστι
1697 627 1736 660 τὸ
1764 627 1904 672 ψεῦδος,

325 686 377 719 καὶ
396 686 505 730 ἀπάτη
532 688 583 722 καὶ
606 689 828 734 συκοφαντία,
850 689 902 722 καὶ
923 685 958 738 [ἡ
987 689 1094 733 ἀπάτη
1123 690 1176 724 καὶ
1203 689 1221 733 ἡ
1251 690 1458 734 συκοφαντία
1486 690 1538 723 καὶ
1566 691 1599 724 αἱ
1618 686 1663 739 0.]
1685 690 1841 731 διαβολαὶ
1867 691 1905 724 τὸ

324 749 447 794 ἀληθὲς
478 751 538 786 οὐκ
570 752 722 797 ἔχουσαι·
753 752 841 798 φίλα
873 752 912 786 δέ
941 768 1012 788 πως
1045 754 1140 788 ταυτὶ
1171 756 1218 801 τῷ
1250 755 1309 798 τῆς
1340 754 1494 797 ἀληθείας
1526 754 1647 801 ἐχθρῷ,
1675 753 1830 788 τουτέστι
1859 756 1906 801 τῷ

325 817 463 860 Σατανᾶ,
492 818 539 863 τῷ
567 818 626 850 τοῦ
654 815 804 862 ψεύδους
836 817 948 862 πατρί·
980 816 1171 861 “whom-179
1197 819 1263 863 γάρ
1292 818 1378 862 ἐστι,
1407 817 1491 852 καθά
1518 819 1626 863 φησιν
1654 820 1672 852 ὁ
1701 820 1823 865 Σώτηρ,
1854 821 1906 854 καὶ

326 880 347 897 “
367 879 402 912 ἐν
423 882 463 924 τῇ
493 880 630 925 ἀληθείᾳ
661 881 725 925 οὐχ
754 880 903 925 ἕστηκε.”
943 883 1163 927 παραιτητέον
1189 882 1224 916 δέ
1253 884 1323 918 τοῖς
1351 882 1456 928 ἁγίοις
1483 882 1523 915 τὰ
1552 882 1674 917 ἐκείνου
1702 885 1906 929 ἁρπαγιμαῖα

322 944 456 987 μᾶλλον
484 945 525 978 τὰ
554 947 651 988 Θεοῦ,
681 945 718 981 ὅς
747 946 841 980 ἐστιν
867 945 1015 990 ἀλήθεια.
1071 944 1203 982 Priora
1229 948 1268 982 et
1293 958 1313 983 e
1335 945 1375 982 Ν
1378 945 1428 982 ik.
1451 944 1491 981 in
1510 958 1565 994 ps.
1586 945 1761 984 exhibuit
1780 945 1904 984 Maius

323 1004 439 1057 (Bibl.
462 1007 573 1044 Nova
591 1007 646 1044 iii.
672 1010 792 1055 240.).

375 1106 398 1130 a
416 1093 477 1131 fol.
504 1107 591 1141 204.
624 1095 717 1133 Cod.
739 1095 975 1134 Med-Lanu
997 1109 1113 1146 supra
1133 1097 1195 1134 cit.
1217 1101 1276 1133 τοῦ
1303 1099 1406 1133 αὐτοῦ
1434 1097 1728 1146 praemittentes.
1763 1100 1811 1134 Οὐ
1838 1100 1904 1146 γὰρ

321 1159 357 1193 ἐν
374 1159 450 1204 ἡμῖν
475 1162 513 1194 τὸ
540 1161 695 1205 μηὸόλως
724 1162 770 1198 εἷς
798 1164 875 1196 νοῦν
903 1162 1068 1206 δέξασθαί
1093 1178 1126 1197 τι
1154 1166 1220 1198 τῶν
1239 1162 1406 1198 τοιούτων·
1437 1161 1696 1209 προσπίπτουσι
1723 1165 1788 1210 γὰρ
1816 1165 1905 1212 αὐτῷ

319 1225 469 1259 τοιαῦταί
496 1240 568 1261 πως
586 1226 704 1260 ἔννοιαι
730 1227 937 1262 πλειστάκις·
976 1227 1052 1261 ἀλλ’
1073 1228 1165 1273 εἷπέρ
1185 1243 1234 1263 τις
1258 1226 1305 1272 εἴη
1326 1228 1447 1273 σοφὸς,
1468 1228 1674 1273 ἀποφέρεται
1700 1228 1761 1273 μὲν
1785 1229 1903 1274 αὐτῶν,

319 1291 388 1325 τοῖς
407 1289 443 1323 δέ
463 1289 614 1333 ἀμεινόσι
633 1291 684 1324 καὶ
702 1292 792 1325 πόλυ
810 1291 887 1325 λίαν
900 1292 1021 1336 ἔχουσι
1039 1293 1077 1326 τὸ
1098 1292 1272 1338 ἐπωφελές
1290 1293 1460 1338 χαρίζεται
1478 1293 1537 1328 τὰς
1555 1292 1671 1338 ῥοπάς·
1691 1295 1792 1327 τοῦτό
1811 1293 1905 1327 ἐστιν

319 1350 410 1398 οἶμαι
433 1350 546 1402 [οἶμαί
564 1354 638 1388 ἐστι
661 1353 739 1389 eod.
763 1353 898 1403 Coisl]
922 1355 962 1390 τό
974 1354 1154 1390 ’Έκκλινον
1172 1356 1238 1391 ἀπὸ
1264 1359 1387 1392 κακοῦε
1417 1355 1555 1404 quibus
1584 1355 1722 1392 Similia
1750 1355 1903 1394 exhibet

319 1417 399 1454 cod.
430 1416 659 1454 Bodleianus
693 1417 813 1456 Laud.
846 1417 916 1456 Gr.
948 1432 997 1465 42
1030 1419 1089 1457 fol.
1120 1421 1194 1467 296
1226 1419 1326 1456 inter
1358 1419 1555 1457 citationes
1588 1419 1628 1456 in
1657 1420 1771 1457 verba
1803 1419 1902 1469 psal-

317 1493 480 1519 morum·

374 1546 522 1584 Deinde
540 1546 657 1584 verba
678 1550 846 1583 Διώκουσι
870 1549 982 1584 τοίνυν
1005 1550 1044 1584 τὸ
1070 1550 1194 1584 δίκαιον
1211 1548 1251 1585 ἵν’
1271 1550 1421 1596 εὑρόντες
1450 1550 1659 1595 ἁρπάσωσιν.
1697 1549 1789 1584 οὗτοι
1815 1549 1843 1584 δ’
1863 1551 1903 1585 ἂν

319 1608 385 1646 εἶεν
410 1613 441 1646 οἱ
461 1613 512 1647 καὶ
530 1613 629 1646 αὐτὸν
649 1614 820 1656 ζητοῦντες
844 1614 902 1647 τὸν
922 1614 1047 1659 Κύριον
1066 1614 1242 1648 τουτέστιν
1259 1614 1318 1648 τὸν
1335 1615 1493 1660 Χριστόν.
1532 1614 1727 1660 εὑρίσκουσι
1754 1615 1819 1660 γὰρ
1848 1615 1902 1649 διὰ

319 1676 477 1721 πίστεως,
507 1678 687 1712 καλοῦντος
717 1677 835 1712 αὐτοὺς
873 1677 919 1713 εἷς
955 1681 1054 1712 τοῦτο
1091 1681 1151 1712 τοῦ
1188 1681 1276 1713 Θεοῦ
1314 1679 1365 1712 καὶ
1401 1679 1528 1724 πατρός
1563 1676 1819 1726 anepigrapha
1861 1677 1901 1713 in

319 1750 342 1775 a
379 1743 418 1777 et
454 1739 534 1777 cod.
565 1739 690 1786 Coisl.,
726 1739 764 1778 S.
792 1739 936 1789 Cyrillo
973 1740 1111 1778 tribuit
1148 1744 1249 1778 recte
1281 1744 1326 1778 ut
1353 1740 1506 1779 videtur
1543 1740 1624 1779 cod.
1663 1741 1900 1779 Med-Lam.

317 1815 433 1853 supra
451 1804 515 1841 cit.

373 1872 440 1904 Τοῦ
468 1870 568 1903 αὐτοῦ
596 1868 676 1905 eod.
701 1868 935 1906 Med-Lanu
967 1873 1027 1905 τοῦ
1056 1872 1152 1917 ἁγίου
1181 1872 1353 1918 Κυρίλλου
1381 1883 1400 1907 c
1420 1870 1482 1907 fol.
1502 1872 1563 1907 28.
1594 1874 1653 1906 τοῦ
1682 1872 1784 1906 αὐτοῦ
1817 1870 1899 1907 eod.

321 1931 434 1970 COiSl.
452 1932 531 1969 Sine
546 1932 698 1969 nomine
714 1946 744 1969 a.
763 1933 825 1971 fol.
844 1946 930 1979 204.
951 1934 1060 1979 Ἀξιοῖ
1073 1937 1138 1981 γὰρ
1154 1936 1338 1980 ἐπισκοπῆς
1353 1936 1391 1970 οὐ
1411 1936 1488 1971 τοὺς
1507 1938 1578 1971 ταῖς
1597 1936 1769 1982 ἁμαρτίαις
1787 1936 1899 1981 ἐνεχο-

318 1998 438 2043 μένους
462 1998 551 2032 ἆλλὰ
570 1999 635 2044 γὰρ
653 1998 731 2034 τοὺς
753 1999 847 2045 [τοὺς
864 2002 1104 2047 assumptuln
1124 2012 1170 2035 ex
1190 2001 1236 2046 C.]
1259 2001 1319 2044 ἤδη
1340 2000 1612 2046 κεκαθαρμένους.

372 2059 493 2098 Paulo
521 2065 607 2110 post
636 2061 808 2098 scholion
836 2062 948 2099 breve
979 2064 1209 2099 οὐκοῦν-τοῦ
1237 2067 1323 2100 Θεοῦ
1343 2061 1423 2115 [Cr.
1446 2064 1506 2111 63,
1531 2071 1630 2111 27—3
1640 2061 1677 2114 2]
1700 2063 1737 2101 S,
1755 2063 1898 2113 Cyrillo

317 2125 455 2163 tribuit
475 2126 555 2164 cod.
577 2125 688 2163 Coisl.
710 2126 776 2163 sed
796 2139 921 2164 errore
940 2131 983 2164 ut
1002 2127 1164 2164 videtur.

874 2223 910 2257 ἐν
928 2220 956 2271 ᾧ
974 2223 1026 2258 καὶ
1044 2225 1114 2260 τοῖς
1132 2224 1167 2258 ἐν
1186 2226 1331 2270 φυλακῇ.

371 2308 394 2332 a
416 2295 478 2333 fol.
503 2306 578 2343 205
599 2309 633 2342 v,
663 2296 744 2334 cod.
765 2295 1002 2334 Med.-Laur.
1025 2297 1125 2335 Plut.
1146 2296 1197 2335 iv.
1221 2311 1268 2346 29
1296 2296 1332 2349 [o
1351 2298 1414 2335 fol.
1437 2310 1485 2346 29
1516 2297 1596 2335 sine
1624 2296 1792 2349 nomine]
1818 2299 1897 2335 Λύει

317 2360 457 2395 ἐνταῦθα
476 2362 534 2405 τὴν
553 2362 720 2396 ἀντίθεσιν
739 2362 862 2406 ἐκείνην
886 2363 925 2406 ἥν
949 2377 1036 2399 τινες
1063 2363 1278 2399 ἀντιτιθέντες
1304 2363 1477 2410 λέγουσιν·
1507 2364 1536 2397 εἷ
1555 2364 1733 2409 ἐπωφελὴς
1754 2362 1789 2409 [ᾗ
1807 2363 1890 2399 add.

317 2422 388 2459 Ed.
410 2423 539 2460 invitis
558 2423 681 2470 libris]
704 2425 722 2469 ἡ
748 2425 1006 2471 ε’νανθρώπησις,
1026 2425 1061 2461 τί
1087 2426 1208 2471 δήποτε
1235 2427 1279 2471 μὴ
1298 2428 1364 2472 πρὸ
1392 2428 1531 2461 πολλῶν
1549 2427 1783 2473 ἐνηνθρώπησε
1810 2429 1893 2473 χρό-

317 2499 405 2533 νων;
436 2489 508 2523 ἰδοὺ
526 2489 592 2535 γὰρ
613 2486 673 2523 καὶ
691 2488 767 2528 τοῖς
786 2490 823 2524 ἐν
841 2489 989 2538 φυλακῇ
1013 2489 1193 2538 πνεύμασι
1211 2488 1397 2537 πορευθεὶς
1416 2489 1593 2537 ἐκήρυξεν·
1621 2489 1672 2526 ἵνα
1699 2490 1789 2535 λύσῃ
1817 2490 1893 2526 τού-

1585 2561 1617 2577 ov

315 2599 394 2620 τους
424 2584 501 2619 ὅσοι
532 2584 703 2619 πιστεύειν
730 2586 885 2630 ἔμελλον,
916 2586 944 2619 εἲ
977 2586 1045 2620 κατ’
1075 2587 1178 2621 ἐκεῖνο
1208 2589 1321 2632 καιροῦ
1360 2583 1487 2636 [ἐκείνῳ
1517 2590 1619 2635 καιρῷ
1656 2586 1737 2623 cod.
1772 2585 1892 2624 Med.-

315 2645 447 2698 Laur.]
469 2649 650 2694 σαρκωθεὶς
669 2651 738 2685 τοῖς
758 2650 811 2684 ἐπὶ
828 2652 888 2695 γῆς
907 2650 1144 2695 ἐπεφοίτησεν·
1172 2650 1265 2684 οὗτοι
1291 2653 1357 2696 γὰρ
1377 2651 1476 2685 αὐτὸν
1494 2651 1546 2685 καὶ
1570 2651 1604 2685 ἐν
1630 2654 1699 2688 τοῖς
1727 2652 1892 2697 καταχθο-

315 2711 396 2748 νίοις
427 2712 628 2758 ἐπιφανέντα
659 2714 790 2749 πάντως
819 2713 1024 2760 ἐπέγνωσαν,
1053 2715 1106 2749 καὶ
1137 2715 1195 2758 τῆς
1227 2713 1422 2760 ἐπιφανείας
1453 2714 1651 2759 ἀπήλαυσαν
1676 2715 1892 2762 [ἀπήλαυσαν

314 2776 395 2813 cod.
417 2775 653 2812 BffiedeLaur.
683 2776 880 2811 ἀπέλαυσαν
898 2789 931 2812 a.
951 2776 1059 2824 Ed.].

367 2840 536 2877 Exhibet
554 2839 722 2877 scholion
741 2852 901 2889 sequens
916 2840 1214 2890 anepigraphum
1229 2853 1360 2878 revera
1374 2841 1514 2891 Migne,
1531 2841 1668 2879 deinde
1684 2845 1721 2879 et
1734 2841 1773 2878 id
1788 2842 1890 2891 quod

312 2903 486 2953 proxime
515 2903 699 2954 sequitur,
725 2903 863 2953 quibus
890 2905 1104 2954 postremis,
1131 2904 1172 2943 in
1198 2905 1389 2945 codicibus
1414 2906 1553 2946 nostris
1578 2906 1735 2957 reliquis
1760 2906 1889 2956 anepi-
