2012 3272
136 149 188 189 ix.
215 162 277 190 10.
454 149 522 189 IN
563 148 903 189 EPISTOLAM
950 148 1028 187 AD
1074 148 1405 188 lIEBRAEOS.
1638 151 1722 189 409

1741 215 1831 257 [119
1850 216 1929 257 M-]

137 315 209 355 Καὶ
249 314 475 372 διαφόροις
514 312 766 365 βαπτισμοῖς
807 314 875 355 καὶ
913 314 1171 364 ὃικαιώμασι
1215 315 1373 372 σαρκὸς
1411 316 1531 373 μέχρι
1571 321 1718 372 καιροῦ
1745 323 1790 349 10

643 403 919 461 διορθώσεως
954 404 1217 453 ἐπικείμενα.

205 517 515 568 Τετελείωκεν
542 519 567 569 ὁ
595 517 735 581 νόμος
767 517 931 568 οὐδένα
966 516 1085 569 κατὰ
1120 519 1408 581 συνείδησιν,
1435 518 1721 583 εἷσκεκόμικε

131 598 180 650 δὲ
218 605 408 664 μᾶλλον
447 605 738 664 βαπτισμῶν
778 599 985 667 διδαχάς,
1018 599 1285 668 ἀφηγήσεις
1323 602 1720 667 περιρραντηρίων
1739 620 1946 660 Suprauzz.

90 689 158 736 5⁶⁶
183 681 303 747 πρὸς
347 681 433 745 τὴν
475 685 557 744 τῆς
600 681 779 748 σαρκὸς
820 682 1158 748 καθαρότητα·”
1223 682 1483 747 καταλήγει
1526 682 1619 748 γὰρ
1661 687 1719 736 εἷς
1739 704 1832 735 Infra
1848 715 1916 735 ver.

129 769 268 814 τοῦτο
311 764 451 827 μόλις
491 767 574 828 τῆς
616 767 807 827 νομικῆς
849 763 1103 830 ἱερωσύνης
1149 764 1177 827 ἡ
1221 763 1429 825 δύναμις·
1497 762 1584 814 κᾶν
1628 756 1791 830 γάρ13”

130 851 293 911 νεκροῦ
318 869 386 899 τις
413 846 589 914 ἥψατο,
619 844 705 896 κᾶν
733 852 924 912 λεπροῦ,
948 844 1034 895 κᾶν
1060 844 1318 912 γονοῤῥυῆς
1345 846 1542 910 ἐγένετο,
1570 848 1719 905 ἐβαπ-

129 927 291 993 τίζετο,
321 931 396 978 καὶ
430 929 574 981 οὕτως
602 927 744 979 ε’δόκει
779 926 1128 993 καθαρίζεσθαι·
1172 933 1320 978 ταῦτα
1347 929 1394 978 δὲ
1423 925 1721 995 δικαιώματα

129 1008 256 1073 ἦσαν
283 1008 462 1077 σαρκός,
489 1010 731 1060 τουτέστιν
765 1011 950 1060 ἐντολαὶ
983 1007 1216 1075 σάρκιναι,
1244 1014 1479 1076 σαρκικῶς
1514 1012 1716 1060 δικαιοῦ-

64 1113 112 1139 10
131 1114 214 1141 σαι
244 1090 352 1145 τοὺς
385 1091 505 1142 κατὰ
539 1091 697 1158 σάρκα
737 1094 988 1144 δοκοῦντας
1028 1090 1525 1156 ἀκαθάρτους,-”Ότι
1549 1091 1596 1142 δὲ
1623 1097 1723 1145 ταῖς

131 1172 250 1224 κατὰ
286 1174 429 1236 νόμον
455 1179 610 1227 σκιαῖς
645 1172 751 1227 τοὺς
778 1173 835 1241 ἐξ
863 1173 1056 1234 αἵματος
1082 1171 1287 1239 Ἰσραὴλ
1313 1173 1549 1226 ἀσυνέτως
1576 1175 1716 1242 ἐμφι-

132 1261 361 1321 λοχωρεῖν
407 1256 489 1306 οῦκ
533 1256 658 1323 ἠφίει
705 1253 840 1317 Θεὸς,
885 1255 941 1323 ἐξ
982 1256 1135 1305 αὐτῶν
1180 1254 1402 1316 εἰσόμεθα
1448 1260 1542 1305 τῶν
1588 1259 1722 1321 ἱερῶν

130 1336 437 1402 γραμμάτων·
503 1337 798 1404 προστέταχε
838 1337 922 1400 μὲν
961 1336 1055 1402 γὰρ
1094 1337 1413 1387 καταθύεσθαι
1453 1335 1535 1387 τὸν
1573 1337 1721 1400 ἀμνὸν

132 1422 195 1472 εἰς
233 1418 381 1470 τύπον
411 1423 643 1485 Χριστοῦ,
683 1420 985 1484 ὁδοιπορικῶς
1025 1417 1073 1469 δὲ
1113 1417 1430 1480 ἐσταλμένους
1468 1423 1717 1480 σιτεῖσθαι,
1738 1441 1842 1472 Exod.
1863 1442 1919 1473 xii.

65 1522 113 1560 15
133 1501 378 1563 σημαίνων
404 1502 466 1553 ὡς
497 1500 632 1567 μέχρι
666 1501 841 1554 παντὸς
869 1502 922 1550 οὐ
949 1500 1180 1564 στήσεται
1221 1499 1280 1550 τὰ
1319 1502 1366 1550 ἐν
1405 1499 1579 1563 τύποις,
1607 1502 1716 1552 ἀλλ’
1742 1495 1775 1515 ¹¹

133 1583 269 1632 οἱονεὶ
295 1585 534 1648 δραμεῖται
559 1582 677 1648 πρὸς
705 1583 943 1647 ἀλήθειαν.

132 1744 255 1801 γαλῆν
259 1742 295 1776 δέ
313 1757 364 1776 και
382 1745 447 1786 μῦν
463 1757 516 1777 και
533 1743 770 1787 καλαβώτην’
751 1758 953 1788 απαγορευει
971 1744 1015 1780 ὧς
1031 1744 1208 1790 ψοφοδεῆ,
1227 1745 1272 1779 ὡς
1288 1743 1435 1779 κλέπτας
1453 1758 1507 1778 και
1525 1744 1718 1788 ὑποκριτάς·

133 1790 187 1823 καὶ
205 1791 223 1823 6
239 1789 427 1833 ἁπτόμενος
451 1791 570 1830 αὐτῶν,
590 1791 710 1835 φησὶν,
737 1790 935 1835 ἀκάθαρτος·
971 1792 989 1824 6
1015 1795 1179 1825 κοινωνῶν
1203 1791 1268 1836 γὰρ
1295 1791 1421 1834 κλέπτη
1448 1791 1501 1824 καὶ
1527 1793 1638 1835 λῃστῇ
1666 1793 1720 1825 καὶ

132 1835 233 1871 αὐτὸς
250 1837 507 1881 συγκολάζεται·
535 1836 552 1880 ἢ
570 1839 692 1871 πλυνεῖ
709 1838 748 1871 τὰ
768 1838 890 1881 ἱμάτια.
910 1852 963 1871 και
980 1838 1202 1881 ἀκάθαρτος”
1184 1852 1281 1872 εσται
1300 1837 1362 1872 ἕως
1378 1837 1527 1882 ἑσπέρας
1543 1852 1721 1872 τουτεστιν

134 1882 195 1917 ἕως
219 1884 276 1926 τῆς
300 1886 452 1927 Χριστου
474 1884 674 1928 παρουσίας·
711 1884 746 1918 ἐν
763 1884 893 1929 ἑσπέρᾳ
909 1885 975 1929 γὰρ
993 1885 1031 1918 τὸ
1049 1885 1151 1918 αὐτοῦ
1167 1886 1307 1929 γεγονὸς
1331 1884 1518 1928 μυστήριον
1542 1884 1720 1928 ἀπήλλαξε

133 1929 259 1964 πάντας
281 1933 347 1963 τῶν
374 1929 458 1975 [τῶν
482 1942 552 1965 om.
580 1930 714 1976 Maius]
742 1931 922 1975 ἁμαρτιῶν.
957 1934 1062 1965 ταῦτα
1090 1931 1202 1965 τοίνυν
1229 1931 1453 1974 αἰνιττόμενος
1479 1932 1497 1964 6
1523 1931 1721 1966 ἀπόστολος

134 1989 274 2019 ειρηκεν,
301 1976 353 2010 ὅτι
383 1977 424 2010 τὰ
453 1978 535 2011 κατὰ
562 1979 663 2020 νόμον
688 1977 872 2021 τελούμενα
899 1978 954 2011 ε’πι
979 1979 1159 2021 βρώμασιν
1183 1976 1223 2020 ἦν
1250 1992 1302 2011 και
1329 1978 1443 2018 μέντοι
1470 1978 1523 2011 καὶ
1556 1979 1718 2021 πόμα·σιν

135 2036 207 2056 ειπε
231 2023 309 2068 γὰρ,
327 2024 429 2067 φησι,
449 2022 572 2067 Κύριος
589 2025 674 2067 πρὸς
689 2023 820 2067 Ἀαρών
839 2022 938 2058 Οἶνον
956 2025 1008 2057 καὶ
1027 2025 1147 2068 σίκερα
1166 2039 1204 2058 ου
1221 2024 1343 2058 πίεσθε
1366 2025 1410 2058 σὺ
1430 2024 1483 2058 καὶ
1510 2025 1541 2057 οἱ
1566 2024 1629 2058 υἱοί
1655 2039 1721 2058 σου

135 2068 171 2102 ἐν
186 2071 232 2114 τῷ
251 2069 513 2113 εἰσπορεύεσθαί
531 2086 571 2105 σε
590 2071 636 2106 εἰς
654 2071 713 2114 τὴν
732 2070 867 2114 σκηνήν·
901 2085 972 2104 ειτα
989 2071 1119 2116 ἐπάγει.
1508 2070 1561 2104 16.
1590 2070 1720 2116 Seque-

135 2104 241 2149 batur
269 2116 428 2150 scholion
456 2120 528 2152 πῶς
554 2116 718 2151 οῦν-τὸν
745 2116 974 2161 Ἐμμανουήλ,
1005 2117 1100 2163 quod
1130 2129 1242 2163 quum
1268 2117 1432 2151 tlactatui
1462 2116 1504 2150 de
1533 2123 1626 2150 recta
1653 2117 1720 2150 fide

136 2161 179 2195 ad
209 2162 360 2206 Reginas
386 2176 420 2208 p.
443 2163 508 2196 166
539 2163 594 2198 cd
622 2164 800 2208 pertineat,
828 2164 1054 2207 plaetermisi9
1082 2163 1207 2197 deinde
1236 2163 1393 2197 scholion
1419 2165 1578 2208 longum,
1609 2175 1718 2208 quum
1739 2163 1820 2196 120
1843 2161 1904 2196 M.

137 2207 174 2242 S.
197 2208 367 2254 Cyrlllum
394 2216 570 2244 auctorem
596 2222 652 2243 le
679 2210 814 2253 habeat,
834 2211 889 2244 hie
910 2210 1079 2243 exhibeo:
1109 2209 1204 2243 Οὕτω
1222 2210 1287 2267 γὰρ
1305 2210 1493 2266 γέγραπται
1512 2209 1546 2243 ἐν
1563 2212 1608 2255 τῷ
1627 2212 1719 2243 λευι-

135 2257 226 2300 τικῲ·
261 2255 312 2288 ὅτι
342 2255 576 2290 εἰσελεύσεται
602 2256 734 2300 Ααρὼν
763 2257 809 2292 εἷς
838 2257 878 2290 τὰ
906 2256 1022 2296 α’δυτα,
1049 2257 1168 2296 λαβὼν
1196 2258 1331 2301 μόσχον
1356 2257 1434 2299 περὶ
1464 2255 1637 2299 ἁμαρτίας,
1667 2257 1720 2289 καὶ

137 2303 230 2345 κριὸν
255 2302 302 2337 εἷς
328 2302 560 2347 ὁλοκαύτωμα
602 2302 753 2359 λήψεται
783 2303 818 2337 δέ
847 2303 900 2336 καὶ
927 2304 1018 2346 παρὰ
1045 2304 1102 2345 τῆς
1135 2304 1335 2347 συναγωγῆς
1364 2302 1423 2336 δύο
1450 2303 1615 2360 χιμάρους
1643 2304 1721 2359 περὶ

136 2346 309 2405 ἁμαρτίας,
337 2349 390 2382 καὶ
416 2350 509 2394 κριὸν
538 2349 584 2384 εἷς
611 2348 839 2391 ὁλοκαύτωμα·
875 2363 928 2382 και
954 2349 1122 2394 προσάξει
1150 2350 1209 2383 τὸν
1234 2351 1379 2393 μόσχον·
1415 2350 1468 2383 καὶ
1494 2348 1628 2406 στήσει
1643 2350 1721 2384 τοὺς

135 2395 300 2439 χιμάρους
324 2395 432 2429 ἔναντι
459 2396 572 2454 κυρίου
597 2397 689 2440 παρὰ
714 2396 773 2439 τὴν
790 2395 894 2440 θύραν
911 2397 969 2438 τῆς
994 2397 1117 2439 σκηνῆς
1141 2398 1201 2429 τοῦ
1226 2396 1421 2440 μαρτυρίου·
1458 2395 1510 2428 καὶ
1536 2395 1628 2439 ῥανεῖ
1653 2395 1719 2430 ἀπὸ

135 2443 195 2474 τοῦ
220 2440 359 2485 αἵματος
384 2445 443 2476 τοῦ
465 2444 601 2486 μόσχου
626 2443 678 2476 καὶ
701 2445 761 2476 τοῦ
785 2443 930 2487 χιμάρου
956 2444 1002 2487 τῷ
1029 2441 1183 2487 δακτύλῳ
1209 2443 1344 2477 ἑπτάκις
1370 2441 1424 2476 επὶ
1447 2443 1486 2476 τὸ
1510 2441 1718 2485 ἱλαστήριον,

136 2484 207 2520 εἶτα
230 2489 283 2521 καὶ
307 2489 362 2522 ε’πι
383 2490 420 2522 τὸ
441 2488 696 2533 θυσιαστήριον.
730 2491 938 2533 λαμβάνεται
955 2490 1016 2533 μέν
1033 2488 1091 2523 οὖν
1108 2491 1125 2522 6
1147 2491 1280 2533 μόσχος
1304 2489 1350 2525 εἷς
1372 2503 1477 2524 τυπον
1494 2491 1658 2531 Χριστοῦ,
1676 2489 1721 2525 ὡς

135 2548 270 2576 αμωμος
287 2535 341 2568 καὶ
356 2550 401 2579 μη
419 2536 654 2581 πεπληγμένος
671 2535 741 2580 ἐξε
725 2536 897 2579 αμαρτιας·
930 2537 1141 2579 προσάγεται
1165 2536 1200 2569 δέ
1222 2537 1307 2578 πρὸς
1330 2535 1431 2569 αὐτὰς
1453 2536 1511 2570 τὰς
1537 2534 1647 2593 &ipas’
1661 2537 1720 2578 τῆς

136 2582 272 2624 σκηνῆς,
287 2583 325 2615 τὸ
341 2582 460 2615 παθεῖν
477 2582 515 2615 οὐ
531 2582 795 2626 παραιτούμενος
813 2583 896 2627 ὑπὲρ
914 2584 972 2625 τῆς
990 2583 1108 2616 ἑαυτου
1127 2582 1317 2625 εκκλησίας,
1336 2583 1417 2615 κατὰ
1435 2583 1473 2614 τό
1489 2581 1592 2625 (Υπὲρ
1611 2582 1720 2615 αὐτῶν

135 2625 294 2670 ἁγιάζω’
278 2629 343 2672 εγὼ
361 2628 515 2671 εμαυτὸν,
532 2629 688 2663 τουτέστι
706 2630 872 2674 προσάγω
891 2629 944 2662 καὶ
965 2628 1168 2673 προσφέρω·
1194 2628 1440 2686 ἐπιτιθεμένων
1458 2628 1492 2661 δέ
1513 2632 1579 2661 τῶν
1595 2631 1718 2672 χειρῶν

135 2675 195 2706 τοῦ
220 2673 457 2718 ἡμαρτηκότος,
475 2674 493 2712 ἡ
518 2675 639 2719 σφαγὴ
664 2676 801 2719 γινεται·
835 2675 933 2710 αὐτὸς
957 2676 1023 2720 γὰρ
1049 2675 1141 2718 ἡμῶν
1165 2673 1250 2718 αίρει
1275 2677 1334 2710 τὰς
1356 2674 1529 2718 ἁμαρτίας,
1553 2675 1604 2708 καὶ
1633 2675 1717 2718 ὑπὲρ

136 2718 227 2761 ἡμῶν
239 2720 405 2760 ὀδυνᾶται,
421 2722 474 2754 καὶ
487 2722 570 2765 ὑπὲρ
581 2725 647 2755 τῶν
658 2721 825 2766 ἡμετέρων
838 2722 955 2767 ἔργων·
986 2723 1088 2766 ε’ργου
1110 2720 1173 2767 [ita
1192 2721 1280 2755 Cod.
1298 2721 1446 2765 Migne'
1436 2722 1548 2777 ἔργον
1552 2720 1618 2754 Ed.
1622 2720 1635 2764 ]
1651 2721 1716 2765 γὰρ

136 2765 190 2798 καὶ
206 2767 358 2810 πράξεως
374 2767 477 2802 τύπος
494 2767 512 2811 ἡ
531 2768 617 2812 χείρ·
647 2768 787 2802 ἐνώπιον
804 2768 840 2801 δέ
858 2768 972 2811 κυρίου
990 2769 1195 2812 εσφάζετο“
1179 2782 1197 2801 ο
1214 2767 1328 2810 ἇμνός
1355 2766 1494 2810 θελήσει
1511 2768 1577 2812 γὰρ
1591 2768 1718 2810 πατρὸς

137 2813 196 2844 τοῦ
222 2815 373 2857 σωτῆρος
390 2817 542 2857 Χριστοῦ
567 2815 605 2847 τὸ
625 2815 732 2849 πάθος
754 2813 898 2857 ἐγένετο.
931 2815 1097 2858 λαμβάνει
1123 2814 1159 2847 δέ
1184 2813 1250 2848 ἀπὸ
1275 2816 1336 2847 τοῦ
1361 2812 1500 2857 αἵματος
1524 2814 1638 2852 αὐτοῦ,
1664 2813 1717 2845 καὶ

138 2855 240 2900 ῥαίνει
266 2860 401 2894 ἑπτάκις
424 2860 477 2893 επὶ
502 2861 540 2893 τὸ
560 2860 757 2918 ἱλαστήριον
774 2863 831 2903 τῆς
849 2862 1004 2898 κιβωτοῦ·
1025 2860 1158 2916 γέγονε
1175 2861 1240 2904 γὰρ
1259 2859 1336 2903 ἡμῖν
1352 2861 1500 2901 Χριστὸς
1518 2860 1664 2901 ἱλασμὸς
1683 2859 1718 2891 ἐν

138 2901 250 2943 αἵματι
266 2905 423 2949 διαθήκης
439 2906 583 2940 αἰωνίου“
619 2908 753 2942 ἑπτάκις
777 2907 824 2940 δέ·
860 2907 973 2940 τελεία
994 2907 1059 2951 γὰρ
1083 2906 1160 2949 ἡμῖν
1177 2906 1194 2948 ἡ
1213 2907 1338 2951 ἄφεσις
1356 2906 1454 2947 ἐδόθη
1478 2906 1512 2938 ἐν
1534 2907 1580 2949 τῷ
1604 2903 1716 2947 αἵματι

139 2949 250 2983 αὐτοῦ·
285 2951 413 2987 τέλειος
429 2952 495 2997 γὰρ
512 2952 686 2996 ἀριθμὸς
670 2968 687 2986 ο
705 2954 799 2987 ἑπτά·
836 2954 923 2997 χρίει
947 2953 981 2985 δε
1009 2967 1059 2986 και
1087 2968 1125 2986 τα
1153 2952 1274 2996 κέρατα
1300 2954 1358 2986 τοῦ
1385 2939 1629 2994 θυσιαστηρίιη
1655 2966 1684 2983 τ
1686 2953 1715 2984 ῦ

196 3016 287 3044 V.OL
312 3019 378 3045 111.
917 3021 939 3060 3
964 3020 985 3046 G
