2027 3257
83 213 253 255 [72M·]

65 429 152 461 Heb.
168 429 224 461 xii.
239 440 267 462 2.

66 662 118 693 Ib.
137 662 171 692 ii.
189 672 236 701 η,

69 713 117 744 15.

73 1335 85 1356 1
101 1325 132 1355 S.
145 1325 243 1357 Joan.

68 1379 113 1399 111.
129 1377 156 1398 2.

68 1412 165 1443 Rom.
180 1411 247 1442 viii.

71 1463 123 1495 ‘23-

71 1654 156 1685 Phil.
168 1654 211 1685 iii.
227 1663 275 1685 21.

287 147 371 186 300
516 146 567 186 B.
601 145 849 186 CYRILLI
886 145 1236 187 ALEXANDR.
1274 146 1646 187 FRAGMENTA
1710 158 1865 187 xv.12.

288 258 460 320 νεκρῶν
484 252 792 308 ἀναστάσεως
829 253 882 304 τὸ
917 252 1193 318 μυστήριον,
1219 253 1481 319 ἠγνοήκασι
1516 258 1760 307 παντελῶς
1786 256 1868 317 τῆς

287 334 683 402 ἐνανθρωπήσεως
704 340 787 386 τοῦ
814 338 1115 399 Μονογενοῦς
1140 333 1222 384 τὸν
1247 336 1444 386 σκοπόν·
1481 335 1644 401 γέγονε
1668 334 1762 400 γὰρ
1788 335 1868 385 ἄν-

290 421 476 483 θρωπος
496 417 549 468 οὐ
575 417 628 467 δι’
648 416 810 468 ἑαυτὸν
836 417 860 465 ὁ
884 415 1005 469 Θεὸς
1025 414 1198 480 Λόγος,
1221 422 1249 445 “
1266 417 1368 467 ἀντὶ
1389 415 1436 467 δὲ
1462 419 1544 480 τῆς
1568 416 1868 482 προκειμένης

292 506 317 529 “
343 499 468 568 αὐτῷ
507 502 654 566 χαρᾶς
694 498 900 559 ὑπέμεινε
932 494 1155 562 σταυρὸν9
1191 497 1419 564 αἰσχύνης
1459 496 1867 566 καταφρονήσας·”

290 578 365 630 διὰ
399 585 537 631 ποῖαν
563 579 726 641 αἰτίαν,
754 576 929 647 διδάξει
964 578 1119 643 λέγων
1145 577 1282 632 αὐτὸς
1313 580 1338 629 ὃ
1365 579 1646 648 σοφώτατος
1675 582 1870 632 Παῦλος
1889 596 1911 635 5

290 668 318 691 “
344 661 537 725 Ἐπειδὴ
565 660 657 726 γὰρ
682 659 741 711 τὰ
775 660 936 710 παιδία
970 660 1297 724 κεκοινώνηκεν
1324 660 1517 724 αἵματος
1555 663 1630 710 καὶ
1668 659 1866 725 σαρκὸς,

292 750 318 772 “
342 745 418 793 καὶ
453 741 590 796 αὐτὸς
622 742 972 808 παραπλησίως
1006 742 1233 809 μετέσχεν
1260 746 1354 793 τῶν
1380 743 1545 805 αὐτῶν,
1570 742 1646 792 ἵνα
1680 740 1755 791 διὰ
1789 747 1870 792 τοῦ

291 831 317 854 “
343 822 546 874 θανάτου
584 821 865 890 καταργήσῃ
905 821 987 873 τὸν
1027 822 1081 873 τὸ
1123 822 1292 887 κράτος
1332 822 1501 890 ἔχοντα
1540 828 1623 873 τοῦ
1654 822 1870 885 θανάτου,

291 912 318 935 “
343 904 557 956 τουτέστι
583 904 665 955 τὸν
692 905 934 967 διάβολον,
962 908 1036 955 καὶ
1063 905 1323 973 ἀπαλλάξῃ
1362 904 1554 958 τούτους
1587 904 1694 955 ὅσοι
1732 904 1872 973 φόβῳ

292 993 318 1016 “
345 986 548 1037 θανάτου
569 985 643 1037 διὰ
667 984 842 1039 παντὸς
867 991 950 1036 τοῦ
973 985 1059 1051 ζῆν
1085 985 1237 1052 ε”νοχοι
1263 985 1389 1050 ἦσαν
1416 985 1675 1039 δουλειάς-”
1708 987 1873 1037 οὐκοῦν
1895 1007 1942 1032 10

292 1072 329 1118 εἰ
354 1067 419 1131 μὴ
448 1071 720 1135 καταργηθῇ
747 1066 962 1129 θάνατος,
989 1071 1158 1118 εἰκαῖον
1184 1068 1309 1137 αὐτῷ
1335 1068 1389 1118 τὸ
1416 1067 1620 1131 σκέμμα,
1647 1066 1874 1131 ἀνόνητον

293 1150 341 1201 δὲ
366 1152 441 1201 καὶ
471 1151 576 1214 ἡμῖν
596 1151 751 1202 αὐτοῖς
776 1151 858 1212 τῆς
882 1148 997 1212 μετὰ
1024 1149 1202 1215 σαρκὸς
1229 1150 1490 1213 οἰκονομίας
1517 1148 1571 1199 τὸ
1597 1148 1870 1214 μυστήριον·

293 1231 671 1297 διημαρτήκαμεν
698 1230 837 1281 δὲκαὶ
859 1233 939 1294 τῆς
966 1234 1027 1284 εἷς
1048 1229 1168 1296 ζωὴν
1189 1231 1394 1284 ἐλπίδος·
1424 1229 1688 1294 κεκλήμεθα
1708 1229 1754 1282 δὲ
1773 1227 1874 1285 πῶς

294 1317 356 1366 εἶς
393 1312 628 1364 υἱοθεσίαν
659 1313 737 1363 καί
771 1314 915 1374 ἐσμεν
955 1312 1092 1363 τέκνα
1131 1315 1269 1374 Θεοῦ,
1306 1311 1428 1363 καθά
1465 1320 1616 1380 φησιν
1653 1311 1872 1376 Ἰωάννης

294 1396 319 1445 ὁ
347 1394 536 1463 σοφός;
580 1394 706 1461 ε’ίπερ
745 1395 875 1444 ἐστὶν
900 1393 1071 1458 ἀληθὲς
1107 1396 1169 1447 ὡς
1207 1401 1234 1423 “
1254 1394 1491 1445 υἱοθεσίαν
1526 1393 1871 1461 ἀπεκδεχόμεθα
1899 1419 1943 1454 15

293 1475 378 1540 τὴν
419 1476 755 1542 ἀπολύτρωσιν
805 1481 888 1526 τοῦ
938 1476 1161 1539 σώματος
1207 1476 1379 1540 ἡμῶν,”
1425 1480 1537 1527 ποῖα
1582 1476 1630 1526 δὲ
1675 1475 1798 1529 ὅλως
1843 1476 1872 1540 ἡ

292 1557 641 1623 ἀπολύτρωσις,
688 1562 724 1608 εὶ
770 1556 834 1621 μὴ
878 1557 1083 1608 θανάτου
1128 1558 1360 1625 κρείττους
1404 1558 1523 1622 ἡμᾶς
1568 1558 1807 1626 ἀπέφηνεν
1847 1559 1872 1607 ὁ

292 1639 535 1706 Χριστός;
579 1637 607 1703 ἦ
635 1644 735 1692 πῶς
775 1646 802 1668 “
821 1641 1228 1707 μετασχηματίσει
1263 1639 1316 1690 τὸ
1348 1645 1490 1701 σῶμα
1527 1642 1609 1704 τῆς
1648 1639 1873 1690 ταπεινώπ

292 1730 320 1752 “
346 1747 468 1777 σεως
508 1724 640 1787 ἡμῶν
680 1723 970 1792 σύμμορφον
1010 1727 1077 1792 τῷ
1122 1722 1309 1787 σώματι
1351 1725 1434 1786 τῆς
1478 1721 1618 1791 δόξης
1664 1721 1870 1784 αὐτοῦ;”

292 1810 423 1859 ποῖος
462 1804 554 1871 γὰρ
583 1804 706 1859 ὅλως
731 1806 757 1855 ὁ
784 1807 918 1856 τοῦδε
945 1803 1118 1871 καιρὸς,
1145 1809 1181 1855 εἱ
1217 1803 1282 1869 μὴ
1309 1803 1594 1872 ἀπρακτήσῃ
1631 1803 1830 1859 θάνατος
1855 1826 1866 1866 3
1895 1827 1944 1852 20

292 1885 322 1950 ἢ
354 1891 485 1940 ποῖος
524 1886 658 1937 ἔσται
697 1886 1166 1954 μετασχηματισμὸς,
1193 1891 1288 1940 τοῖς
1318 1887 1366 1936 ἐν
1397 1886 1655 1949 ταυτότητι,
1683 1890 1873 1950 μᾶλλον

294 1968 343 2018 δὲ
368 1970 444 2019 καὶ
469 1969 517 2018 ἐν
542 1968 752 2037 χείροσιν
778 1967 1017 2031 ἐσομένοις
1039 1990 1051 2030 3

363 2048 534 2115 ”Αθρει
567 2049 616 2100 δὲ
643 2049 767 2104 ὅπως
797 2050 1098 2116 περιίστησιν
1124 2049 1347 2117 εὐτέχνως
1373 2053 1435 2102 εἷς
1470 2049 1728 2114 ἀναγκαίαν
1754 2050 1868 2113 ὁμο-

294 2132 462 2197 λογίαν
501 2137 584 2183 τοῦ
622 2135 790 2199 χρῆναι
837 2130 992 2196 λέγειν
1034 2134 1095 2184 ὡς
1138 2131 1486 2192 ἀναβιώσονται
1528 2130 1646 2181 κατὰ
1690 2130 1873 2197 καιροὺς

295 2213 354 2265 τὰ
392 2215 441 2264 ἐκ
474 2217 561 2280 γῆς
596 2214 728 2278 ἡμῶν
754 2213 971 2276 σώματα.
1031 2219 1063 2264 εἰ
1095 2212 1188 2279 γὰρ
1215 2212 1286 2276 δὴ,
1313 2215 1451 2282 φησὶ,
1482 2212 1556 2263 διὰ
1594 2211 1754 2276 πάσης
1791 2215 1873 2277 τῆς
1895 2232 1943 2270 25

295 2295 612 2346 θεοπνεύστου
655 2298 845 2363 γραφῆς
884 2294 1192 2361 ἐγηγερμένος
1238 2296 1288 2346 ἐκ
1336 2294 1480 2363 νεκρῶν
1525 2293 1873 2360 διακεκήρυκται

295 2376 490 2446 Χριστὶς,
518 2376 614 2431 πῶς
652 2377 852 2442 λέγουσιν
890 2378 927 2428 ἐν
960 2380 1056 2445 ὑμῖν
1090 2399 1194 2431 τινες
1231 2376 1291 2428 ’ότι
1331 2377 1580 2430 ἀνάστασις
1617 2375 1759 2445 νεκρῶν
1800 2379 1873 2427 οὐκ

296 2457 406 2508 ἔστιν
430 2480 441 2519 ;
485 2459 714 2509 ἀπέθανεν
740 2458 854 2524 γὰρ,
884 2461 947 2512 ὡς
972 2457 1060 2522 ἤδη
1088 2458 1361 2525 φθοίσαντες
1388 2457 1587 2520 ε’ίπομεν,
1614 2457 1702 2523 οὐχ
1727 2458 1874 2526 ἑαυτῷ

294 2543 484 2602 μᾶλλον
522 2541 632 2589 ἀλλ’
670 2540 794 2603 ἡμῖν·
859 2540 912 2589 ἵν’
954 2539 1138 2604 ἐπείπερ
1183 2541 1285 2589 ἐστὶ
1328 2538 1418 2604 ζωὴ
1461 2537 1578 2588 κατὰ
1622 2540 1771 2606 φύσιν
1812 2541 1874 2592 ὡς

295 2619 431 2682 Θεὸς,
457 2623 522 2689 τῷ
560 2620 745 2689 θανάτῳ
783 2623 865 2683 τῆς
905 2620 1020 2674 ἰδίας
1047 2619 1227 2685 σαρκὸς
1254 2619 1532 2687 καταργήσῃ
1569 2620 1784 2683 θάνατον,
1812 2622 1874 2674 ὡς
1895 2647 1944 2683 30

342 2763 371 2786 1.
397 2752 559 2797 ἀγνοοῦσι
578 2751 626 2786 H.
679 2753 803 2787 Statim
820 2755 994 2788 παντελῶς
1011 2764 1081 2787 om.
1102 2753 1150 2787 H.
1379 2765 1385 2769 ’
1397 2764 1430 2797 3.
1456 2755 1515 2787 τοῦ
1534 2756 1622 2788 Θεοῦ
1640 2765 1702 2798 pro
1720 2755 1805 2789 Θεὸς
1824 2754 1872 2788 Η.

296 2798 420 2844 Λόγος]
442 2799 552 2844 pergit
569 2798 646 2832 ἀλλ’
666 2798 718 2833 ἵνα
736 2799 819 2842 ἡμᾶς
836 2799 1016 2844 ἀπαλλάξῃ
1033 2800 1188 2834 θανάτου.
1215 2799 1244 2833 εἷ
1261 2799 1295 2833 δέ
1313 2799 1357 2843 μὴ
1377 2800 1452 2842 (11)
1475 2800 1522 2834 H.
1677 2812 1710 2845 9.
1735 2800 1874 2836 τούτους

294 2857 364 2879 om.
385 2846 427 2880 A.
570 2858 620 2879 11.
648 2845 849 2890 κατήργηται
870 2846 917 2880 H.
1057 2857 1109 2880 12.
1135 2846 1428 2890 τῆς-μυστήριον
1446 2858 1516 2880 om.
1539 2846 1585 2880 H.
1730 2857 1782 2891 13.
1806 2847 1873 2892 γὰρ

296 2904 358 2935 pro
376 2892 410 2925 δέ
431 2893 526 2936 prius
547 2892 593 2925 Il.
668 2892 820 2937 ἐλπίδος]
842 2893 953 2937 pergit
971 2890 1039 2926 εἶτα
1059 2893 1158 2927 εἰπών
1172 2899 1265 2928 Τινες
1282 2895 1415 2935 μᾶλλον
1433 2893 1676 2927 σαδδουκιιίους
1693 2893 1872 2928 αἰνίττεται

296 2938 370 2973 τοὺς
388 2938 433 2982 μὴ
451 2939 608 2980 λέγοντας
629 2939 815 2974 ἀνάστασιν
835 2940 883 2983 (Ι),
904 2950 983 2983 301,
1004 2940 1039 2982 Η)
1062 2938 1106 2973 Η
1289 2950 1341 2984 25.
1371 2941 1427 2982 τῆς
1445 2951 1513 2974 om⁵
1535 2939 1668 2984 Migne.
