2017 3252
324 126 409 166 496
632 126 681 167 B.
715 125 961 167 CYRILLI
993 124 1340 167 ALEXANDR.
1374 124 1597 167 FRAGM.

324 237 463 285 τοῦτο
504 235 579 284 καὶ
618 234 701 284 οὐκ
740 231 999 299 ἀρνήσαιτό
1035 255 1104 286 τις
1141 232 1195 283 τὸ
1232 231 1567 299 γεγραμμένον,
1596 229 1727 295 πλὴν
1764 228 1907 281 ἐκεῖνό

325 319 483 383 φαμεν
521 314 592 365 ὅτι
630 315 713 365 οὐκ
753 316 801 365 ἐν
839 314 1081 383 ἀλλοτρίῳ
1121 313 1311 377 σώματι
1355 312 1668 382 κατῳκηκέναι
1712 316 1907 375 νοοῦμεν

322 394 408 459 τὴν
435 395 631 460 θεότητα
656 401 738 447 τοῦ
764 399 896 457 Υἱοῦ,
923 396 1033 446 ἀλλ’
1059 397 1121 448 ὡς
1146 395 1195 445 ἐν
1221 394 1320 464 ἰδίῳ
1346 399 1537 458 μᾶλλον
1557 397 1667 463 ναῷ,
1695 391 1906 458 καθάπερ

322 478 483 541 ἀμέλει
514 480 589 529 καὶ
615 475 702 540 τὴν
725 481 808 528 τοῦ
833 476 1084 542 ἀνθρώπου
1109 475 1288 544 ψυχὴν,
1315 476 1474 541 ἑτέραν
1501 474 1584 539 μὲν
1610 476 1760 526 οὖσαν
1785 472 1906 525 κατὰ

321 559 408 623 τὴν
433 558 605 625 σάρκα,
631 563 867 609 τελοῦσαν
892 555 1042 623 γεμὴν
1068 558 1184 620 ὁμοῦ
1215 561 1274 624 τῇ
1305 559 1449 623 σαρκὶ
1480 556 1599 623 πρὸς
1634 555 1906 607 ὑπόστασιν
1925 567 1948 606 5

321 639 421 693 ἑνὸς
463 640 714 706 ἀνθρώπου
756 638 941 705 Πέτρου
979 639 1124 706 τυχὸν
1162 637 1191 702 ἢ
1233 638 1447 689 Παύλου.
1498 637 1629 701 πλὴν
1674 638 1749 688 καὶ
1791 635 1906 702 ὑπὲρ

321 727 461 772 τοῦτο
488 726 658 772 νοεῖται
683 719 909 787 Χριστός.
953 722 1006 771 οὐ
1032 720 1126 787 γάρ
1151 743 1223 772 τοι
1249 720 1331 771 τὸν
1356 724 1440 770 τοῦ
1466 723 1591 770 Θεοῦ
1616 716 1778 784 Λόγον
1803 718 1906 768 ἀντὶ

322 806 484 871 ψυχῆς
517 802 740 869 γενέσθαι
778 801 934 871 φαμὲν
969 804 1035 871 τῷ
1071 801 1272 866 σώματι,
1300 800 1420 852 κατά
1445 824 1498 865 γε
1533 799 1587 852 τό
1612 822 1739 851 τισιν
1771 801 1902 850 ἐκτο-

320 884 518 936 πώτατα
567 887 750 936 δοκοῦν·
819 882 1214 948 διαβεβαιούμεθα
1274 882 1323 934 δὲ
1381 886 1573 946 μᾶλλον
1622 883 1906 949 ἐψυχῶσθαι

320 969 459 1035 ψυχῇ
495 967 633 1035 νοερᾷ
669 964 724 1017 τὸ
763 963 900 1032 ἅγιον
939 966 1081 1017 αὐτοῦ
1120 967 1194 1016 καὶ
1232 965 1466 1032 ἄχραντον
1504 967 1663 1028 σῶμα.
1929 979 1977 1005 10

1116 1114 1127 1132 l

1100 1139 1143 1167 ί.

396 1233 686 1287 Παντέλειος
720 1231 804 1296 μὲν
843 1234 918 1283 καὶ
962 1231 1353 1297 ὁμολογουμένως
1397 1233 1472 1282 καὶ
1511 1228 1715 1299 ἀναυξὴς
1756 1230 1782 1279 ὃ
1823 1233 1906 1279 τοῦ

322 1318 448 1365 Θεοῦ
475 1314 648 1381 Λόγος·
704 1313 975 1380 γεγέννηται
1001 1313 1095 1379 γὰρ
1130 1315 1178 1364 ἐκ
1213 1312 1392 1364 τελείου
1421 1311 1625 1378 Πατρὸς,
1654 1313 1703 1361 ἐκ
1729 1311 1906 1378 σοφίας

320 1396 473 1464 σοφία
512 1399 587 1447 καὶ
626 1395 818 1460 δύναμις
853 1397 903 1446 ἐκ
939 1394 1190 1459 δυνάμεως.
1241 1394 1394 1458 ἐπειδὴ
1420 1393 1467 1444 δὲ
1493 1391 1756 1460 πρόσεστιν
1782 1392 1907 1460 αὐτῷ

318 1478 373 1529 τὸ
400 1477 733 1531 ἀναλλοιώτως
767 1477 887 1545 ἔχειν
913 1475 1032 1528 κατὰ
1067 1476 1233 1546 φύσιν,
1265 1477 1496 1540 ἀδικηθεὶς
1531 1473 1662 1525 οὐδὲν
1694 1472 1783 1524 ὑπὸ
1821 1478 1904 1523 τοῦ
1927 1493 1974 1532 15

317 1559 539 1626 γενέσθαι
578 1560 626 1610 ἐν
667 1562 778 1628 ναῷ,
822 1559 1079 1623 μεμένηκεν
1117 1559 1142 1608 ὁ
1182 1556 1333 1619 αὐτὸς,
1373 1556 1588 1608 τουτέστι
1632 1551 1906 1607 παντέλειος

319 1643 395 1692 καὶ
429 1641 583 1710 σοφία
616 1643 692 1692 καὶ
716 1639 927 1704 δύναμις,
959 1642 1034 1691 καὶ
1071 1639 1330 1706 προέκοπτε
1368 1638 1455 1702 μὲν
1479 1638 1508 1702 ἡ
1534 1636 1665 1706 σὰρξ
1700 1637 1901 1702 ἀδρυνο-

319 1723 434 1788 μένη
461 1721 580 1774 κατὰ
617 1721 776 1790 βραχὺ
811 1721 932 1773 κατά
957 1743 1013 1786 γε
1039 1720 1122 1772 τὸν
1148 1723 1231 1785 τῆς
1258 1719 1449 1789 φύσεως
1476 1718 1635 1783 νόμον,
1660 1719 1685 1768 ὁ
1713 1717 1760 1769 δὲ
1786 1719 1899 1769 ἑνω-

320 1806 414 1858 θεὶς
452 1805 568 1871 αὐτῇ
595 1802 752 1869 Λόγος
790 1805 873 1867 τῆς
908 1803 1073 1854 ἑαυτοῦ
1112 1802 1289 1871 σοφίας
1324 1800 1410 1866 τὴν
1449 1801 1682 1869 ἔκφρασιν
1708 1801 1905 1850 ἐποιεῖτο

320 1885 440 1936 κατὰ
472 1883 642 1952 βραχὺ,
683 1886 758 1935 καὶ
796 1883 895 1935 οἷον
932 1882 1430 1951 συμπαρατρέχουσαν
1468 1886 1526 1950 τῇ
1564 1886 1646 1932 τοῦ
1682 1880 1904 1945 σώματος
1925 1906 1974 1932 20

321 1965 519 2036 αὐξήσει
556 1970 632 2017 καὶ
671 1965 895 2028 ἐπιδόσει,
938 1967 1013 2016 καὶ
1057 1966 1140 2016 οὐκ
1179 1963 1483 2030 ἀνάρμοστον
1520 1961 1687 2027 κομιδὴ
1725 1966 1783 2030 τῇ
1822 1965 1905 2026 τῆς

319 2048 502 2112 ἡλικίας·
527 2047 772 2113 ποσότητι.
862 2060 998 2124 θώπ
1039 2047 1160 2124 (Λα)
1204 2071 1273 2123 tv:
1312 2063 1440 2101 dom
1482 2051 1692 2114 ἐπὸ-ἡαπ
1735 2061 1904 2101 veum

518 2148 665 2188 ,καφ
713 2131 951 2187 <Axona
1000 2136 1272 2187 cumb-§.da
1321 2127 1470 2205 tAetna
1519 2126 1770 2185 &cx-Aa
1809 2125 1903 2182 ,σὺ

1127 2276 1137 2294 ι

1079 2300 1152 2328 ια.

100 2413 301 2455 Heb.ii.14.
396 2396 584 2446 Οὐκοῦν
634 2393 978 2459 ί(κεκοίνωνηκε
1028 2392 1380 2460 παραπλησίως
1430 2392 1539 2455 ἡμῖν
1588 2391 1783 2454 αἵματος
1826 2391 1902 2441 καὶ
1924 2402 1973 2441 25

370 2558 401 2594 7.
426 2551 545 2583 τοῦτον
561 2548 596 2582 b.
670 2548 819 2591 Χριστός
837 2558 907 2580 om.
925 2546 960 2580 b.
1176 2556 1230 2579 12.
1258 2545 1293 2578 ἐκ
1310 2547 1369 2579 τοῦ
1387 2544 1488 2578 αὐτοῦ
1505 2544 1611 2588 λόγου
1629 2542 1696 2577 b.c.
1746 2542 1852 2576 Extat
1869 2548 1903 2576 et

323 2597 461 2642 Syriace
478 2595 513 2628 in
533 2594 554 2627 d
574 2594 634 2627 fol.
654 2593 698 2627 60
717 2606 748 2633 v,
767 2605 784 2626 e
802 2593 917 2636 fol.65
944 2592 1004 2637 qui
1029 2591 1143 2635 φαμὲν
1166 2592 1227 2634 μὲν
1252 2591 1303 2625 ὅτι
1328 2590 1523 2625 παντέλειος
1548 2588 1826 2634 ὁμολογουμένως
1847 2589 1902 2622 καὶ

320 2642 464 2685 ἀναυξὴς
480 2641 664 2685 incipiunt.
737 2637 897 2683 ἀναυξὴς]
918 2639 963 2671 ὢν
980 2638 1082 2681 αὔξης
1102 2638 1182 2682 (Sic)
1202 2638 1237 2671 b.
1512 2636 1565 2670 16.
1596 2635 1684 2669 Caro
1701 2647 1764 2680 pro
1782 2635 1817 2670 ἐν
1833 2637 1901 2681 ναῷ

321 2690 399 2723 coll.
420 2699 489 2733 syr.
561 2684 759 2731 μεμένηκεν]
784 2689 820 2724 -Ι-
840 2686 906 2729 γὰρ
924 2685 1004 2718 coll.
1022 2696 1091 2728 syr.
1286 2684 1408 2717 18—20.
1434 2683 1465 2716 A
1482 2682 1597 2728 βραχὺ
1614 2681 1657 2716 ad
1673 2681 1788 2726 βραχὺ
1806 2687 1901 2715 tran-

322 2737 391 2770 silit
408 2735 443 2769 b.
636 2733 689 2766 18.
715 2733 773 2775 τῆς
790 2731 999 2775 ἀνθρωπίνης
1016 2729 1155 2774 φύσεως
1173 2730 1251 2763 coll.
1271 2741 1341 2775 syr.
1556 2740 1611 2763 21.
1637 2726 1796 2773 αὐξήσει]
1815 2728 1900 2771 αὔξη

319 2798 355 2817 τε
374 2782 410 2816 b.
531 2789 586 2813 22.
614 2778 720 2812 Linea
737 2778 820 2811 haec
837 2778 888 2810 sio
904 2776 1162 2809 existimabatur
1179 2776 1220 2809 ab
1238 2776 1282 2809 iis
1299 2776 1357 2820 qui
1374 2775 1463 2809 Eum
1480 2775 1636 2810 viderunt
1655 2773 1746 2819 quod
1760 2773 1807 2807 ad
1818 2785 1901 2818 pro-

316 2840 468 2873 yressum
485 2838 596 2860 eoram
615 2836 699 2870 quae
712 2824 939 2862 nominantur,
954 2822 1154 2856 ascendebat
1168 2829 1348 2867 assumpta
1365 2834 1405 2856 ex
1424 2821 1491 2856 d.e.
1588 2830 1644 2866 25.
1670 2820 1705 2854 ἐκ
1721 2822 1782 2854 τοῦ
1798 2820 1902 2854 αὐτοῦ

318 2877 426 2920 λόγου
443 2874 509 2908 b.c.
563 2872 658 2906 Haec
683 2871 764 2904 citat
781 2876 814 2904 et
831 2869 988 2904 collectio
1005 2869 1286 2902 testimoniorum
1305 2868 1327 2902 (l
1346 2869 1404 2902 sol.
1420 2880 1464 2912 43
1482 2880 1514 2908 v,
1533 2879 1551 2901 e
1568 2867 1628 2901 fol.
1646 2866 1690 2911 56
1709 2878 1742 2900 ν.
1760 2865 1900 2910 repetit-

321 2933 387 2966 que
407 2920 524 2955 Maius
543 2931 577 2953 n.
592 2927 648 2964 35.
670 2917 811 2963 [Migne
830 2913 865 2951 n'.
886 2926 927 2951 22
947 2916 1012 2951 col.
1034 2913 1153 2960 1451.]
1208 2914 1345 2959 αἵματος
1362 2915 1415 2949 καὶ
1433 2915 1559 2959 σαρκὸς
1576 2913 1642 2949 hoc
1660 2912 1780 2948 ordine
1797 2910 1900 2946 b.d.e.
