2001 3257
63 245 207 287 [8M.]

114 309 161 344 18
182 319 236 358 sq.

131 1337 241 1373 9M.

40 1829 140 1860 Dent.
154 1828 244 1860 xxiv.

43 1874 93 1905 18.

42 1915 145 1948 Ezek.
158 1916 248 1947 xviii.

41 1969 73 2000 4.

260 160 342 199 186
455 161 504 201 B.
540 159 788 200 CYRILLI
826 156 1174 199 ALEXANDR.
1212 153 1585 195 FRAGMENTA
1644 166 1683 191 v.
1706 150 1755 190 18
1775 163 1834 202 sq.

290 304 397 362 Ἅρα
435 301 508 345 οὖν
545 304 605 344 ὡς
644 303 689 344 δι’
726 303 823 344 ἑνὸς
860 299 1212 357 Παραπτώματοε
1250 296 1310 338 εἷς
1348 297 1510 338 Πάντας
1548 292 1802 350 ἀνθρώπους

798 384 857 425 εἰς
897 384 1135 439 κατάκριμα
1175 397 1253 422 κ.τ.
1269 390 1307 421 λ.

333 500 639 568 Προσεποίγει
673 504 772 552 ταῖς
805 497 1124 565 προκειμέναις
1156 495 1346 547 ἐννοίαις
1373 495 1397 544 ὁ
1425 493 1677 544 θεσπέσιος
1706 494 1838 541 Παῦ-

258 594 343 637 λος
379 585 513 634 οἱονεὶ
546 582 599 633 τὸ
638 581 964 647 συμπέρασμα
1003 578 1084 629 καί
1118 582 1271 646 φησιν
1299 575 1421 645 ’Ἄρα
1462 573 1524 626 οὖν
1562 577 1618 628 ὡς
1657 570 1708 623 δι’
1752 572 1839 626 ἑνὶς

258 664 636 736 παραπτώματος
686 665 762 713 καὶ
802 661 862 712 τὰ
905 661 1031 730 ἑξῆς.
1096 659 1463 724 κατακεκρίμεθα
1502 656 1587 720 μὲν
1627 654 1734 720 γὰρ,
1778 655 1881 710 ὡς5

257 751 496 813 προεῖπον,
533 747 581 796 ἐν
614 744 786 807 Ἀδὰμ,
823 746 897 794 καὶ
931 746 991 796 ὡς
1025 743 1074 792 ἐκ
1111 742 1235 808 ῥίζης
1271 743 1353 803 τῆς
1390 738 1578 804 πρώτης
1615 740 1677 790 εἰς
1714 735 1840 787 ἅπαν

258 829 389 893 διεζΒη
414 827 468 879 τὸ
502 827 558 896 ἐξ
589 828 747 889 αὐτῆς,
776 824 1022 892 γενόμενος
1053 826 1077 874 ὁ
1108 823 1164 891 ἐξ
1194 825 1308 889 ἀρᾶς
1348 821 1559 873 θοίνατος·
1607 818 1841 869 δεδικαιω-

257 914 377 972 μεθα
416 909 464 960 δὲ
503 915 578 959 καὶ
618 906 1053 971 ἀνεβλαστήσαμεν
1095 910 1157 958 εἰς
1192 908 1325 969 ζωὴν,
1366 900 1686 953 δικαιωθέντος
1726 897 1840 964 ὑπὲρ

257 991 389 1055 ἡμῶν
419 996 502 1041 τοῦ
529 994 761 1056 Χριστοῦ.
807 989 1069 1058 ἀφειδήσας
1106 986 1192 1050 μὲν
1218 986 1311 1052 γὰρ
1342 988 1425 1049 τῆς
1460 985 1584 1051 αὐτῷ
1624 981 1842 1044 δοθείσης

259 1074 453 1136 ἐντολῆς
479 1074 503 1123 ὁ
530 1070 801 1138 προπάτωρ,
825 1068 1171 1136 προσκέκρουκε
1197 1072 1264 1137 τῷ
1290 1070 1396 1135 Θεῷ
1423 1067 1496 1116 καὶ
1525 1063 1840 1127 ὑπομεμένηκε

259 1154 319 1204 τὰ
345 1155 394 1204 ἐκ
422 1155 545 1208 θείας
562 1155 717 1220 ὀργῆς·
761 1152 1029 1203 κατώλισθε
1055 1150 1148 1216 γὰρ
1166 1154 1228 1203 εἰς
1254 1147 1455 1218 φθοράν·
1497 1144 1600 1197 τότε
1619 1148 1694 1196 καὶ
1714 1143 1843 1208 εἰσή-

261 1243 380 1287 λατο
415 1235 501 1299 τὴν
527 1235 776 1300 ἀνθρώπου
811 1234 960 1301 φύσιν
986 1233 1014 1295 ἡ
1041 1232 1260 1297 ἁμαρτία·
1315 1232 1435 1280 οὕτω
1474 1230 1548 1279 καὶ
1584 1228 1841 1295 ἁμαρτωλοὶ

264 1316 598 1377 κατεστάθησαν
625 1322 658 1367 οἱ
686 1320 864 1377 πολλοὶ,
892 1315 1135 1365 τουτέστιν
1161 1316 1202 1363 οἱ
1229 1311 1317 1363 ἀνὰ
1342 1316 1506 1362 πᾶσαν
1531 1308 1615 1373 τὴν
1641 1311 1745 1374 γῆν.

334 1398 476 1449 Ἀλλ’
518 1399 637 1449 εἴποι
673 1421 742 1452 τις
781 1397 838 1447 ἄν
877 1399 974 1447 Ναὶ
1013 1395 1320 1462 παρώλισθεν
1364 1395 1388 1444 ὁ
1430 1391 1601 1455 Ἀδὰμ,
1644 1392 1718 1441 καὶ
1762 1392 1844 1453 τῆς

261 1482 385 1535 θείας
425 1479 673 1547 ἀλογήσας
710 1482 917 1543 ἐντολῆς,
961 1481 1120 1546 φθορᾷ
1157 1479 1231 1527 καὶ
1279 1473 1466 1544 θανάτῳ
1506 1471 1840 1538 κατεδικάζετο·

260 1562 357 1614 εἶτα
395 1568 496 1617 πῶς
535 1566 794 1632 ἁμαρτωλοὶ
835 1562 890 1611 δι’
919 1558 1060 1611 αὐτὸν
1101 1556 1436 1617 κατεστάθησαν
1477 1561 1510 1606 οἱ
1550 1557 1721 1606 πολλοί
1737 1581 1747 1615 3
1801 1554 1850 1604 τί

260 1646 378 1711 πρὸς
417 1646 539 1709 ἡμᾶς
577 1644 636 1695 τὰ
675 1645 846 1695 ἐκείνου
883 1643 1196 1706 πταίσματα;
1238 1643 1338 1692 πῶς
1377 1637 1425 1688 δὲ
1465 1637 1587 1690 ὅλως
1623 1640 1662 1688 οἱ
1704 1635 1846 1700 μήπω

262 1727 561 1793 γεγενημένοι
586 1725 1022 1788 καταδεδικάσμεθα
1047 1723 1138 1774 σὺν
1165 1723 1289 1791 αὐτῷ
1309 1743 1320 1783 ;
1365 1720 1513 1770 καίτοι
1535 1723 1659 1770 Θεοῦ
1680 1719 1847 1783 λέγον-

264 1832 344 1863 τος
384 1810 532 1859 “Οὑκ
564 1811 907 1859 ἀποθανοῦνται
941 1806 1134 1871 πατέρες
1168 1803 1282 1870 ὑπὲρ
1317 1802 1527 1864 τέκνων,”
1570 1801 1673 1851 οὔτε
1711 1799 1848 1850 τέκνα

268 1891 382 1956 ὑπὲρ
421 1889 648 1956 πατέρων,
689 1896 716 1918 “
732 1888 867 1957 ψυχὴ
900 1889 928 1952 ἡ
969 1886 1310 1952 ἁμαρτάνουσα
1350 1885 1466 1946 αὕτη
1508 1882 1845 1933 ἀποθανεῖται’”

266 1974 336 2026 τίς
377 1973 458 2023 οῦν
500 1970 557 2023 ἂν
596 1971 778 2037 γένοιτο
818 1969 936 2036 πρὸς
979 1970 1100 2033 ἡμᾶς
1143 1970 1225 2031 τῆς
1266 1965 1528 2030 ἀπολογίας
1574 1965 1598 2013 ὀ
1641 1960 1844 2027 τρόπος;

267 2055 433 2105 οὐκοῦν
460 2053 594 2121 ψυχὴ
621 2052 705 2116 μὲν
736 2053 764 2116 ἡ
797 2049 1137 2117 ἁμαρτάνουσα
1173 2049 1290 2111 αὕτη
1325 2049 1640 2098 ἀποθανεῖται’
1692 2045 1846 2109 ἁμαρ-

267 2137 411 2187 τωλοὶ
439 2136 487 2186 δὲ
513 2135 775 2201 γεγόναμεν
799 2132 875 2184 διὰ
901 2136 982 2197 τῆς
1008 2133 1250 2197 παρακοῆς
1276 2134 1358 2179 τοῦ
1387 2126 1545 2190 Ἀδὰμ
1573 2124 1648 2176 διὰ
1675 2124 1850 2175 τοιόνδε

266 2217 455 2284 τρόπον·
505 2218 731 2281 πεποίητο
773 2215 856 2279 μὲν
898 2214 990 2281 γὰρ
1034 2214 1106 2265 ἐπὶ
1149 2211 1397 2278 ἀφθαρσίᾳ
1440 2211 1515 2260 καὶ
1555 2206 1661 2275 ζωῇ,
1703 2205 1761 2270 ἧν
1803 2206 1851 2257 δὲ

268 2301 393 2369 αὐτῷ
432 2300 507 2349 καὶ
535 2300 559 2349 ὁ
592 2300 695 2358 βίος
729 2296 1017 2362 ἁγιοπρεπὴς
1042 2297 1090 2346 ἐν
1115 2298 1181 2364 τῷ
1219 2291 1495 2360 παραδείσῳ
1535 2293 1617 2353 τῆς
1655 2291 1850 2356 τρυφῆς,

269 2381 379 2434 ὅλος
407 2379 464 2444 ἧν
490 2382 565 2432 καὶ
600 2379 675 2431 διὰ
707 2378 881 2432 παντὸς
909 2380 956 2429 ἐν
982 2377 1214 2429 θεοπτίαις
1252 2376 1276 2425 ὁ
1311 2379 1432 2435 νοῦς,
1458 2374 1505 2422 ἐν
1532 2371 1659 2439 εὐδίᾳ
1690 2369 1738 2420 δὲ
1777 2371 1852 2419 καὶ

270 2462 457 2530 γαλήνῃ
501 2461 555 2513 τὸ
600 2466 755 2524 σῶμα,
794 2459 1147 2526 κατηρεμούσης
1187 2455 1377 2519 ἁπάσης
1419 2458 1620 2520 αἰσχρᾶς
1662 2452 1847 2515 ἡδονῆς·

273 2545 326 2594 οὐ
364 2543 457 2609 γὰρ
495 2542 552 2607 ἧν
593 2541 800 2593 ἐκτόπων
842 2539 1106 2604 κινημάτων
1152 2536 1354 2603 θόρυβος
1393 2538 1440 2585 ἐν
1493 2535 1632 2601 αὐτῷ·
1696 2531 1850 2595 ἐπειδὴ

273 2625 322 2676 δὲ
362 2624 603 2675 πέπτωκεν
654 2624 729 2691 ὑφ’
785 2623 1030 2687 ἁμαρτίαν,
1083 2621 1158 2670 καὶ
1211 2617 1509 2668 κατώλισθεν
1548 2618 1610 2667 εἰς
1651 2612 1851 2682 φθορὰν,

1868 1084 1916 1109 10

1870 1489 1915 1527 15

1872 1901 1920 1926 20

274 2708 481 2758 ἐντεῦθεν
520 2703 795 2769 εἰσέδραμον
833 2701 917 2766 τὴν
962 2704 1045 2764 τῆς
1090 2699 1267 2765 σαρκὸς
1307 2696 1455 2764 φύσιν
1492 2696 1656 2759 ἡδοναί
1689 2717 1738 2744 τε
1777 2696 1853 2744 καὶ
1872 2712 1922 2748 30

274 2787 572 2853 ἀκαθαρσίαι,
599 2785 747 2853 ἀνέφυ
785 2783 831 2834 δὲ
869 2784 942 2833 καὶ
974 2783 998 2832 ὁ
1025 2783 1072 2832 ἐν
1098 2785 1193 2833 τοῖς
1220 2777 1419 2843 μέλεσιν
1445 2778 1576 2840 ἡμῶν
1601 2777 1853 2841 ἀγριαίνων

512 2953 564 2986 18.
590 2950 804 2997 γεγενημένοι
822 2950 927 2985 habet
945 2955 977 2983 et
998 2949 1038 2982 Β.
1394 2945 1448 2979 26.
1475 2945 1556 2979 ὅλον
1576 2944 1617 2978 Β.
