2012 3272
79 601 100 639 5

57 1020 104 1045 10

62 1423 105 1461 15

61 1837 111 1861 20

117 151 203 192 xiii.
224 166 261 206 3,
279 166 318 203 4.
383 152 451 192 IN
488 152 573 193 ΕΡ.
608 152 668 192 ΙΙ.
707 152 789 192 ΑΙ)
826 149 1213 190 CORINTHIOS.
1265 148 1378 188 LIB.
1410 148 1486 187 IV.
1619 147 1702 185 339

120 282 172 324 γε
206 265 300 311 τῶν
326 260 414 324 ἤδη
440 260 793 330 παρῳχηκότων
819 261 895 310 καὶ
920 265 1014 310 τῶν
1049 259 1246 309 ἔσεσθαι
1281 255 1701 324 προσδοκωμένων·

118 341 342 409 ταύτῃτοί
374 348 525 409 φησιν
554 349 603 394 Εἰ
632 341 807 409 δοκιμὴν
834 343 993 411 ζητεῖτε
1019 342 1091 391 Tot]
1124 341 1161 391 ἐν
1195 341 1288 407 ἐμοὶ
1327 341 1568 394 λαλοῦντος
1596 350 1699 407 Χρι-

119 425 236 474 στοῧ.
286 423 404 477 εἰκὸς
430 423 537 489 γὰρ,
564 426 701 491 φησί,
727 424 992 489 περιμένετε
1020 424 1095 473 καὶ
1122 421 1198 472 διὰ
1224 426 1317 472 τῶν
1345 420 1568 486 δευτέρων
1596 423 1706 470 ἰδεῖν

118 503 318 571 πότερόν
349 529 460 556 ποτε
495 505 708 571 Χριστὸς
747 508 795 556 ἐν
833 507 932 567 ἐμοὶ
972 510 1123 567 λαλεῖ,
1154 506 1229 554 καὶ
1266 502 1380 569 πρὸς
1422 502 1566 568 πέρας
1606 502 1707 567 ἄγει

120 585 226 640 τοὺς
260 592 354 637 τῶν
388 586 701 652 ἐπιτιμήσεων
728 586 944 654 τρόπους·
999 586 1064 650 μὴ
1100 585 1195 652 γὰρ
1227 586 1396 646 οἴεσθε,
1425 587 1561 651 φησὶ,
1589 582 1708 634 κατά

119 691 247 721 τινας
273 672 368 718 τῶν
393 670 610 720 ἀπίστων
636 669 701 720 ἔτι
729 672 802 720 καὶ
831 671 1071 736 ὑβριστῶν
1097 671 1312 719 ἀσθενεῖν
1337 666 1498 717 αὐτόν·
1543 663 1713 716 δυνατεῖ

120 749 212 816 γὰρ
240 752 278 801 ἐν
305 753 414 817 ὑμῖν,
442 753 589 814 δῆλον
616 750 687 802 ὅτι
712 755 808 805 τοῖς
833 750 1176 803 πεπιστευκόσι
1204 752 1279 800 καὶ
1306 750 1380 800 ὑπ’
1410 749 1536 816 αὐτῷ
1561 770 1705 813 γεγο-

122 831 270 894 νόσιν,
313 834 361 882 ἐν
404 832 470 886 οῖς
515 835 590 883 καὶ
636 834 895 899 ἀναγκαίαν
939 826 1189 900 χαρίζεταί
1217 831 1303 895 τὴν
1345 832 1587 899 φροντίδα,
1634 831 1709 879 καὶ

121 920 521 978 πλημμελοῦντας
556 915 843 983 ἐπιστρέφει.
901 913 1069 966 δυνατεῖ
1108 919 1358 979 τοιγαροῦν
1391 915 1427 964 ἐν
1463 915 1575 978 ὑμῖν·
1631 913 1704 961 ε’ν-

124 1001 251 1063 εργεῖ
283 995 375 1062 γὰρ
415 999 476 1050 ὡς
512 995 635 1050 Θεὸς
673 1000 748 1048 καὶ
788 1000 977 1062 ἀληθεῖς
1011 998 1262 1063 ἀποφαίνει
1305 994 1388 1048 τὰς
1429 998 1524 1044 τῶν
1565 993 1711 1059 ἁγίων

123 1077 299 1146 φωνάς·
345 1081 419 1129 καὶ
458 1077 540 1129 τὸν
566 1078 678 1141 ε’μὸν
705 1079 933 1147 ἰσχύοντα
960 1078 1115 1143 πάντη
1149 1102 1197 1129 τε
1238 1079 1312 1128 καὶ
1350 1076 1539 1129 πάντως
1579 1074 1711 1141 εὑρή-

123 1183 233 1211 σετε
272 1159 434 1225 λόγον·
474 1163 563 1223 εἰμὶ
604 1160 697 1228 γὰρ
725 1163 749 1212 ὁ
782 1166 947 1212 λαλῶν
987 1163 1069 1211 οὐκ
1108 1160 1247 1213 αὐτὸς
1287 1158 1394 1226 ἐγὼ,
1421 1157 1633 1224 Χριστὸς
1664 1157 1712 1208 δὲ

123 1247 314 1306 μᾶλλον
341 1244 365 1293 ὁ
394 1245 430 1294 ἐν
456 1245 566 1310 ἐμοί.
620 1242 775 1307 ἐπειδὴ
802 1244 849 1294 δὲ
876 1248 1073 1294 ποιεῖται
1106 1241 1294 1307 μνήμην
1316 1246 1410 1292 τῶν
1437 1242 1486 1292 ἐκ
1524 1243 1712 1302 πολλῆς

125 1325 248 1390 ἄγαν
275 1326 551 1391 ἀβελτερίας
587 1327 835 1389 οἰηθέντων
862 1328 1053 1389 ἀληθῶς
1088 1327 1353 1386 ἀσθενῆσαι
1379 1323 1610 1389 Χριστὸν,
1639 1321 1714 1373 διά

127 1431 197 1459 τοι
240 1407 295 1458 τὸ
341 1409 583 1472 ὑπομεῖναι
623 1407 846 1473 σταυρὸν,
891 1410 966 1458 καὶ
1009 1411 1092 1470 τῆς
1135 1407 1373 1457 Ἰουδαίων
1417 1403 1714 1473 ἀνασχέσθαι

127 1489 407 1554 σκαιότητος
449 1490 594 1555 ἤγουν
637 1491 935 1551 δυσσεβείας,
979 1491 1282 1555 ἀπολογεῖται
1327 1487 1587 1555 χρησίμως,
1629 1486 1714 1549 τὴν

127 1577 210 1622 τοῦ
248 1573 510 1637 μυστηρίου
549 1572 743 1634 δύναμιν
768 1576 829 1626 εἰς
869 1571 1015 1634 μέσον
1043 1572 1173 1636 ἄγων
1198 1573 1270 1622 ἐπὶ
1310 1577 1487 1636 καιροῦ,
1515 1571 1590 1620 καὶ
1629 1568 1713 1632 τὴν

128 1653 342 1704 ἑκούσιον
368 1653 566 1704 κένωσιν
591 1659 673 1704 τοῦ
702 1657 1004 1719 Μονογενοῦς
1031 1653 1356 1722 ἐξηγούμενος,
1388 1654 1462 1702 καὶ
1488 1654 1570 1715 τῆς
1597 1650 1714 1714 μετὰ

127 1741 267 1786 τοῦτο
308 1734 449 1803 δόξης
484 1734 569 1799 τὴν
596 1735 885 1801 ἀσύγκριτον
911 1734 1160 1802 ὑπεροχήν.
1217 1736 1288 1785 ναὶ
1327 1732 1419 1800 γάρ
1459 1738 1624 1801 φησιν,
1653 1735 1716 1785 ὡς

129 1823 246 1883 γοῦν
272 1817 444 1867 οἴονται
472 1816 590 1867 κατὰ
617 1816 750 1884 σφὰς
778 1816 943 1870 αὐτοὺς
974 1821 1015 1867 οὶ
1042 1823 1124 1867 τοῦ
1151 1816 1389 1867 πιστεύειν
1416 1816 1480 1866 ε”τι
1506 1815 1711 1881 μακρὰν,

129 1898 363 1968 ἐσταυρώθη
400 1899 445 1968 ἐξ
483 1898 724 1957 ἀσθενείας,
767 1899 998 1950 πέπονθεν
1038 1901 1100 1952 ὡς
1138 1898 1399 1962 ἄνθρωπος,
1439 1899 1514 1948 καὶ
1554 1897 1637 1948 τὸν
1668 1900 1715 1947 ἐν

130 1984 272 2047 σαρκὶ
313 1977 516 2031 θάνατον
561 1981 796 2042 ὑπέμεινεν
840 1979 971 2043 ἑκὼν,
1009 1981 1119 2030 ἀλλ’
1162 1979 1218 2043 ἧν
1260 1981 1514 2045 ἀναγκαῖον
1555 1978 1718 2030 εἰδέναι

130 2062 249 2128 πρὸς
288 2063 480 2124 τούτοις,
522 2061 591 2112 ὅτι
631 2061 904 2115 σκυλεύσας
950 2061 1032 2113 τὸν
1078 2061 1208 2130 ᾅδην,
1249 2063 1323 2112 καὶ
1365 2061 1587 2124 πατήσας
1632 2067 1716 2111 τοῦ

133 2143 337 2196 θανάτου
375 2144 428 2195 τὸ
463 2141 644 2211 κράτος,
672 2145 843 2206 ἀνεβίω
879 2144 1136 2210 τριήμερος,
1165 2145 1247 2194 οὐκ
1286 2144 1555 2211 ἀνθρωπεία
1581 2142 1719 2193 δυνά-

183 2318 216 2354 5.
244 2309 318 2343 Inc.
345 2310 401 2351 Μὴ
419 2308 533 2342 οἴεσθε
550 2309 631 2342 κατὰ
649 2309 727 2343 τοὺς
744 2308 909 2343 ἀπίστους
933 2308 985 2341 καὶ
1004 2308 1169 2352 ὑβριστὰς
1187 2307 1363 2341 ἀσθένειαν
1381 2306 1470 2350 (Sic)
1488 2307 1546 2340 τὸν
1563 2308 1719 2351 χριστόν.

137 2357 270 2390 δυνατεῖ
287 2355 347 2400 (6)
370 2355 415 2389 H.
601 2365 631 2399 7.
659 2356 762 2398 δῆλον
779 2354 830 2388 ὅτι
848 2367 917 2388 om.
940 2354 986 2388 H.
1052 2353 1249 2399 γεγονόσιν]
1271 2354 1383 2398 pergit
1401 2354 1445 2386 ὧν
1463 2354 1515 2386 καὶ
1533 2354 1719 2397 φροντίζει,

137 2403 195 2437 οὓς
212 2403 265 2436 καὶ
283 2402 484 2446 ἐπιστρέφει
502 2403 793 2445 πλημμελοῦντας·
820 2401 913 2444 ἡμεῖς
929 2402 994 2446 γὰρ
1010 2401 1201 2443 διακείμεθα
1213 2400 1263 2434 ὅτι
1280 2401 1388 2433 πάντα
1404 2399 1551 2437 δύναται,
1566 2399 1721 2432 ἀδυνατεῖ

138 2450 175 2483 δέ
193 2450 282 2483 αὐτῶ
295 2451 468 2483 παντελῶς
485 2448 593 2482 οὐδέν.
624 2448 677 2482 καὶ
696 2450 713 2481 ὁ
731 2448 808 2490 ἐμὸς
825 2449 931 2491 πάντη
950 2463 985 2481 τε
1003 2449 1056 2481 καὶ
1073 2449 1205 2482 πάντως
1223 2445 1335 2491 ἰσχύει
1352 2447 1466 2490 λόγος’
1487 2446 1553 2489 εἰμὶ
1575 2446 1650 2487 (12)
1672 2446 1721 2479 H.

143 2507 196 2540 13.
223 2484 276 2540 δέ]
296 2496 362 2540 γὰρ
386 2495 431 2529 H.
648 2507 661 2528 1
681 2507 748 2539 ·—p.
761 2495 840 2538 360,
862 2506 916 2528 20.
947 2495 1043 2529 Haec
1062 2495 1169 2527 citant
1189 2493 1255 2526 sub
1274 2494 1375 2526 titulo
1394 2493 1547 2526 “Sancti
1567 2492 1686 2537 Cyrilli
1705 2504 1722 2526 e

139 2547 235 2575 tomo
261 2548 384 2586 quarto
410 2541 703 2585 interpretationis
725 2541 900 2585 Epistolae
925 2540 1097 2574 secundae
1116 2540 1157 2574 ad
1178 2539 1380 2573 Corinthios
1396 2539 1418 2553 ”
1445 2538 1600 2573 collectio
1626 2539 1722 2571 testi-

139 2588 339 2622 moniorum
356 2588 390 2621 in
412 2587 601 2621 Codicibus
624 2587 708 2621 Brit.
727 2587 824 2621 Mus.
849 2597 958 2631 14532
979 2587 1037 2620 fol.
1053 2587 1097 2629 48
1112 2599 1143 2629 v,
1166 2597 1276 2630 14533
1295 2586 1353 2619 fol.
1370 2595 1414 2629 59
1433 2597 1465 2626 v,
1489 2591 1622 2629 partem
1641 2596 1723 2618 vero

142 2634 254 2678 14629
272 2635 331 2668 fol.
350 2646 390 2678 19
410 2646 442 2676 v,
466 2634 701 2667 Bibliothecae
719 2633 873 2667 eiusdem
889 2647 895 2667 :
924 2633 1067 2666 adnotat
1085 2639 1118 2666 et
1139 2633 1266 2672 Maius,
1287 2632 1485 2665 “Tractum
1505 2632 1599 2664 hunc
1618 2643 1723 2675 quem

136 2680 228 2714 inter
245 2680 334 2714 duos
360 2680 541 2714 asteriscos
568 2680 763 2714 claudimus
788 2680 854 2725 [sc.
874 2692 913 2714 ea
931 2691 1018 2724 quae
1037 2679 1091 2712 hic
1111 2678 1291 2723 notamus]
1312 2679 1432 2711 recitat
1450 2678 1551 2711 etiam
1572 2677 1722 2711 Severus

137 2727 331 2771 patriarcha
348 2726 577 2760 antiochenus
596 2727 631 2760 in
651 2738 714 2760 suo
732 2726 862 2759 inedito
880 2726 1095 2770 apologetico
1114 2725 1280 2759 adversus
1299 2725 1481 2759 Julianum
1502 2724 1723 2758 Halicarnas-

138 2785 275 2807 sensem
295 2773 331 2806 in
357 2772 474 2806 codice
494 2772 634 2816 Syriaco
652 2773 810 2806 vaticano
829 2773 895 2805 cxli
917 2768 1011 2817 [cod.
1028 2783 1091 2814 140
1108 2772 1144 2805 in
1163 2771 1362 2806 Asseinanii
1382 2768 1566 2814 Catalogo]
1588 2783 1621 2814 p.
1638 2769 1720 2814 73.'’

140 2819 183 2853 In
201 2825 321 2853 nostro
338 2825 454 2852 tamen
473 2819 589 2853 codice
606 2819 691 2853 haec
708 2830 780 2852 non
798 2830 908 2862 reperi
925 2819 1011 2861 ipse.
1204 2829 1259 2852 20.
1285 2818 1479 2860 Assumpta
1501 2819 1583 2860 γοῦν
1601 2828 1641 2849 ex
1663 2815 1710 2847 H.

138 2866 187 2899 ἔτι
206 2877 247 2899 ex
271 2865 316 2898 H.
338 2865 433 2909 Syrr.
679 2876 734 2898 21.
761 2863 954 2909 ἀσθενείας]
979 2868 1015 2905 -1-
1038 2864 1090 2898 καὶ
1112 2864 1159 2898 H.
1410 2874 1466 2907 23.
1492 2863 1578 2906 πρὸς
1594 2861 1725 2895 τούτοις

140 2923 210 2945 om.
232 2911 279 2945 H.
297 2911 414 2945 invitis
435 2910 529 2955 Syrr.

1736 214 1829 254 [102
1847 213 1923 252 M]

1735 1919 1802 1939 ver.
1819 1918 1849 1948 4.
