1981 3267
291 111 343 150 18
691 113 742 156 Β.
773 114 1046 155 CYRILLI
1088 115 1467 156 ALEXANDR.
1642 109 1873 160 xviii.4—6.

287 225 345 289 τῇ
371 222 545 291 σπείρᾳ
572 225 848 290 διακομίζων
882 226 1081 294 ἐφίκετο.
1133 227 1208 276 καὶ
1233 224 1326 292 γάρ
1353 248 1423 276 τοι
1458 223 1669 290 καθάπερ
1694 223 1874 290 ἔφαμεν

60 297 167 339 Supra

64 350 141 372 1011
162 354 189 375 e.
287 304 472 370 ἀρτίως,
502 303 617 374 ᾤετο
642 305 727 370 μὲν
755 306 825 357 ὅτι
854 311 927 358 καὶ
964 308 1050 374 οὐχ
1083 307 1248 359 ἑκόντα
1285 307 1508 374 λήψεται,
1537 311 1595 374 τῇ
1629 310 1723 357 τῶν
1761 305 1871 354 ἑπο-

283 384 436 448 μένων
478 389 755 457 πολυχειρίᾳ
801 389 1191 455 καταθαρσήσας·
1254 389 1439 455 εὑρήσει
1478 388 1626 453 γεμὴν
1664 390 1868 454 ἐμφιλο-

282 474 529 534 χωροῦντα
562 475 656 523 τοῖς
693 470 924 534 συνήθεσι
962 469 1136 533 τόποις,
1173 472 1303 521 οὔπω
1347 473 1430 534 τῆς
1469 471 1640 536 ἡμέρας
1681 468 1871 531 ἀνείσης·

235 560 261 600 b
282 549 365 612 τὴν
391 550 600 616 ἑτέρωσέ
624 575 703 603 ποι
742 552 959 618 πρόοδον,
987 551 1286 619 ἐνιζανούσης
1321 552 1368 603 δὲ
1400 551 1563 617 ὥσπερ
1590 556 1685 605 τοῖς
1722 573 1865 601 κατα·
1891 567 1913 605 5

279 630 492 693 λύμασιν
517 632 581 683 ε”τι
621 631 703 684 τὸν
733 633 910 699 Κύριον
935 637 1017 698 τῆς
1045 634 1225 688 νυκτός·
1281 635 1356 685 ἵνα
1394 635 1550 685 τοίνυν
1576 633 1720 684 αὑτὸν
1758 632 1866 682 καθ’

278 714 497 781 ἑκάτερον
536 716 841 780 ἀνθρωπίνως
880 718 1215 780 διεσκεμμένον
1256 716 1430 785 ἐλέγξῃ
1473 716 1701 782 Χριστὸς,
1742 713 1869 764 ἕωλοὶ

278 818 327 846 τε
364 797 697 864 πεφρονηκότα
739 800 826 848 κάν
866 799 1017 867 τούτῳ
1063 798 1226 861 πάλιν,
1271 798 1439 866 φθάνει
1480 796 1563 861 μὲν
1603 796 1742 850 αὐτὸς
1782 799 1866 860 τῆς

276 877 449 944 ἐφόδου
479 878 564 942 τὴν
588 879 753 947 ἀρχὴν,
781 880 927 949 ἔξεισι
962 880 1011 931 δὲ
1038 883 1113 931 καὶ
1140 880 1275 945 μάλα
1300 880 1554 946 προθύμως
1582 878 1868 944 ὑπαντήσων

277 960 446 1023 αὐτοῖς,
474 960 545 1011 ὅτι
583 961 698 1026 μήτε
739 963 894 1028 ἠγνόει
927 961 981 1013 τὸ
1013 963 1319 1025 τολμώμενον
1354 961 1430 1012 διὰ
1468 962 1637 1013 τούτου
1676 960 1865 1023 δεικνὺς,
1892 992 1941 1018 10

277 1043 353 1092 καὶ
380 1042 450 1093 ὅτι
476 1048 638 1095 λαθεῖν
663 1067 713 1095 τε
739 1043 837 1107 ἅμα
862 1047 936 1095 καὶ
959 1047 1202 1111 διαδρᾶναι
1221 1043 1539 1111 προεγνωκότι
1565 1046 1694 1113 ῥᾷον,
1722 1043 1861 1095 αὐτό-

276 1131 451 1188 κλητος
490 1125 617 1190 ’ίησιν
649 1128 722 1177 ἐπὶ
762 1126 816 1178 τὸ
855 1126 1022 1190 πάθος,
1069 1128 1151 1178 οὐκ
1193 1129 1242 1178 ἐκ
1283 1130 1366 1190 τῆς
1406 1131 1546 1177 τινῶν
1587 1126 1868 1195 πλεονεξίας

275 1206 541 1277 ἀνεθελήτῳ
581 1209 778 1278 κινδύνῳ
816 1210 1106 1276 περιπεσὼν,
1149 1210 1226 1260 ἵνα
1264 1209 1380 1273 μήτε
1421 1214 1631 1274 γελῶσιν
1670 1213 1711 1259 οἱ
1751 1209 1861 1274 παρ’

50 1289 215 1372 ξξΞΠΟΟΓ·
267 1285 488 1352 ”Έλλησι
523 1292 684 1358 σοφοὶ,
712 1290 988 1341 σκάνδαλόν
1020 1314 1069 1342 τε
1107 1295 1182 1343 καὶ
1223 1291 1528 1357 κατηγόρημα
1567 1294 1650 1355 τῆς
1689 1293 1866 1342 ἑαυτῶν

234 1370 505 1438 οέλαφριάς
544 1372 812 1435 ποιούμενοι
852 1372 934 1423 τὸν
973 1372 1200 1440 σταυρὸν,
1230 1372 1346 1437 μήτε
1383 1372 1476 1437 μὴν
1508 1374 1533 1424 ὁ
1569 1372 1865 1439 κυριοκτόνος
1889 1399 1936 1437 15

273 1449 494 1506 Ἰουδαῖος
523 1454 719 1522 ὑψηλὴν
745 1454 1011 1523 ἀνασπάσῃ
1038 1455 1158 1506 κατὰ
1184 1459 1402 1521 Χριστοῦ
1428 1456 1514 1519 τὴν
1536 1454 1702 1524 ὀφρὺν,
1729 1479 1859 1506 κατι-

273 1539 457 1601 σχῦσαι
497 1536 693 1602 νομίζων
732 1539 807 1588 καὶ
848 1539 934 1605 οὐχ
973 1537 1159 1591 ἑκόντος
1199 1539 1355 1588 αὐτοῦ.
1416 1538 1774 1589 διαπυνθάνεται
1815 1536 1864 1587 δὲ

271 1620 367 1666 τῶν
392 1617 601 1681 ἡκόντων
626 1622 700 1671 ἐπὶ
739 1620 825 1684 τὴν
864 1621 1135 1687 σύλληψιν,
1161 1620 1265 1670 τίνα
1293 1619 1348 1683 δὴ
1389 1619 1481 1686 ἄρα
1520 1619 1864 1686 διερευνώμενοι

272 1697 505 1764 πάρεισιν,
538 1702 621 1751 οὐκ
658 1701 916 1767 ἀγνοήσας·
971 1703 1148 1765 πόθεν,
1206 1702 1317 1753 ἀλλ’
1356 1702 1431 1753 ἵνα
1466 1700 1573 1756 τοὺς
1615 1702 1690 1753 διὰ
1724 1707 1863 1753 τοῦτο

272 1780 511 1845 παρόντας
550 1784 625 1833 καὶ
665 1785 921 1847 θεωμένους
953 1783 1096 1835 αὐτὸν
1137 1788 1211 1835 καὶ
1249 1784 1324 1835 διὰ
1357 1783 1523 1835 τούτου
1548 1783 1695 1835 πάλιν
1721 1784 1859 1849 ἐλέγ-
1885 1817 1935 1842 20

273 1862 360 1930 ξας
405 1865 502 1914 οὐδ’
550 1865 668 1915 ὅσον
715 1866 1079 1932 ἐπιγιγνώσκειν
1134 1865 1389 1933 ἰσχύοντας
1435 1864 1518 1916 τὸν
1569 1866 1862 1932 ζητούμενον,

271 1946 393 2009 ἡμᾶς
430 1947 680 2015 βεβαιώσῃ
719 1947 838 2014 πρὸς
883 1947 937 2000 τὸ
983 1953 1180 2015 φρονεῖν
1225 1950 1389 2015 ὀρθῶς,
1430 1950 1491 2002 ὡς
1537 1950 1619 1999 οὐκ
1660 1948 1717 1999 ἂν
1757 1949 1860 2013 ἥλω

271 2029 398 2091 ποτε,
450 2028 515 2093 μὴ
567 2032 668 2098 οὐχὶ
717 2036 813 2085 τοῖς
864 2031 1086 2098 ζητοῦσιν
1139 2029 1282 2082 αὑτὸν
1333 2029 1580 2095 ἐθελοντὴς
1624 2032 1855 2099 προσιών.

272 2111 402 2177 ἄθρει
440 2111 533 2178 γὰρ
573 2112 700 2167 ὅπως
739 2115 881 2164 αὐτοῦ
915 2112 1169 2181 διαῤῥήδην
1201 2114 1255 2165 τό
1287 2116 1394 2164 Τίνα
1423 2113 1582 2183 ζητεῖτε
1617 2114 1857 2179 λε’γοντος,

227 2194 355 2250 defit<
397 2194 640 2261 ἐπήγαγον
678 2196 824 2259 εὐθὺς,
867 2195 937 2247 ὅτι
982 2196 1040 2247 σὲ
1083 2194 1452 2263 συλληψόμενοι
1493 2195 1575 2246 τὸν
1618 2201 1861 2247 λαλοῦντα
1881 2219 1930 2258 25

270 2276 528 2342 πάρεσμεν,
557 2279 666 2328 ἀλλ’
695 2280 757 2332 ὡς
783 2281 892 2345 περί
919 2302 1043 2332 τινος
1075 2284 1168 2330 τῶν
1196 2280 1326 2330 οὔπω
1351 2276 1599 2344 παρόντων
1623 2278 1739 2343 μήτε
1766 2277 1860 2343 μὴν

271 2359 530 2424 ὁρωμένων,
556 2361 713 2420 'Ino-0511
741 2364 865 2426 φασι
890 2362 957 2411 τὶν
984 2362 1254 2430 Ναζωραῖον.

344 2439 486 2490 Ἀλλ’
509 2439 566 2504 ἦν
591 2464 718 2495 τινας
739 2441 855 2495 ἴσως
881 2441 998 2495 εἰκὸς
1022 2442 1142 2508 πρὸς
1163 2447 1300 2492 τοῦτο
1327 2445 1469 2492 εἰπεῖν
1493 2442 1687 2508 Ἠγνόει
1713 2441 1857 2510 τυχὸν

273 2523 298 2572 ὁ
333 2522 640 2587 στρατιώτης,
669 2522 1026 2589 συνηγνοήκασι
1065 2523 1111 2574 δὲ
1148 2526 1224 2574 καὶ
1264 2527 1304 2574 οἱ
1339 2528 1434 2574 τῶν
1458 2525 1697 2575 Ἰουδαίων
1734 2526 1852 2588 ὑπη-

269 2604 398 2671 ρέται
430 2604 513 2655 τὸν
535 2605 741 2664 Ἰησοῦν.
795 2604 914 2670 πρὸς
949 2605 1004 2669 δὴ
1042 2605 1181 2657 τοῦτό
1215 2610 1386 2673 φαμεν,
1415 2605 1484 2655 ὅτι
1521 2604 1738 2666 μάλιστα
1772 2605 1857 2667 μὲν
1879 2632 1929 2668 30

272 2688 355 2738 οὐκ
390 2685 598 2752 εὐλόγως
632 2710 700 2741 τις
728 2688 834 2751 ἡμῖν
860 2687 914 2738 τὸ
950 2693 1162 2738 τοιοῦτον
1189 2689 1293 2754 ε’ρεῖ.
1349 2692 1449 2740 πῶς
1480 2686 1573 2752 γὰρ
1597 2688 1654 2736 ἂν
1679 2686 1852 2753 ἠγνόη-

271 2793 367 2820 σαν
402 2773 444 2820 oi
483 2774 578 2821 τῶν
616 2773 831 2835 ἱερᾶσθαι
872 2770 1237 2836 κεκληρωμένων
1274 2769 1364 2821 ὑπὸ
1401 2773 1532 2836 χεῖρα
1568 2767 1643 2818 διὰ
1680 2768 1857 2823 παντὸς

319 2890 351 2926 7.
377 2881 534 2926 ἑκάτερον
552 2880 593 2914 Ε.
612 2879 727 2925 ἕτερον
745 2879 812 2915 Ed.
1173 2892 1228 2916 20.
1255 2881 1441 2925 θεωμένους
1461 2881 1501 2914 Ε.
1521 2881 1770 2926 θεωρουμένους
1789 2881 1855 2916 Ed.

273 2938 327 2962 21.
353 2928 609 2973 ἐπιγιγνώσκειν
628 2927 669 2962 E.
688 2927 922 2974 ἐπιγινώσκειν
941 2927 1006 2962 Ed.
1248 2939 1303 2972 23.
1329 2928 1498 2963 ἐθελοντὶς
1517 2927 1559 2961 Ε.
