2017 3252
80 429 198 468 Migne
218 430 261 460 ix.

83 478 283 513 1457-1442-

303 143 386 181 518
620 141 668 181 B.
698 140 943 181 CYRILLI
975 139 1318 182 ALEXANDR.
1353 138 1575 181 FRAGM.

402 426 578 472 Sanctae
600 430 820 470 memoriae
843 428 991 482 Cyrilli
1013 443 1061 468 ex
1084 429 1216 482 primo
1239 428 1343 468 libro
1365 442 1504 468 eorum
1529 442 1630 482 quae
1652 431 1794 468 contra

866 498 1124 537 Theodorum
1148 496 1323 550 scripsit.

979 610 1215 651 THEonom.

361 704 410 744 Si
431 703 526 757 quis
546 703 646 743 velit
674 701 847 742 abusive
868 709 906 742 et
926 701 1092 742 Filium
1112 701 1195 742 Dei
1215 701 1352 741 Deum
1383 700 1563 741 Verbum
1580 699 1723 753 filium
1743 700 1893 740 David

302 773 536 818 nominare,
551 778 730 824 propter
752 771 835 811 Dei
867 770 996 811 Verbi
1022 770 1239 823 Templum
1269 769 1379 823 quod
1408 783 1457 809 ex
1481 768 1628 808 David
1658 775 1729 817 est,
1756 768 1890 808 nomi-

302 848 370 881 ozet
391 847 429 880 et
450 840 573 879 illum
595 840 669 893 qui
689 846 747 879 est
769 853 817 879 ex
838 839 990 879 semiue
1012 838 1173 886 David,
1187 838 1331 890 filium
1346 837 1440 885 Dei,
1461 837 1609 890 qratia
1631 851 1713 876 uon
1733 843 1894 876 natura

303 908 501 962 appellet,
522 906 743 947 naturales
761 914 914 960 patres
934 920 1015 946 nou
1037 907 1254 959 igynoraus,
1277 920 1406 959 neque
1434 906 1624 945 ordinem
1644 904 1892 953 subvertens,

303 990 431 1030 neque
452 990 544 1016 eum
565 976 639 1028 qui
660 974 944 1028 ‘incorporalis
971 981 1042 1020 est,
1065 975 1196 1014 etiam
1226 988 1378 1027 corpus
1408 974 1579 1020 dicens‚·
1611 980 1649 1013 et
1679 980 1778 1013 auce
1807 986 1894 1013 sae·

304 1044 404 1084 cula
425 1058 474 1084 esc
493 1044 582 1083 Deo
604 1051 641 1083 et
671 1056 721 1083 ex
742 1043 893 1083 David
908 1057 920 1081 .·
957 1046 994 1083 et
1014 1056 1194 1095 passum
1213 1049 1251 1082 et
1271 1041 1577 1095 impassibilem
1592 1056 1604 1080 :
1641 1054 1792 1094 eorpus
1811 1054 1894 1080 uon

305 1120 364 1153 est
399 1111 693 1166 incorporale:
725 1111 834 1165 quod
870 1118 929 1151 est
964 1111 1159 1151 deorsum
1193 1124 1276 1150 nou
1311 1117 1369 1150 est
1404 1110 1650 1149 desursum:
1688 1109 1800 1162 quod
1835 1115 1894 1148 est

306 1188 404 1221 ante
434 1180 577 1220 secula
607 1193 689 1219 uon
720 1187 779 1219 est
810 1192 860 1218 eoe
890 1179 1044 1219 semiue
1074 1179 1249 1218 David:
1292 1178 1404 1231 quod
1428 1191 1605 1230 passum
1637 1184 1695 1217 est
1725 1174 1807 1217 nou
1835 1184 1895 1217 est

304 1248 598 1302 impassibile:
628 1261 702 1287 uec
737 1248 848 1288 enim
883 1247 971 1287 ista
1006 1247 1065 1286 ad
1100 1247 1273 1286 ezmdem
1308 1245 1563 1286 intellectum
1595 1245 1894 1285 obvertuntur.-

306 1330 414 1370 quae
449 1323 546 1357 sunt
577 1315 764 1369 corporis
793 1329 875 1355 uon
906 1322 1003 1355 sunt
1033 1314 1115 1354 Dei
1145 1314 1281 1362 Verbi,
1314 1321 1352 1354 ec
1382 1327 1487 1367 quae
1517 1320 1615 1353 sunt
1645 1313 1728 1352 Dei
1756 1313 1894 1361 Verbi,

298 1385 487 1438 propria
507 1398 590 1424 uon
610 1383 728 1424 habet
751 1397 914 1437 eorpus.
976 1383 1178 1423 Naturas
1199 1383 1482 1434 confiteamur,
1504 1388 1542 1422 et
1562 1381 1896 1434 dispensationes

306 1467 389 1494 uon
410 1453 670 1506 abnegaremus.

911 1551 1069 1592 SANcri
1100 1551 1294 1591 CYRiLLI.

379 1643 464 1685 Qui
504 1643 605 1684 dicit
644 1645 831 1697 oportere
871 1657 954 1682 non
1002 1641 1199 1696 abnegari
1240 1640 1576 1694 dispensationes,
1619 1638 1895 1679 humanitatis

309 1711 554 1766 mysterium
585 1711 752 1751 omnino
786 1711 978 1751 eradicat.
1041 1709 1273 1750 Praesumit
1304 1709 1415 1749 enim
1448 1708 1592 1757 dicere,
1625 1708 1734 1761 quod
1763 1720 1895 1760 neque

308 1779 442 1820 factus
463 1783 524 1820 est
545 1780 668 1820 homo
696 1778 939 1832 unigenitus
961 1778 1040 1818 Dei
1061 1778 1260 1828 Verbum,
1283 1791 1413 1831 neque
1442 1792 1491 1817 ex
1520 1775 1674 1817 semine
1704 1775 1896 1829 apparuit

311 1847 444 1889 sancti
465 1847 604 1888 David
622 1864 629 1887 :
661 1849 730 1887 sed
753 1847 930 1887 filiorum
951 1846 1178 1886 introducit
1199 1849 1339 1899 aperte
1360 1844 1617 1893 dualitatem,
1640 1843 1896 1897 inaequalem

310 1919 503 1956 naturam
524 1919 564 1955 et
584 1914 730 1955 falsam
758 1916 937 1955 nomine.
1001 1914 1094 1954 Hoc
1119 1914 1230 1954 enim
1252 1913 1362 1967 quod
1383 1914 1554 1954 abusive
1575 1911 1738 1961 dicitur,
1761 1910 1895 1951 omni-

310 1984 432 2031 modo
459 1983 642 2024 ostendit
669 1983 812 2036 utique
840 1982 949 2036 quod
970 1997 1063 2022 vere
1091 1996 1175 2022 non
1203 1984 1265 2022 est
1295 1982 1370 2022 hoc
1392 1981 1500 2035 quod
1524 1979 1697 2020 dicitur:
1729 1983 1896 2019 mutua-

359 2102 390 2136 E
417 2102 574 2136 Concilio
594 2101 755 2135 Generali
772 2102 894 2147 quinto
906 2116 916 2142 3
945 2100 1339 2145 Constantinopolitano
1359 2097 1515 2133 secundo
1532 2097 1598 2132 sub
1617 2097 1639 2132 J
1644 2096 1761 2132 ustino
1781 2097 1896 2141 Impe-

311 2154 436 2190 ratore,
468 2149 594 2193 vigilio
620 2149 714 2192 Papa
733 2159 822 2182 A.D.
842 2157 923 2192 553,
949 2160 967 2181 e
995 2147 1188 2181 Collatione
1215 2146 1338 2192 quinta
1364 2145 1538 2189 (Concilia
1560 2144 1606 2178 vi.
1626 2144 1668 2189 67
1694 2143 1748 2178 ed.
1769 2143 1896 2187 Colet).

312 2195 411 2229 Haec
437 2195 592 2240 primum
620 2195 729 2228 edidit
756 2193 892 2236 Surius‚
920 2193 1159 2228 Conciliorum
1185 2200 1210 2227 t.
1236 2194 1270 2227 ii.
1297 2202 1361 2237 521
1391 2204 1466 2237 sqq.
1518 2191 1594 2225 Col.
1621 2190 1769 2234 Agripp.
1795 2190 1896 2234 1567.

312 2241 439 2276 Postea
471 2253 553 2275 cum
587 2241 766 2276 codicibus
800 2240 953 2281 duobus,
987 2252 1113 2284 nempe
1147 2239 1236 2274 Cod.
1271 2238 1469 2280 parisiensi,
1504 2237 1623 2271 codice
1657 2236 1898 2270 Bellovacensi

312 2289 460 2322 contulit
494 2288 693 2332 Stephanus
729 2287 907 2329 Baluzius,
943 2286 1099 2321 Concilia
1131 2287 1197 2320 col.
1219 2297 1303 2330 1511
1331 2297 1408 2330 sqq.
1440 2284 1548 2318 Paris.
1571 2284 1670 2328 1683.
1733 2282 1897 2319 Quorum

312 2335 475 2379 priorem,
501 2335 584 2368 olim
611 2334 700 2368 Cod.
726 2333 837 2367 Notre
864 2334 989 2374 Darne,
1016 2333 1119 2367 hodie
1138 2332 1376 2366 Bibliothecae
1400 2330 1591 2375 Imperialis
1610 2330 1687 2363 Lat.
1709 2328 1819 2373 16832
1841 2328 1898 2373 [ut

311 2381 415 2414 nobis
440 2380 606 2415 indicavit
631 2381 683 2415 vir
708 2380 886 2414 humanus
913 2380 1029 2419 Nolte,
1058 2379 1214 2414 Concilia
1242 2378 1360 2412 omnia
1388 2377 1546 2411 editurus
1572 2375 1672 2420 ipse]
1701 2387 1757 2409 sec
1781 2387 1816 2409 x.
1842 2375 1898 2409 vel

313 2427 359 2465 xi,
388 2427 430 2460 de
455 2438 548 2461 novo
573 2427 719 2466 contuli,
746 2427 779 2459 D
807 2427 971 2470 signans:
1010 2427 1158 2460 alterurn
1187 2431 1314 2466 tamen,
1340 2424 1422 2458 olim
1442 2423 1616 2456 Ecclesiae
1639 2421 1898 2466 insignissimae

315 2473 584 2513 Bellovacensis,
604 2485 715 2518 quum
733 2473 906 2506 Ecclesiae
923 2473 1017 2506 illius
1038 2472 1210 2506 Codicum
1227 2471 1330 2504 multi
1347 2469 1391 2504 ad
1410 2469 1621 2502 Parisienses
1639 2468 1796 2501 translati
1814 2468 1896 2507 sint,

312 2519 437 2563 reliqui
463 2531 544 2552 vero
570 2526 630 2553 aut
647 2518 779 2553 venditi
804 2525 864 2552 aut
890 2518 1069 2558 destructi,
1089 2530 1159 2552 non
1185 2517 1306 2561 reperi.
1357 2515 1447 2549 Vide
1472 2515 1577 2548 Bern.
1604 2514 1647 2548 de
1665 2514 1898 2547 Montfaucon

314 2565 570 2598 Bibliothecam
599 2565 895 2598 Bibliothecarum
913 2570 938 2598 t.
957 2565 991 2598 ii.
1015 2577 1048 2608 p.
1073 2575 1171 2608 1291.
1222 2564 1315 2596 Ante
1340 2561 1538 2601 Baluzium,
1562 2563 1603 2594 ut
1626 2560 1661 2594 in
1681 2560 1898 2593 praefatione

315 2610 399 2645 dicit
424 2612 509 2655 ipse,
538 2611 666 2645 Codice
686 2611 718 2644 D
745 2623 832 2645 usus
857 2617 910 2644 est
934 2610 1117 2654 Philippus
1137 2609 1267 2643 Labbe.
1319 2608 1388 2641 Sed
1415 2619 1541 2652 parum
1568 2606 1735 2640 differunt
1761 2605 1898 2640 codices

315 2657 352 2691 hi
369 2657 412 2691 ab
430 2657 580 2691 editione
599 2657 758 2691 Suriana.
939 2668 968 2690 1.
997 2656 1097 2694 Quae
1115 2662 1236 2690 contra
1251 2654 1479 2688 Theodorum
1497 2652 1650 2698 scripsit]
1674 2657 1711 2693 -Ι-
1732 2652 1898 2687 adversus

316 2703 421 2738 verba
437 2703 613 2737 Theodori
633 2703 713 2746 (sic)
733 2703 766 2736 D
785 2703 843 2737 fol.
867 2713 943 2744 142.
1194 2713 1228 2747 3.
1252 2700 1429 2734 Theodori
1448 2700 1584 2740 Surius,
1602 2698 1810 2734 Theodorus
1829 2697 1896 2732 Ed.

318 2750 469 2784 Sanctus
489 2750 642 2795 Cyrillus
661 2748 745 2793 (sic)
766 2749 811 2783 D.
932 2761 965 2791 4.
990 2753 1024 2782 et
1042 2760 1105 2781 om.
1126 2748 1172 2782 D.
1290 2759 1323 2792 9.
1350 2746 1600 2790 impassibilem
1619 2745 1666 2780 D.
1684 2744 1899 2790 impassibile

317 2796 386 2830 Ed.
502 2807 553 2830 12.
572 2796 760 2830 obvertunt
772 2795 818 2829 D.
930 2806 981 2839 13.
1000 2805 1088 2839 quae
1099 2794 1213 2838 prius]
1233 2799 1266 2827 et
1284 2805 1370 2838 quae
1390 2793 1436 2828 D.
1552 2804 1604 2835 14.
1624 2792 1746 2825 habent
1763 2791 1897 2835 Migne.

317 2842 562 2888 dispositiones
582 2843 629 2877 D.
775 2841 826 2875 16.
856 2841 944 2876 Item
965 2840 1041 2874 SCI
1069 2839 1270 2874 CYRILLI
1300 2840 1346 2880 D,
1366 2839 1486 2884 Cyrilli
1505 2839 1641 2879 Surius,
1660 2838 1811 2883 Cyrillus
1830 2836 1897 2871 Ed.

322 2899 375 2932 17.
400 2889 676 2933 dispensationes
694 2888 790 2921 habet
814 2887 860 2921 D.
1051 2898 1106 2921 21.
1133 2892 1295 2921 naturam
1319 2886 1416 2919 habet
1435 2886 1479 2919 D.
1670 2895 1724 2918 22.
1753 2895 1831 2919 vero
1851 2883 1896 2917 D.

324 2936 458 2969 Veteres
476 2935 556 2969 libri
573 2947 654 2970 vero
675 2934 794 2970 Baluz.
814 2934 958 2968 codicem
977 2935 1152 2978 utrumque
1169 2937 1205 2966 ut
1224 2932 1357 2966 videtur
1374 2933 1423 2966 ita
1442 2932 1633 2975 desiyizans.

1914 769 1936 807 5

1916 1098 2009 1144 10¹

1919 1832 2010 1877 20¹

2006 3155 2017 3195 ii

2007 3199 2017 3252 -Ἶ
