2012 3272
86 158 169 198 xxi.
188 171 253 210 24.
317 158 390 197 IN
435 157 477 197 S.
509 156 850 197 JOANNEM.
914 157 1040 197 LIB.
1074 157 1179 197 XII.
1242 157 1375 197 CAP.
1410 158 1442 197 Ι.
1594 161 1675 200 169

90 265 255 331 Πέτρε,
281 265 340 316 τὰ
375 266 494 317 κατὰ
529 265 722 328 σαυτὸν,
751 267 799 316 τί
830 289 910 316 σοι
939 266 996 316 τὰ
1021 267 1188 332 ἑτέρων
1217 270 1570 334 φιλοπευστεῖν,
1599 270 1674 317 καὶ

86 352 181 398 τῶν
218 349 354 398 θείων
395 349 634 414 κριμοῖτων
674 347 941 412 ἀνορύττειν
982 347 1145 414 ὥσπερ
1191 350 1272 398 οὐκ
1314 349 1362 398 ἐν
1405 352 1550 417 καιρῷ
1589 348 1675 412 τὴν

87 429 297 493 ε’ίδησινς
342 433 378 479 εὶ
405 428 498 495 γὰρ
527 432 600 479 καὶ
634 430 853 493 μηδόλως
880 428 1129 497 τελευτῴη,
1158 431 1321 498 φησὶν,
1351 429 1442 496 ἄρα
1469 430 1517 480 τί
1537 435 1675 480 τοῦτο

86 509 173 574 τὴν
210 510 304 574 σὴν
341 512 569 578 φροντίδα
602 510 1027 577 παραμυθήσεται;
1075 510 1388 578 ἀδιαφορήσει
1426 517 1676 577 τοιγαροῦν

44 593 113 645 5ὁ
148 591 304 660 σοφός
343 615 391 643 τε
431 594 505 643 καὶ
545 593 751 660 ἔμφρων,
793 593 920 659 εἴπερ
959 616 1003 642 τι
1042 595 1117 643 καὶ
1156 591 1330 655 μέλλοι
1367 597 1548 654 παθεῖν,
1587 592 1674 643 εἴτε

87 673 286 740 σώζοιτό
313 697 382 728 τις
408 674 573 740 ἔτερος,
602 674 688 725 εἴτε
717 676 792 725 καὶ
819 675 900 738 μή
949 697 1154 725 κεισεται
1180 674 1274 741 γὰρ
1300 676 1425 744 αὐτῷ
1450 674 1509 725 τὰ
1536 678 1677 725 οἰκεῖα

87 761 267 820 παθεῖν,
307 755 439 807 οὐδεν
477 755 531 807 τὸ
569 756 795 823 παράπαν
834 757 882 806 ἐκ
921 779 1004 820 της
1042 757 1198 822 ἑτερου
1237 761 1491 826 συμφορᾶς
1530 756 1720 822 ἧγουνῑ)

88 839 303 901 εὐθυμιας
329 842 391 892 εἷς
417 837 710 906 παραψυχὴν
737 836 985 907 δεχομενῳ.
1028 861 1161 889 ταυτι
1187 861 1287 891 πως
1314 839 1342 902 ἡ
1369 843 1464 888 τῶν
1481 861 1671 904 προκει-

87 942 238 982 μενων
270 921 419 971 ὠδινει
459 920 667 983 δύναμις.
725 921 1036 984 ὑποσημαίνει
1076 919 1125 971 δε
1165 921 1274 984 ημῖν
1301 922 1325 970 ὁ
1352 921 1457 984 περὶ
1497 919 1677 970 τούτων

21 1028 68 1052 10
88 1001 246 1067 λόγος,
274 1002 343 1053 ὅτι
383 1005 445 1056 ὡς
483 1001 637 1066 πάντη
666 1025 714 1053 τε
751 1005 825 1053 καὶ
861 1003 1063 1065 πάντως,
1099 1001 1126 1066 ἢ
1161 1002 1278 1053 κατὰ
1319 1001 1401 1053 τὸν
1428 1002 1536 1053 ἰ’σον
1560 1001 1671 1068 τρό-

87 1083 246 1148 πον,ἢ
283 1084 389 1135 καθ’
428 1083 583 1151 ἕτερόν
614 1107 718 1135 τινα
758 1083 901 1152 τυχὸν
942 1086 1017 1135 καὶ
1057 1085 1198 1135 αὐτοῦ
1238 1084 1515 1135 κινδυνεύειν
1552 1081 1672 1148 μὲλ-

88 1171 258 1220 λοντος
300 1165 520 1217 Ἰωάννου
562 1167 690 1229 ποτὲ,
732 1169 868 1217 οἱονεὶ
910 1166 1028 1232 πρὸς
1079 1167 1382 1232 παραμυθίαν
1427 1171 1520 1217 τῶν
1566 1167 1673 1217 καθ’

88 1246 251 1298 ἑαυτὸν
278 1250 303 1298 ὁ
329 1247 553 1315 μακάριος
584 1249 766 1314 Πέτρος
801 1250 876 1299 καὶ
915 1247 973 1299 τὰ
1013 1249 1138 1317 αὐτῷ
1176 1246 1524 1312 συμβήσεσθαι
1561 1246 1678 1311 μὲλ-

90 1334 238 1379 λοντα
276 1330 619 1398 φιλαγρυπνως
658 1329 1016 1396 περιειργάζετο.
1073 1331 1147 1380 καὶ
1194 1329 1258 1393 μή
1300 1352 1370 1380 τοι
1413 1329 1677 1397 θαυμάσῃς,

22 1425 69 1463 15
90 1410 230 1462 ἐννόει
269 1411 317 1462 δὲ
348 1417 538 1474 μᾶλλον
572 1414 728 1463 ἐκεῖνο.
780 1434 934 1462 κοινον
965 1409 1056 1478 γάρ
1082 1434 1183 1464 πως
1215 1413 1262 1462 ἐν
1289 1411 1398 1475 ἡμῖν
1425 1434 1500 1462 και
1539 1412 1677 1463 τοῦτό
1696 1436 1717 1463 c

89 1493 234 1556 ἐστιν,
273 1517 311 1544 ει
353 1517 427 1544 και
465 1498 710 1546 παντελῶς
755 1491 994 1556 ἀνόνητον,
1040 1515 1094 1543 το
1137 1497 1295 1560 φιλεῖν
1337 1492 1444 1544 ἐσθ’
1493 1493 1567 1544 ὅτε
1612 1493 1678 1558 μὴ

89 1574 260 1637 μόνους
299 1577 501 1642 ὁρᾶσθαι
538 1574 829 1642 πάσχοντας,
858 1577 1006 1640 ἤγουν
1038 1597 1082 1625 τι
1118 1579 1212 1624 τῶν
1238 1576 1481 1626 ἀπευκτῶν
1508 1576 1678 1639 ὑπομέ-

91 1679 182 1707 νειν
213 1655 494 1720 μέλλοντας,
521 1658 785 1723 ἀκροᾶσθαι
822 1656 871 1707 δὲ
902 1661 1093 1713 μᾶλλον
1119 1658 1195 1706 καὶ
1230 1655 1289 1706 τὰ
1321 1656 1501 1722 ἑτερων,
1528 1656 1558 1721 ἢ
1585 1661 1680 1707 τῶν

90 1737 180 1802 ἤδη
206 1739 523 1802 πεπονθότων,
551 1738 698 1805 ἤγουν
724 1742 784 1793 εἷς
810 1744 949 1789 τοῦτο
972 1741 1224 1789 πεσεῖσθαι
1251 1739 1674 1804 προσδοκωμένων,

22 1906 72 1931 20
94 1894 231 1941 Οὗτός
271 1900 381 1941 ἐστιν
418 1901 441 1942 ὁ
475 1900 670 1948 μαθΗτέιε
696 1902 718 1943 ὁ
747 1900 815 1941 καὶ
849 1899 1079 1957 μαρτυρῶν
1106 1899 1205 1956 Περὶ
1230 1899 1408 1951 τούτων,
1433 1900 1456 1942 ὁ
1485 1899 1553 1940 καὶ
1580 1900 1679 1958 Γρά-
1700 1919 1748 1954 24

163 1997 249 2031 ψαε
275 1986 423 2035 ταῦτα,
451 1981 514 2024 καὶ
542 1980 720 2033 οἴδαμεν
747 1985 811 2025 ὅτι
839 1984 1004 2025 ἀλΗθήε
1030 1983 1144 2024 ἐστιν
1171 1983 1301 2024 αὐτοῦ
1330 1983 1353 2023 ἡ
1381 1983 1606 2040 μαρτυρία.

165 2097 457 2150 Ἐνδοιάσειν
483 2097 610 2163 οἶμαι
647 2099 823 2164 μηδένα
861 2104 956 2150 τῶν
989 2097 1374 2166 νουνεχεστέρων,
1403 2100 1464 2151 ὡς
1503 2099 1586 2148 οὐκ
1622 2096 1680 2149 ἂν

92 2178 313 2244 ἠγάπησε
344 2180 426 2232 τὸν
452 2181 675 2245 Ἰωάννην
708 2183 732 2231 ὁ
761 2180 948 2248 Κύριος,
975 2185 1012 2231 εἷ
1039 2179 1103 2244 μή
1136 2203 1203 2233 τις
1229 2178 1285 2243 ἧν
1312 2179 1421 2229 λίαν
1447 2179 1680 2247 ἐξαίρετος

93 2264 167 2313 καὶ
205 2261 466 2330 περιφανὴς
505 2268 566 2316 εἷς
605 2262 786 2328 ἀρετὴν,
813 2265 886 2313 καὶ
918 2267 978 2315 εὶς
1012 2266 1108 2313 πᾶν
1135 2262 1288 2312 ὁτιοῦν
1316 2259 1496 2327 ἀγαθὸν
1523 2262 1680 2325 ἐπιτη-

24 2361 73 2400 25
94 2345 224 2397 δείως
250 2367 299 2394 τε
327 2344 447 2411 ἔχων
474 2347 548 2395 καὶ
574 2345 762 2397 τελείως
789 2344 1150 2409 ἀπηρτισμένος.
1203 2342 1307 2393 οὐδὲ
1332 2342 1426 2409 γὰρ
1453 2341 1509 2393 ἂν
1540 2343 1679 2406 ἁλοίη

95 2425 217 2480 Θεὸς
256 2425 447 2492 ἀλόγοις
490 2430 586 2476 τισὶ
631 2423 1035 2491 προσκεκλιμένος
1072 2427 1238 2492 ῥοπαῖς
1276 2428 1371 2478 τοῖς
1410 2425 1492 2475 οὐκ
1532 2424 1680 2493 ἀξίοις

93 2507 281 2574 ἀγάπης
312 2511 393 2572 τῆς
418 2509 527 2574 παρ’
557 2508 714 2570 αὐτοῦ,
745 2509 1121 2574 ἀνθρωποπρεπῆ
1157 2505 1250 2573 γὰρ
1275 2505 1466 2569 μᾶλλόν
1492 2508 1595 2557 ἐστι
1621 2506 1679 2556 τὰ

93 2596 284 2641 τοιαῦτα
322 2590 468 2654 πάθη·
519 2591 543 2640 ὁ
581 2589 629 2640 δὲ
668 2592 748 2652 τῆς
781 2591 830 2640 ἐκ
868 2593 1034 2640 παθῶν
1066 2588 1238 2656 ἐφόδου
1271 2590 1345 2638 καὶ
1385 2590 1679 2653 καταδρομῆς

92 2676 336 2725 παντελῶς
360 2673 608 2736 ἀπείρατος
635 2671 713 2734 ὧν,
739 2670 1016 2738 ἑδραιότατα
1043 2670 1091 2721 δὲ
1115 2668 1333 2734 βεβηκὼς
1359 2673 1420 2723 εἷς
1446 2674 1542 2720 πᾶν
1562 2667 1680 2722 εἶδος
1698 2691 1720 2718 e

142 2816 175 2851 6.
201 2816 268 2862 τις]
297 2822 329 2858 -Ι-
351 2817 404 2851 καὶ
424 2817 464 2851 Ε.
537 2817 590 2850 καὶ
607 2822 832 2862 assumptum
849 2828 891 2851 ex
909 2817 951 2851 E.
1317 2826 1370 2859 13.
1397 2813 1505 2860 αὐτῷ]
1525 2813 1618 2847 αὐθις
1636 2812 1679 2845 Ε.

98 2873 153 2896 22.
177 2864 302 2907 μηδένα
320 2875 389 2898 om.
408 2863 451 2897 E.
524 2863 786 2909 νουνεχέστερον
805 2863 845 2898 Ε,
998 2873 1053 2907 23.
1080 2862 1155 2897 ἐστὶ
1173 2873 1236 2907 pro
1254 2860 1294 2904 ἧν
1312 2861 1354 2894 Ε.
1500 2869 1554 2904 25.
1581 2858 1680 2900 ἁλοίη

98 2920 168 2943 om.
189 2910 313 2954 (spatio
331 2922 351 2955 9
370 2910 439 2944 fere
456 2910 522 2944 litt.
541 2910 674 2954 relicto)
696 2910 736 2944 Ε.
938 2909 993 2944 26.
1019 2908 1282 2954 προκεκλιμένος
1301 2908 1342 2941 E.
1546 2906 1599 2939 28.
1628 2904 1682 2937 καὶ

99 2956 305 3000 καταδρομῆς
323 2962 401 3001 post
418 2957 463 2991 ὢν
480 2957 679 3001 transponit
698 2956 740 2991 E.

156 3020 247 3049 VOL.
271 3022 338 3050 111.
886 3023 906 3049 Z
