1997 3262
98 226 266 267 [97M·]

155 718 176 755 5
199 722 277 759 sqq-

131 1009 199 1030 ver.
216 999 265 1031 16.

136 2059 194 2092 98
216 2057 277 2093 Μ.

70 2141 102 2169 S.
115 2139 213 2170 Joan.
232 2139 252 2169 i.
297 2130 324 2152 “

75 2190 122 2221 14.

301 154 385 193 352
504 154 554 194 B.
588 153 834 195 CYRILLI
871 154 1220 196 ALEXANDR.
1256 156 1630 198 FRAGMENTA
1690 174 1727 199 v¹
1748 169 1877 214 5sqq.

854 429 1198 478 ΤΟΜΟΣ
1264 432 1324 478 Δ.

912 569 1170 617 ΛΟΓΟΣ
1223 571 1282 617 Α.

392 705 446 747 ‘O
486 706 554 747 καὶ
592 706 691 748 δοὺς
728 705 827 756 ἡμῖν
865 708 937 751 τόν
976 709 1209 765 ἀρῤαβώνα
1247 712 1321 750 τοῦ
1356 710 1602 758 Πνεύμοιτοο
1639 714 1779 755 κ.τ.λ.

371 822 442 868 OI
470 824 535 870 τὸν
562 819 798 890 ἐιῤῥαβῶνοι
827 823 899 871 τοῦ
927 821 1182 889 Πνεύμοιτος
1216 822 1411 888 ἔχοντες,
1435 824 1510 872 καὶ
1547 821 1632 885 τὴν
1656 825 1737 886 τῆς
1768 824 1878 872 ἀνα-

296 899 515 953 στάσεως
559 902 729 952 ἐλπίδα
772 901 1163 966 πεπλουτηκότες,
1210 908 1303 954 τῶν
1347 904 1544 954 ἔσεσθαι
1593 906 1874 969 προσδοκω-
1899 929 1920 967 5

296 981 450 1044 με’νων
502 984 564 1036 ὡς
610 984 929 1047 ἐνεστηκότων
979 985 1067 1048 ἤδη
1112 983 1496 1051 ἐπιδραττόμενοι
1542 989 1695 1054 φασιν
1738 982 1880 1036 ‘ssa-re

297 1065 418 1130 ἡμεις
452 1064 544 1115 οὶπο
586 1089 653 1115 του
696 1089 754 1115 νυν
799 1062 944 1115 οὐδενα
989 1063 1165 1132 οἳὸοιμεν
1209 1090 1333 1117 κειται
1374 1067 1540 1136 σάρκα,
1573 1066 1743 1119 πάντες
1787 1065 1880 1131 γάρ

296 1145 440 1207 ἐσμεν
465 1167 765 1206 πνευματικοι
793 1168 867 1196 και
895 1147 977 1196 οὐκ
1005 1149 1051 1197 ἐν
1078 1151 1236 1216 φθορᾷ
1260 1149 1480 1215 σαρκικῇ·
1535 1147 1688 1217 σάρκα
1713 1171 1805 1213 γαρ
1832 1150 1880 1198 ἐν

294 1225 488 1287 τούτοις,
518 1226 774 1292 καθάπερ’
752 1229 944 1295 εγῷμαι,
970 1251 1056 1291 την
1089 1231 1171 1291 τῆς
1206 1252 1384 1294 σαρκος
1424 1227 1634 1295 ὀνομάζει
1674 1229 1874 1296 φθοράν·

295 1305 658 1374 ἐπιλάμψαντος
691 1307 783 1374 γὰρ
820 1309 929 1372 ἡμῖν
967 1315 1048 1360 τοῦ
1083 1314 1398 1375 Μονογενοῦς,
1429 1311 1878 1378 μετεστοιχειώμεθα

295 1386 414 1452 πρὸς
452 1387 535 1438 τὸν
569 1388 628 1438 τὰ
667 1389 823 1440 πάντα
861 1389 1175 1455 ζωοποιοῦντα
1214 1391 1390 1457 Λόγον.
1445 1392 1609 1457 ὥσπερ
1650 1391 1743 1458 γὰρ
1783 1397 1878 1445 τοῖς

294 1474 376 1519 τοῦ
403 1469 607 1521 θανάτου
633 1473 823 1534 δεσμοῖς
851 1473 1124 1535 ὑπεκείμεθα
1150 1473 1504 1537 βασιλευούσης
1530 1477 1610 1537 τῆς
1633 1474 1875 1539 ἁμαρτίας,

294 1552 415 1602 οὕτω
455 1555 538 1615 τῆς
576 1555 623 1603 ἐν
650 1557 851 1622 Χριστῷ
892 1555 1191 1619 δικαιοσύνης
1223 1555 1578 1621 εἰσκεκριμένης,
1613 1555 1874 1606 ἀπεσεισά-

292 1637 412 1695 μεθα
443 1633 528 1697 τὴν
561 1632 762 1701 φθοράν·
815 1636 961 1688 οὐδεὶς
997 1636 1078 1685 οὖν
1105 1636 1196 1702 ἄρα
1223 1638 1353 1687 ἐστὶν
1379 1639 1427 1687 ἐν
1452 1639 1609 1702 σαρκὶ,
1637 1636 1879 1687 τουτέστιν

293 1716 340 1764 ἐν
384 1716 602 1784 ἀσθενείᾳ
653 1720 871 1784 σαρκικῇ.
935 1719 1010 1767 καὶ
1054 1718 1171 1783 πρός
1215 1741 1270 1784 γε
1314 1723 1408 1769 τῶν
1450 1719 1616 1769 ἄλλων
1653 1718 1681 1781 ἡ
1721 1717 1878 1786 φθορὰ

267 1798 431 1848 Υνοοῖτ’
475 1795 533 1847 ἂν
577 1797 776 1851 εἰκότως·
840 1797 995 1862 ἐπειδὴ
1041 1799 1089 1850 δὲ
1135 1800 1226 1867 ἔφη
1271 1797 1414 1851 οὐθένα,
1455 1799 1702 1866 ἐγνωκέναι
1753 1798 1878 1850 now&

294 1878 464 1947 σάρκα,
518 1878 811 1944 προσεπάγει
858 1879 942 1933 τὰς
987 1885 1125 1931 τινῶν
1177 1881 1477 1949 ὑφορώμενος
1529 1879 1750 1934 ἐκτόπους
1799 1882 1872 1930 ἐν-

296 1960 420 2013 νοίας
462 1965 511 2010 Εἰ
550 1960 642 2026 γὰρ
684 1964 759 2011 καὶ
799 1961 1052 2030 ἐγνώκαμεν
1087 1961 1211 2014 now&
1249 1962 1402 2033 σάρκα
1433 1962 1610 2032 Χριστὶν
1643 1961 1779 2013 olm&
1819 1964 1878 2013 νῦν

299 2045 374 2092 οὐκ
412 2041 469 2092 ἔτι
507 2042 791 2109 γινώσκομεν.
849 2042 1010 2106 ὅμοιον
1048 2046 1109 2096 ὡς
1148 2043 1275 2109 εἴπερ
1314 2042 1468 2094 ἕλοιτο
1509 2043 1676 2108 λέγειν,
1714 2044 1877 2109 γε’γονε

350 2122 484 2192 σὰρξ
515 2124 539 2173 ὁ
568 2122 725 2188 Λόγος
760 2125 834 2174 καὶ
866 2123 1136 2188 ἐσκήνωσεν
1163 2127 1211 2175 ἐν
1236 2126 1383 2189 ἡμῖν,”
1422 2128 1497 2176 καὶ
1534 2125 1617 2176 τὸν
1648 2125 1761 2191 ὑπὲρ
1795 2129 1876 2190 τῆς

346 2261 376 2290 Ι,
396 2261 428 2285 2.
456 2250 509 2284 Ita
529 2250 576 2284 H.
851 2263 884 2292 4.
913 2251 987 2285 Ine.
1003 2250 1047 2284 ‘H
1067 2253 1183 2294 νόησις
1199 2252 1283 2295 πρὸς
1300 2252 1339 2285 τὰ
1357 2251 1479 2285 ὀπίσω.
1513 2250 1693 2294 ἐπειδήπερ
1710 2252 1800 2295 φησὶ
1817 2254 1877 2286 τοῦ

296 2298 459 2339 ζωοποιοῦ
484 2296 678 2339 Πνεύματος
702 2297 761 2330 τὸν
785 2296 964 2341 ἀῤῥαβῶνα
990 2298 1243 2340 πλουτήσαντες
1269 2298 1538 2343 κατειργάσμεθα
1563 2298 1648 2340 πρὸς
1676 2298 1760 2340 ζωὴν
1785 2299 1876 2342 παρὰ

294 2346 354 2377 τοῦ
373 2346 460 2376 Θεοῦ
485 2344 537 2376 καὶ
564 2344 817 2385 ε’πενδυσάμεθα
842 2346 887 2388 τῷ
913 2344 1030 2388 γεώδει
1056 2344 1172 2387 σκήνει
1189 2344 1249 2387 τὴν
1266 2344 1463 2388 ἀφθαρσίαν
1486 2344 1538 2376 καὶ
1560 2344 1725 2386 κατεπόθη
1743 2345 1781 2377 τὸ
1799 2344 1875 2386 θνη-

294 2390 352 2423 τὸν
377 2390 441 2423 ὑπὸ
467 2391 525 2433 τῆς
552 2391 646 2432 ζωῆς·
683 2390 816 2424 εἶκότως
847 2391 890 2424 ὡς
916 2390 977 2445 ἤδη
1002 2392 1152 2434 παρόντα
1177 2391 1217 2423 τὰ
1242 2391 1387 2434 ἐσόμενα
1409 2389 1594 2430 βλεποντες
1615 2390 1733 2423 οὖδενα
1754 2391 1805 2434 (7)
1826 2391 1874 2425 H.

295 2436 327 2469 8.
353 2434 585 2493 πνευματικοὶ]
607 2436 640 2468 ἐν
656 2450 818 2479 πνευματι
839 2437 886 2470 H.
952 2436 986 2469 ἐν
1003 2436 1149 2480 τούτοις]
1170 2437 1232 2469 ὧδε
1257 2436 1301 2469 H.
1388 2448 1420 2480 9.
1448 2436 1640 2479 καθάπερ-
1644 2435 1795 2481 φθοράν]
1816 2438 1876 2480 τὴν

295 2483 421 2525 σαρκὸς
446 2483 490 2516 ὡς
512 2484 601 2522 οἶμαι
623 2482 757 2526 φθορὰν
775 2482 927 2537 ὀνομάζει
948 2482 1008 2522 H„
1028 2483 1087 2528 qui
1106 2483 1215 2527 pergit
1232 2482 1417 2527 ἀναγκαίως
1434 2482 1504 2515 δὲ’
1487 2482 1634 2526 επὴγαγε
1652 2484 1689 2515 τό
1708 2484 1797 2515 Ἀπὸ
1813 2487 1874 2516 τοῦ

294 2533 360 2567 νῦν,
385 2529 443 2569 τῆς
468 2528 503 2561 ἐν
520 2531 657 2573 Χριστῷ
683 2543 902 2573 γεγενημενης
925 2529 1111 2571 οἷκονομίας
1130 2528 1345 2583 μεμνημένος.
1380 2528 1492 2570 ἐπειδὴ
1510 2529 1574 2572 γὰρ
1592 2528 1730 2585 γέγονεν
1746 2529 1873 2573 ἅνθρω-

293 2588 357 2608 πος
374 2575 391 2606 ὁ
411 2574 603 2618 Μονογενης
627 2576 686 2607 τοῦ
713 2577 800 2607 Θεοῦ
818 2576 926 2618 Λόγος
943 2575 995 2631 καὶ
1012 2574 1084 2618 ῥίζα
1105 2590 1165 2608 του
1189 2575 1306 2618 γένους
1328 2575 1436 2618 ἐφιὶνη
1464 2574 1613 2617 δευτερα,
1641 2575 1679 2607 οὐ
1706 2576 1788 2609 κατὰ
1814 2590 1874 2617 την

294 2622 429 2663 πρώτην
452 2620 488 2662 ἐξ
504 2619 612 2662 Ἀδὰμ
629 2619 707 2653 αλλ
725 2635 760 2653 εν
776 2620 948 2663 ἀμεινόσιν
965 2621 1175 2665 ἀσυγκρίτως
1200 2620 1357 2663 νοουμένη
1385 2621 1436 2653 καὶ
1463 2621 1674 2664 ὑπάρχουσα,
1691 2636 1871 2664 μεταστοι-

294 2666 462 2709 χειώμεθα
487 2667 571 2710 πρὸς
597 2665 692 2708 ζωην.
728 2667 766 2699 οὐ
791 2667 855 2710 γάρ
881 2667 984 2709 ἐσμεν
1002 2667 1065 2700 ὑπὸ
1090 2668 1232 2701 θάνατον
1248 2666 1325 2700 ἀλλ’
1345 2666 1398 2700 ὑπ’
1417 2667 1517 2700 αὐτὸν
1533 2668 1590 2700 τὸν
1607 2668 1647 2700 τὰ
1669 2668 1777 2701 πάντα
1795 2668 1871 2710 (11)

296 2714 522 2755 ζωοποιοῦντα
541 2713 661 2755 Λόγον.
696 2713 748 2744 καὶ
766 2712 908 2747 οὐδείς’
892 2727 985 2746 εστιν
1003 2714 1077 2754 (14)
1099 2713 1146 2746 H.
1479 2723 1533 2754 14.
1560 2711 1670 2757 ἐστιν]
1696 2714 1764 2753 -}-'
1754 2728 1802 2746 ετι
1823 2713 1871 2747 Η.

298 2769 350 2800 ῐ5.
377 2757 538 2802 σαρκικῇ]
558 2758 670 2801 pergit
695 2757 714 2790 ὅ
737 2758 831 2791 ε’στιν
848 2773 866 2800 η
885 2759 1011 2801 φθορά
1044 2773 1083 2792 ου
1107 2773 1208 2792 τουτο
1225 2758 1260 2791 δέ
1278 2758 1405 2803 λέγει’
1389 2774 1406 2791 ο
1423 2759 1589 2793 παῦλος“
1571 2773 1621 2792 οτι
1639 2774 1678 2792 ου
1696 2760 1871 2803 σεσάρκω-

293 2819 346 2838 ται
365 2806 382 2837 ὁ
401 2806 554 2849 χριστός
580 2804 608 2836 εἷ
624 2818 656 2848 γι
660 2818 689 2847 ιρ
709 2804 761 2836 καὶ
779 2803 907 2848 λέγει
889 2819 939 2837 οτι
959 2804 1109 2837 οὐδένα’
1093 2819 1281 2849 εγνωκαμεν
1300 2819 1380 2838 κατα
1400 2806 1519 2849 σάρκα,
1539 2805 1577 2838 οὐ
1595 2807 1693 2838 τοῦτο
1705 2807 1870 2859 σημαίνει,

294 2851 365 2885 ἐπει
381 2854 452 2885 πῶς
468 2850 652 2889 ἀπεθανεν;
681 2864 805 2892 σαρκός
830 2865 894 2893 γαρ
919 2850 1076 2884 ἀσθένεια
1099 2853 1211 2884 τοῦτο.
1242 2850 1259 2883 ὃ
1278 2866 1334 2885 ουν
1351 2851 1443 2896 λέγει
1469 2853 1569 2885 τοῦτό
1594 2851 1697 2885 ἐστιν
1733 2866 1872 2906 γεγονεν

294 2899 354 2939 μὲν
372 2896 462 2941 σαρξ
481 2895 560 2941 (20)
585 2897 631 2930 H.
696 2911 752 2939 πρ(
756 2898 780 2931 ῖς
796 2896 852 2940 γε]
875 2896 1059 2940 legendum
1079 2899 1213 2941 πρό-γε.
1437 2897 1871 2942 19—1).353‚1.ye‘y0ve—

293 2944 452 2988 θίΙνΠΤΟΉ]
473 2958 523 2976 ΚΗ(
543 2943 625 2986 {fn-gl)
643 2957 708 2976 παν
711 2957 775 2976 Των
793 2942 955 2976 (Ιπξθηνεν
976 2942 1022 2975 1¹·

1902 1339 1948 1364 10

1901 1742 1945 1779 15

1898 2157 1946 2180 20
