2012 3272
115 135 199 177 xiii.
218 151 257 191 3,
278 150 318 188 4.
392 136 461 176 IN
498 136 582 178 ΕΡ.
618 136 679 178 ΙΙ.
718 135 801 176 AD
838 136 1227 177 CORINTHIOS.
1275 135 1391 177 LIB.
1422 136 1499 178 IV.
1618 135 1699 175 361

173 244 281 285 Heio
301 259 401 298 opus
422 249 485 286 es‘e
506 249 554 285 ut
578 246 629 285 de
650 245 710 286 Eo
732 245 894 285 dicatur
914 260 999 285 non
1021 245 1154 285 solum
1177 245 1346 285 omnino
1374 259 1459 286 esse
1488 247 1701 285 mortuum
1720 202 1735 244 [
1755 210 1813 242 ¹03
1831 201 1909 243 Μ’]

112 327 256 352 verum
297 312 425 353 etiam
465 313 636 353 sindone
677 313 924 361 involutum,
963 328 1066 366 quae
1110 328 1172 352 res
1213 312 1497 353 Emmanuelis
1538 311 1701 351 obitum

112 394 277 433 prorsus
308 383 497 422 testatur.
560 381 737 434 Insuper
762 380 805 420 in
838 380 1020 434 sepulcro
1049 380 1267 421 derelictus
1296 384 1369 429 cst,
1398 381 1505 420 undo
1536 379 1701 429 revixit,

113 451 161 487 ut
191 449 313 488 modo
345 448 443 490 dixi.
506 449 618 502 Ergo
649 449 691 488 in
723 463 890 501 corporo
926 464 1020 489 cum
1058 449 1112 488 sit
1147 452 1347 496 mortuus,
1383 463 1550 500 prorsus
1583 448 1702 487 nobis

71 525 92 563 5
113 516 315 568 persuasit
343 531 489 570 corpus
512 517 715 558 habuisse.
776 517 892 556 Tune
920 520 1059 556 autem
1088 531 1183 556 oum
1206 516 1285 556 Dei
1308 516 1495 556 Verbum
1524 519 1701 555 mortem

113 583 382 634 conculcavit,
404 588 511 624 recte
534 600 574 624 se
592 584 729 625 Deum
751 588 901 624 natura
921 583 1237 634 demonstravit,
1252 583 1348 637 quia
1370 583 1490 624 sicuti
1508 584 1701 623 humani-

113 654 182 692 tus
203 667 331 706 agens
353 656 527 693 mortem
548 652 734 707 pertulit,
757 652 817 693 ita
838 652 1041 693 divinitus
1062 667 1234 705 operans
1255 655 1431 692 mortem
1452 651 1617 692 devicit.

222 787 319 821 Haec
336 793 415 832 post
431 787 553 830 Mione
571 799 588 820 e
604 787 688 821 Maii
704 786 889 831 Spicilegio
910 787 1070 820 Romano
1087 799 1121 820 x.
1142 797 1210 820 200
1227 785 1381 821 exhibui.
1425 785 1617 820 praemittit
1636 786 1702 828 ille,

115 837 139 852 ‘⁶
158 834 211 867 Ex
240 834 358 868 codice
386 816 528 879 Syriaco
559 844 619 867 101
650 834 685 867 in
716 845 785 879 quo
814 840 866 867 est
894 845 988 886 *opus
1017 833 1344 878 Monophysiticum
1371 833 1424 866 cui
1452 833 1575 866 titulus
1604 832 1704 866 Fides

115 881 272 920 Patrum,
292 880 357 914 hoc
376 892 515 926 quoque
534 879 570 914 S.
585 880 705 925 Cyrilli
724 880 965 914 testimonium
983 880 1223 924 exceipebam.
1258 879 1294 913 S.
1313 879 1489 924 Cyrillus
1482 891 1518 912 ln
1537 880 1701 923 explana-

115 927 209 961 tione
227 927 419 972 epistolae
469 927 538 961 .ad
558 926 760 960 C01inthios
784 927 843 960 ait.
848 926 870 941 '³
922 925 1043 960 Codex
1069 926 1125 961 hic
1147 926 1224 971 Syr.
1247 937 1308 959 101
1331 933 1383 959 est
1400 931 1439 960 ut
1456 925 1594 960 videtur
1613 925 1703 959 Cod.

116 973 198 1007 Vat.
235 974 311 1018 Syr.
335 985 399 1007 100
430 974 491 1016 (in
520 973 717 1007 Assemanii
752 972 889 1016 Catal.)
923 972 1098 1007 Johannis
1134 973 1378 1017 Metropolitae
1408 972 1586 1012 Dar-ensis,
1623 972 1703 1016 Syri

114 1019 295 1054 Jacobitae
324 1021 431 1063 (anno
455 1020 545 1054 circa
563 1020 629 1064 837
657 1020 814 1061 florens),
839 1025 971 1053 tractus
997 1019 1111 1053 varios
1137 1019 1320 1053 continens
1346 1019 1437 1052 inter
1462 1030 1551 1064 quos
1577 1024 1628 1052 est
1648 1019 1704 1051 De

115 1067 367 1100 resurrectione
381 1067 424 1100 ad
437 1078 541 1111 quem
556 1066 725 1111 pertinere
739 1065 903 1100 videntur
916 1065 1012 1100 haec.
1048 1065 1229 1110 Conjicere
1242 1066 1349 1109 igitur
1360 1066 1440 1099 licet
1451 1065 1494 1098 ad
1509 1065 1703 1109 Epistolam

115 1113 263 1157 primam
290 1113 374 1147 haec
400 1113 582 1158 pertinere.
632 1112 765 1146 Eadem
792 1113 882 1147 inter
906 1112 1103 1157 fragmenta
1121 1112 1230 1157 (Patr.
1252 1112 1346 1147 Bibl.
1368 1112 1461 1146 Nov.
1480 1112 1514 1146 ii.
1529 1111 1613 1156 456)
1632 1112 1703 1146 col-

115 1159 199 1204 legit
218 1159 348 1195 Maius.

165 1280 410 1326 Sequebantur
426 1281 462 1315 in
481 1280 562 1315 edd
585 1280 717 1315 scholia
734 1281 810 1324 tria,
835 1279 905 1314 duo
931 1292 1056 1324 nempe
1081 1280 1118 1314 in
1144 1280 1339 1324 Epistolam
1357 1279 1400 1314 ad
1420 1279 1572 1322 Galatas,
1590 1291 1704 1313 unum

116 1327 152 1362 in
174 1327 365 1372 Epistulam
384 1327 428 1361 ad
447 1327 698 1362 Colossenses·
729 1339 880 1379 quorum
906 1339 923 1361 e
950 1327 1075 1371 primo,
1092 1327 1199 1361 verba
1212 1327 1327 1371 priora
1344 1328 1499 1371 Στοιχεῖα
1516 1328 1646 1370 κόσμου
1663 1326 1705 1360 τὰ

117 1375 217 1419 μόρια
234 1377 293 1408 τοῦ
310 1375 435 1409 παντὸς
452 1373 583 1417 κόσμου
599 1374 830 1408 tribuuntur
823 1385 859 1407 m
877 1373 1056 1407 codicibus
1075 1373 1188 1407 tribus
1208 1378 1278 1417 Κυρ
1282 1374 1415 1407 ι’λλου’
1398 1388 1433 1406 εν
1449 1374 1577 1418 βιβλίῳ
1595 1372 1620 1403 ς’
1638 1375 1706 1407 τῶν

117 1420 154 1454 ιε’
174 1421 208 1454 ἐν
233 1420 395 1464 πνεύματι
421 1421 590 1465 λατρείας,
618 1421 750 1466 reliqua
777 1420 812 1453 in
839 1419 1019 1454 codicibus
1043 1419 1157 1453 tribus
1187 1420 1327 1464 (nempe
1355 1419 1443 1453 Cod.
1465 1419 1643 1459 Sinaitico,
1668 1419 1705 1452 in

117 1467 328 1501 bibliotheca
357 1467 491 1501 Montis
522 1467 617 1501 Sinai
645 1467 846 1500 monasterii
876 1473 1092 1505 conservato,
1121 1466 1211 1500 Cod.
1243 1466 1279 1500 S.
1301 1466 1413 1500 Marci
1440 1466 1595 1499 Venetiis
1622 1465 1704 1509 546,

121 1513 208 1547 Cod.
230 1513 402 1556 Parham„
420 1513 547 1547 abhinc
571 1525 683 1547 annos
706 1525 837 1558 paucos
864 1524 883 1546 a
907 1525 963 1546 me
988 1513 1157 1565 inspecto,
1173 1513 1237 1546 viri
1255 1513 1376 1557 optimi
1401 1512 1545 1546 Roberti
1563 1512 1705 1545 Curzon

119 1559 303 1603 beneficio)
326 1567 408 1593 sunt
435 1560 672 1601 Οἷκουμενίου;
711 1559 906 1593 secundum
933 1565 985 1593 est
1009 1560 1044 1592 in
1070 1559 1198 1604 Glaph.
1216 1560 1272 1604 85,
1286 1568 1374 1604 7-9:
1415 1560 1568 1598 testium,
1593 1570 1705 1603 quum

119 1606 234 1640 adhuc
264 1607 354 1640 inter
382 1618 486 1651 opera
520 1618 591 1640 non
614 1606 744 1646 inveni,
777 1606 833 1640 hic
865 1605 1023 1645 exhibeo,
1054 1617 1123 1639 non
1159 1612 1274 1639 autem
1307 1606 1431 1650 opinor
1466 1605 1512 1638 D.
1533 1604 1705 1649 cyrinum

118 1652 155 1686 in
186 1653 239 1696 Ep
241 1653 379 1686 istolam
410 1652 452 1686 ad
481 1652 707 1686 Colossenses
738 1652 986 1686 commentaria
1008 1652 1199 1703 scripsisse.
1251 1652 1315 1685 Est
1339 1664 1356 1685 e
1381 1651 1470 1685 Cod.
1488 1651 1612 1685 Venet.
1636 1650 1703 1693 546

118 1699 179 1733 fol.
202 1708 266 1744 155
284 1711 317 1742 v,
335 1699 429 1744 quod
447 1699 489 1733 de
507 1711 598 1733 novo
617 1699 773 1732 contuli
767 1711 861 1743 ipse:
892 1698 989 1732 Ἀ’λλ
1008 1701 1100 1741 οἰμαι
1117 1699 1161 1742 μὴ
1180 1700 1346 1743 πρότερον
1363 1698 1527 1732 δύνασθαι
1551 1699 1707 1731 τοιοῦτον

119 1747 266 1790 ὁρᾶσθαί
290 1747 349 1780 Τὸν
366 1747 484 1791 λόγον,
502 1760 582 1790 πρὶν
598 1746 638 1779 ἂν
655 1746 731 1788 Ἡμῖν
748 1746 788 1779 Τὰ
806 1746 888 1779 Κατὰ
912 1759 1047 1790 ’γνωμην
1064 1760 1137 1789 ἔχθι
1163 1747 1283 1780 Καλῶς
1317 1745 1383 1779 ἀπο
1408 1745 1474 1789 ’γὰρ
1498 1759 1558 1778 ΤΟῙ]
1584 1758 1705 1788 περίσ-

121 1807 287 1836 σευματος
312 1794 370 1836 τῆς
396 1793 531 1837 καρδίας
553 1793 591 1826 τὸ
615 1794 726 1835 στόμα
749 1793 858 1825 λαλεῖ·
893 1791 1063 1834 ἁλιζέσθω
1086 1792 1198 1826 τοίνυν
1220 1795 1286 1826 τῶν
1311 1790 1544 1831 ευσεβούντων
1570 1792 1588 1824 ὁ
1615 1792 1703 1825 νοῦς·

119 1838 309 1884 ἀποῤῥείτω
334 1839 483 1882 καθάπερ
509 1854 540 1873 τι
572 1839 764 1884 περίττωμα
797 1839 857 1882 τὴν
887 1837 1062 1883 ἁμαρτίαν·
1097 1838 1142 1882 μὴ
1170 1837 1418 1882 μαλακιζέσθω,
1445 1839 1530 1883 πρὸς
1558 1836 1705 1872 ἀτόπους

121 1885 330 1930 ῥεμβόμενος
355 1885 487 1928 ἡδονάς.

185 2998 278 3026 VOL.
301 2998 369 3026 111.
908 2996 931 3037 3
954 2996 981 3022 A
