2027 3257
122 192 285 234 [38M.]

102 737 196 767 Hier.
215 736 306 767 xviii.

105 788 197 810 2-10.

186 2456 242 2490 39
260 2454 321 2490 Μ.

317 128 402 168 230
538 128 589 169 B.
621 126 869 168 CYRILLI
905 125 1255 166 ALEXANDR.
1294 123 1667 164 FRAGMENTA
1754 122 1807 161 ix,
1829 133 1894 162 21.

319 240 460 294 ὅλως·
516 242 658 292 ἐκεῖνο
697 239 745 291 δὲ
786 244 977 303 μᾶλλον
1017 238 1253 289 ἀναπείθει
1297 242 1500 305 φρονεῖν,
1544 236 1615 287 ὅτι
1658 232 1891 286 διαπλάτ-

318 323 481 373 τονταί
508 345 627 376 τινες
661 320 735 372 οἶά
770 343 859 386 περ
896 319 1042 382 σκεύη
1082 318 1320 385 κεραμικὰ,
1354 317 1385 369 ἃ
1417 317 1495 386 μὲν
1532 323 1590 372 εἷς
1624 315 1760 384 τιμὴν,
1788 314 1817 365 ἂ
1852 311 1898 366 δὲ

320 409 381 458 εἰς
418 404 616 471 ἀτιμίαν·
670 404 745 453 καὶ
782 400 865 452 τόν
891 424 944 465 γε
975 405 1058 451 τοῦ
1083 401 1460 466 παραδείγματος
1492 398 1668 464 τρόπον
1692 399 1742 448 ἐκ
1773 419 1892 462 προ-

321 489 532 552 φητικῶν
579 485 688 548 ἡμῖν
736 482 1038 534 πεπαίδευται
1081 481 1257 545 λόγων·
1318 482 1421 532 τίνα
1465 481 1546 531 οὖν
1586 479 1678 545 ἄρα
1723 477 1899 544 τρόπον

322 564 693 616 διαπλάττονταί
724 587 856 626 τινες,
885 562 959 613 οἶά
994 585 1083 628 περ
1120 564 1170 613 ἐκ
1208 561 1452 628 κεραμέως,
1490 565 1531 611 οἱ
1566 560 1643 628 μὲν
1682 565 1740 614 εἰς
1776 557 1941 626 τιμῇνὸ

323 649 364 697 οἱ
405 644 450 697 ἀὲ
490 652 549 701 εἷς
589 648 770 714 ἀτιμίαν
806 646 881 695 καὶ
916 645 990 695 ἐπὶ
1021 645 1172 697 ποίαις
1211 645 1392 701 αἰτίαις,
1433 643 1568 706 εἰδείη
1613 664 1681 694 τις
1714 639 1774 691 ἀν
1806 644 1901 692 τοῖς

321 728 545 794 Ἱερεμίου
579 726 742 792 λόγοις
771 725 991 793 ἐντυχών·
1040 725 1301 791 γέγραπται
1337 724 1384 775 δὲ
1420 725 1564 776 οὕτως
1605 730 1630 752 “
1651 721 1902 785 Ἀνάστηθι

323 817 350 839 “
376 811 450 859 καὶ
476 807 708 873 κατάβηθι
740 812 801 861 εἰς
827 808 910 858 τὸν
935 806 1062 858 οἷκον
1087 813 1170 857 τοῦ
1205 806 1450 873 κεραμέως,
1477 807 1552 856 καὶ
1592 806 1685 855 ἐκεῖ
1718 802 1901 869 ἀκούσῃ

323 897 350 920 “
375 889 482 944 τοὺς
509 889 680 955 λόγους
707 909 812 951 μου·
867 892 942 940 καὶ
968 888 1170 953 κατέβην
1196 893 1257 942 εἰς
1281 887 1363 939 τὸν
1390 886 1516 938 οἷκον
1542 891 1626 938 τοῦ
1654 883 1901 949 κεραμέως,

323 978 351 1001 “
377 974 452 1022 καὶ
491 971 589 1022 ἰδοὺ
628 970 764 1025 αὐτὸς
804 971 944 1022 ἐποίει
979 970 1117 1036 ἔργον
1143 972 1217 1021 ε’πὶ
1242 974 1336 1020 τῶν
1363 970 1525 1020 λίθων·
1579 969 1655 1018 καὶ
1681 966 1820 1018 ἔπεσε
1846 964 1900 1016 τὸ
1921 982 1969 1007 10

324 1061 351 1083 ‘⁶
376 1055 566 1118 ἀγγεῖον
603 1052 627 1104 ὃ
663 1051 799 1106 αὐτὸς
837 1052 976 1103 ἐποίει
1009 1053 1057 1102 ἐν
1089 1056 1189 1104 ταῖς
1227 1053 1391 1118 χερσὶν
1430 1051 1581 1100 αὐτοῦ·
1640 1050 1714 1099 καὶ
1752 1047 1901 1098 πάλιν

325 1143 352 1165 “
379 1134 516 1188 αὐτὸς
542 1135 761 1199 ἐποίησεν
787 1132 899 1185 αὐτὸ
926 1134 1115 1199 ἀγγεῖον
1139 1132 1308 1199 ἕτερον,
1335 1132 1488 1185 καθὼς
1514 1131 1683 1197 ἤρεσεν
1708 1128 1904 1180 ἐνώπιον

325 1223 352 1245 “
379 1217 521 1267 αὐτοῦ
547 1222 630 1267 τοῦ
656 1218 864 1278 ποιῆσαι·
917 1217 992 1266 καὶ
1019 1214 1212 1278 ἐγένετο,
1239 1215 1381 1281 φησὶ,
1413 1211 1557 1277 λόγος
1586 1212 1762 1277 Κυρίου
1787 1209 1905 1276 πρὸς·

325 1304 353 1327 “
380 1296 435 1359 μὲ
462 1297 617 1363 λέγων
646 1301 705 1348 Εἰ
733 1299 793 1350 ὡς
821 1298 845 1347 ὁ
872 1296 1094 1362 κεραμεὺς
1120 1296 1253 1349 οὗτος
1284 1296 1337 1346 οὐ
1369 1293 1630 1358 δυνήσομαι
1655 1298 1736 1343 τοῦ
1762 1295 1903 1355 ποιῆ-

326 1386 354 1408 “
379 1402 464 1429 σαι
504 1381 620 1442 ὑμᾶς
659 1376 782 1432 οἶκος
819 1377 1055 1443 Ἰσραήλ;
1117 1376 1215 1428 ἰδοὺ
1254 1377 1316 1430 ὠς
1353 1375 1506 1439 πηλὸς
1546 1379 1629 1425 τοῦ
1672 1373 1903 1439 κεραμέως
1925 1396 1972 1434 15

327 1468 354 1489 “
382 1462 504 1523 ὑμεῖς
541 1462 648 1511 ε’στε
685 1461 732 1510 ἐν
757 1464 857 1512 ταῖς
884 1459 1027 1526 χερσί
1056 1478 1162 1523 μου·
1203 1457 1346 1524 περας
1378 1455 1584 1520 λαλήσω
1611 1456 1685 1506 ἐπὶ
1721 1454 1851 1508 ε”θνος
1877 1453 1906 1518 ἢ

328 1549 355 1570 “
381 1543 455 1592 ἐπὶ
492 1541 746 1603 βασιλείαν
783 1545 866 1592 τοῦ
904 1540 1064 1609 ἐξᾶραι
1103 1539 1285 1593 αὐτούς·
1339 1540 1414 1589 καὶ
1458 1536 1806 1604 ε’πιστρέψουσι
1853 1534 1907 1586 τὸ

330 1630 357 1653 “
384 1623 514 1676 ἔθνος
539 1625 683 1674 ἐκεῖνο
710 1621 804 1674 ἀπὸ
829 1620 1020 1673 πάντων
1046 1626 1139 1672 τῶν
1165 1625 1320 1671 κακῶν
1342 1621 1508 1682 αὐτῶν,
1530 1621 1604 1670 καὶ
1632 1617 1909 1682 μετανοήσω

330 1712 358 1733 “
383 1706 489 1770 περὶ
524 1709 617 1755 τῶν
647 1709 802 1755 κακῶν
833 1702 897 1754 ῶν
927 1703 1223 1769 ἐλογισάμην
1260 1708 1343 1753 τοῦ
1381 1704 1578 1764 ποιῆσαι
1616 1701 1782 1753 αὐτοῖς·
1835 1702 1910 1750 καὶ

333 1792 360 1815 “
382 1786 526 1851 πέρας
561 1785 768 1849 λαλήσω
796 1786 870 1836 ἐπὶ
905 1785 1035 1838 ε”θνος
1061 1785 1135 1835 καὶ
1163 1786 1236 1834 ἐπὶ
1271 1783 1524 1845 βασιλείαν
1548 1788 1630 1833 τοῦ
1666 1783 1903 1832 ἀνοικοδο-
1929 1806 1979 1831 20

333 1873 361 1896 ‘⁶
385 1871 575 1930 μεῖσθαι
602 1869 677 1917 καὶ
703 1873 786 1918 τοῦ
812 1865 1229 1934 καταφυτεύεσθαι·
1265 1867 1341 1916 καὶ
1365 1864 1624 1928 ποιήσουσι
1650 1862 1710 1914 τὰ
1728 1862 1912 1927 πονηρὰ

334 1955 360 1977 “
387 1948 594 1999 ἐναντίον
619 1971 710 2011 μου
748 1954 831 1998 τοῦ
870 1947 934 2012 μὴ
963 1949 1163 1998 ἀκοῦσαι
1200 1950 1283 2010 τῆς
1321 1949 1482 2014 φωνῆς
1519 1968 1624 2009 μου,
1651 1949 1725 1996 καὶ
1762 1967 1908 2008 μετα-

335 2037 361 2058 “
388 2029 547 2093 νοήσω
571 2032 676 2096 περὶ
710 2034 804 2081 τῶν
831 2032 1022 2094 ἀγαθῶν
1048 2027 1112 2079 ῶν
1137 2027 1359 2092 ἐλάλησα
1384 2034 1466 2078 τοῦ
1493 2030 1689 2090 ποιῆσαι
1715 2027 1909 2080 αὐτοῖς.”

334 2113 446 2179 ὁρᾷς
485 2116 584 2165 πῶς
623 2112 918 2162 πλάττονταί
955 2134 1074 2164 τινες
1118 2114 1180 2163 εἰς
1224 2109 1362 2174 τιμήν
1407 2132 1456 2160 τε
1501 2111 1576 2159 καὶ
1619 2108 1819 2172 ἀτιμίαν,
1859 2109 1912 2158 οὐ

336 2192 485 2260 φύσιν
511 2191 738 2260 λαχόντες
774 2192 859 2256 τὴν
884 2191 972 2243 ὧδε
1005 2192 1339 2256 πεποιημένην,
1369 2191 1479 2241 ἀλλ’
1509 2189 1574 2244 οἷς
1606 2188 1662 2240 ἂν
1689 2188 1912 2256 δράσειαν
1931 2209 1980 2247 25

335 2273 421 2337 τὴν
448 2277 657 2338 ἰσοπαλῆ
697 2277 772 2324 καὶ
808 2274 1086 2340 πρέπουσαν
1115 2274 1354 2324 ἀντίδοσιν
1380 2270 1667 2338 κομιζόμενοι
1691 2292 1703 2332 ;
1748 2271 1914 2321 οὐκοῦν

337 2358 375 2404 εἰ
399 2355 582 2420 κολάζει
611 2360 705 2406 τῶν
731 2356 856 2406 ὅλων
882 2357 906 2405 ὁ
931 2355 1124 2419 ποιητὴς
1156 2354 1238 2406 τὸν
1264 2357 1312 2405 ἐκ
1346 2353 1533 2420 τρόπων
1556 2354 1747 2418 ἀγαθῶν
1768 2374 1910 2414 μετα-

341 2440 577 2503 φοιτῶντα
608 2436 727 2502 πρὸς
759 2436 819 2487 τὰ
853 2438 1039 2503 αἰσχίω,
1066 2438 1141 2486 καὶ
1173 2434 1254 2486 τὸν
1285 2437 1333 2486 ἐκ
1365 2439 1458 2486 τῶν
1484 2432 1739 2501 αἰσχιόνων
1765 2456 1904 2496 μετα-

338 2523 584 2584 χωροῦντα
611 2517 729 2583 πρὸς
754 2517 813 2568 τὰ
837 2518 1013 2578 βελτίω
1048 2522 1202 2581 τιμαῖς
1231 2521 1475 2584 στεφανοῖ,
1500 2519 1600 2568 πῶς
1635 2515 1717 2565 οὐκ
1743 2513 1914 2575 ἀληθὲς

387 2691 420 2721 4.
445 2679 622 2722 πεποίηται
639 2690 702 2722 pro
718 2679 935 2713 πεπαίδευται
952 2679 996 2712 A.
1069 2680 1195 2723 τρόπον
1212 2678 1275 2721 ι’ίρα
1293 2678 1430 2711 inverso
1448 2676 1567 2710 ordine
1585 2677 1628 2710 A.
1801 2676 1834 2710 8.
1861 2676 1915 2710 καὶ

340 2725 503 2768 κατάβηθι
522 2732 554 2758 et
571 2725 637 2758 ἐκεῖ
654 2731 834 2770 assumpta
850 2737 891 2758 ex
910 2726 951 2758 A.
972 2725 1024 2758 καὶ
1042 2725 1204 2768 κατάβηθι
1222 2724 1355 2758 addidit
1374 2725 1406 2766 (e
1425 2723 1509 2757 Maii
1527 2722 1762 2767 adnotatione)
1778 2722 1914 2766 Migne.

346 2783 398 2806 10.
423 2772 542 2805 ἔπαισε
561 2772 640 2815 (Sic)
658 2772 701 2805 A.
884 2782 936 2804 ΙΙ.
963 2772 1062 2805 αὐτὸς
1079 2772 1121 2804 A.
1141 2772 1221 2804 αὐτὸ
1240 2770 1305 2805 Ed.
1480 2781 1532 2804 12.
1558 2770 1661 2804 ἐποίει
1683 2769 1723 2802 A.
1790 2770 1914 2802 Statim

341 2819 421 2852 αὐτὸ
440 2830 509 2851 om.
528 2818 572 2852 A.
639 2818 778 2852 ἐνώπιον
794 2816 912 2862 αὐτοῦ]
932 2818 1020 2862 αὐτῷ
1039 2818 1082 2851 A.
1237 2828 1290 2861 13.
1316 2817 1405 2861 φησι
1422 2828 1493 2851 om.
1511 2816 1554 2850 A.
1710 2816 1762 2848 18.
1788 2814 1912 2860 αὐτῶν]

341 2865 443 2898 αὐτοῦ
461 2865 504 2898 A.
697 2875 820 2908 19—23.
845 2864 901 2897 Ab
919 2865 1030 2899 αὐτοῖς·
1047 2863 1090 2897 ad
1108 2864 1220 2899 αὐτοῖς
1236 2863 1386 2898 transilit
1404 2863 1447 2897 A.
1644 2870 1699 2904 25.
1724 2860 1764 2896 ἂν
1783 2873 1852 2896 om.
1870 2862 1914 2895 A.

344 2920 398 2956 27.
424 2912 679 2957 μεταφοιτῶντα
697 2918 776 2955 post
793 2910 917 2955 αἰσχίω
935 2910 1131 2955 transponit
1148 2910 1190 2943 A.
