2001 3257
268 138 350 177 140
667 138 720 179 Β.
753 138 1022 180 CYRILLI
1063 139 1443 181 ALEXANDR.
1610 156 1679 181 xx.
1700 153 1765 190 22,
1783 153 1850 195 23.

276 245 287 259 2
443 244 455 260 1
650 247 664 263 x
747 245 759 262 t
944 247 955 263 s
1172 250 1194 260 Ν
1283 248 1303 268 «Ι
1550 250 1559 264 ›
1628 254 1647 264 Α
1729 252 1739 266 ⁹
1836 252 1849 267 x

264 248 552 312 εμφυσησας
591 268 665 296 και
701 253 856 313 λεγων
882 250 1063 306 Λαβετε
1086 259 1267 316 Πνευμα
1305 260 1455 315 Αγιον.
1511 272 1677 300 ουκουν
1703 272 1741 299 ει
1776 272 1852 300 και

266 326 532 394 ἀπελείφθη
572 331 763 391 Θωμᾶς,
802 330 885 380 οὐκ
930 329 1123 397 ἐξέπεσε
1165 336 1248 380 τοῦ
1292 335 1474 393 λαβεῖν,
1514 331 1634 381 κατὰ
1674 330 1853 384 παντὸς

265 412 349 457 τοῦ
394 413 562 469 λαβεῖν
603 410 878 477 ὀφείλοντος
923 413 997 461 καὶ
1042 412 1374 477 ἐντεταγμένου
1420 416 1487 481 τῷ
1531 414 1714 481 ἀριθμῷ
1757 418 1853 463 τῶν

266 489 581 552 τετιμημένων
614 497 697 542 τοῦ
735 492 1011 556 Πνεύματος
1045 492 1306 560 τρέχοντος.

341 568 467 623 Δοὺς
492 570 541 621 δὲ
565 570 619 622 τὸ
644 576 839 636 Πνεῦμα
866 572 1080 639 Χριστός
1094 572 1178 625 'sAv
1198 598 1313 626 τινων
1339 573 1485 643 ἀφῆτε
1511 573 1594 630 τέις
1620 578 1851 643 ἁμαρτίας
1872 593 1894 631 5

223 652 496 720 ὒέιφέωνταί
528 658 695 721 φησιν·
742 654 795 705 οἷν
825 679 941 706 τινων
974 654 1169 724 κρατῆτε,
1200 656 1499 725 κεκράτηνται,
1526 657 1674 707 καίτοι
1707 656 1853 720 μόνου

265 739 348 784 τοῦ
393 733 511 784 κατὰ
556 735 707 803 φύσιν
750 735 882 790 ὄντος
927 741 1053 788 Θεοῦ
1105 738 1363 801 δυναμένου
1407 759 1454 788 τε
1504 741 1579 789 καὶ
1630 738 1852 807 ἐξουσίαν

264 816 453 884 ἔχοντος
487 817 712 869 ἀπολύειν
740 819 969 885 ἁμαρτίας
1003 818 1111 873 τοὺς
1145 819 1490 885 ἡμαρτηκότας·
1543 822 1630 871 τίνι
1666 819 1758 886 γὰρ
1794 820 1852 872 ἂν

264 900 340 949 καὶ
377 898 614 964 προσήκοι
654 899 706 950 τὸ
745 900 1025 968 χαρίζεσθαί
1057 924 1156 952 τισι
1194 901 1253 953 τὰ
1291 903 1362 971 ἐφ’
1396 900 1566 968 οἷσπερ
1605 900 1662 952 ἂν
1694 903 1853 953 ἁλοῖεν

265 984 325 1033 εἰς
364 979 446 1031 τὸν
482 985 604 1032 θεῖον
642 983 1078 1048 πλημμελήσαντες
1117 984 1274 1047 νόμον,
1307 989 1344 1035 εὶ
1382 983 1447 1048 μὴ
1485 986 1551 1053 τῷ
1589 983 1671 1035 τὸν
1709 985 1851 1047 νόμον
1875 1009 1924 1036 10

265 1063 511 1128 ὀρίσαντι,
560 1064 616 1133 ἐξ
652 1065 806 1115 αὐτῶν
845 1064 893 1116 δὲ
932 1070 1026 1117 τῶν
1058 1068 1165 1117 καθ’
1200 1066 1320 1130 ἡμᾶς
1359 1066 1600 1132 ἀθρητέον,
1633 1071 1668 1118 εἰ
1709 1070 1848 1130 δοκεῖ,

264 1149 347 1194 τοῦ
382 1143 532 1210 λόγου
567 1143 653 1209 τὴν
688 1146 900 1210 δύναμιν·
942 1149 1011 1202 τίς
1049 1153 1145 1202 τοῖς
1184 1149 1487 1212 θεσπίσμασι
1524 1153 1619 1200 τῶν
1650 1150 1725 1201 ἐπὶ
1763 1153 1852 1215 γῆς

263 1226 509 1285 βασιλέων
539 1227 910 1295 ἐξουσιαστικῶς
948 1229 1205 1297 ἐπιφύεται,
1231 1232 1306 1281 καὶ
1345 1229 1605 1297 παραλύειν
1635 1233 1857 1299 ἐπιχειρεῖ

263 1307 323 1358 τὰ
363 1306 438 1358 διὰ
479 1311 561 1372 τῆς
606 1313 701 1360 τῶν
735 1311 1033 1377 κρατούντων
1072 1313 1426 1378 συντεταγμένα
1463 1312 1636 1382 ψήφου
1679 1337 1729 1365 τε
1774 1316 1850 1365 καὶ

223 1415 245 1442 e
263 1389 467 1455 γνώμης,
495 1394 531 1441 εἰ
557 1389 622 1455 μὴ
655 1392 747 1458 ἄρα
782 1416 851 1447 τις
886 1394 954 1459 εἰἠ
990 1393 1135 1462 τυχὸν
1160 1399 1254 1445 τῶν
1279 1393 1365 1459 τὴν
1390 1396 1623 1456 βασιλίδα
1647 1419 1845 1464 περικει-
1873 1413 1921 1452 15

261 1472 414 1536 μένων
440 1471 580 1538 τιμήν
603 1496 652 1524 τε
692 1476 768 1525 καὶ
810 1473 956 1544 δόξαν
975 1498 987 1538 3
1032 1475 1180 1527 τόπον
1206 1475 1300 1542 γὰρ
1336 1477 1384 1527 ἐν
1413 1477 1597 1531 ἐκείνοις
1637 1479 1720 1529 οὐκ
1757 1478 1851 1546 ἔχει

262 1556 345 1618 τῆς
381 1556 674 1621 παρανομίας
713 1555 772 1607 τὰ
809 1556 1099 1623 ἐγκλήματα.
1162 1557 1400 1624 τοιγάρτοι
1442 1560 1518 1609 καὶ
1562 1559 1721 1629 σοφὸν
1759 1560 1850 1628 ε”φη

38 1637 207 1714 ΞΧἘΠΣ,
262 1635 427 1702 λόγιον
455 1636 713 1701 (ςἈσεβὴς
752 1640 777 1690 ὁ
812 1638 967 1705 λέγων
991 1644 1193 1700 βασιλεῖ
1216 1641 1552 1707 Παρανομεῖς.”
1594 1640 1714 1692 κατὰ
1747 1641 1851 1693 τίνα

262 1724 511 1784 τοιγαροῦν
537 1720 629 1785 ἄρα
652 1719 831 1786 τρόπον
856 1744 905 1772 τε
932 1723 1007 1772 καὶ
1034 1720 1195 1788 λόγον,
1223 1721 1277 1772 τὸ
1308 1721 1427 1790 μόνῃ
1457 1722 1636 1789 πρέπον
1664 1723 1851 1792 ἀξίωμα

261 1804 319 1868 τῇ
353 1801 452 1869 θείᾳ
491 1801 635 1869 φύσει
676 1808 768 1856 τοῖς
808 1805 972 1854 ἑαυτοῦ
1010 1808 1241 1869 μαθηταῖς
1278 1805 1546 1871 περιέθηκεν
1579 1806 1603 1856 ὁ
1640 1804 1842 1872 Σωτήρ;
1870 1827 1921 1855 20

261 1883 371 1932 ἀλλ’
401 1884 484 1933 οὐκ
519 1882 575 1934 ἂν
600 1883 801 1950 ἁμάρτοι
826 1890 910 1936 τοῦ
941 1885 1200 1952 πρέποντος
1228 1887 1253 1937 ὁ
1279 1888 1326 1936 ἐν
1355 1889 1513 1953 Πατρὶ
1541 1887 1711 1953 Λόγος,
1738 1888 1849 1954 ε”δρα

261 1963 310 2014 δὲ
335 1970 473 2015 τοῦτο
500 1969 575 2016 καὶ
602 1966 797 2033 σφόδρα
825 1972 995 2022 καλῶς.
1049 1967 1165 2038 ᾤετο
1195 1967 1289 2034 γὰρ
1318 1971 1412 2019 δεῖν
1437 1967 1545 2022 τοὺς
1570 1968 1624 2020 τὸ
1652 1970 1773 2021 θεῖόν
1798 1993 1849 2021 τε

261 2048 336 2096 καὶ
381 2047 661 2098 δεσποτικὸν
709 2048 901 2116 ε”χοντας
946 2051 994 2100 ἐν
1033 2052 1210 2104 ἑαυτοῖς
1255 2050 1344 2114 ἤδη
1394 2054 1602 2115 Πνεῦμα,
1647 2054 1720 2102 καὶ
1765 2058 1850 2103 τοῦ

262 2130 491 2196 διαφεῖναι
529 2127 611 2183 τάς
650 2153 790 2182 τινων
829 2132 1058 2198 ἁμαρτίας
1097 2131 1211 2184 εἶναι
1252 2133 1448 2198 κυρίους,
1488 2135 1565 2184 καὶ
1601 2131 1757 2201 ὧνπερ
1790 2132 1850 2186 ἂν

217 2208 530 2271 ἃβούλωνται
569 2218 768 2278 κρατεῖν,
801 2220 883 2265 τοῦ
921 2215 1258 2269 ἐνοικισθέντος
1296 2216 1451 2269 αὐτοῖς
1489 2215 1656 2280 Ἀγίου
1698 2215 1849 2267 Πνεύ-
1868 2233 1918 2273 25

260 2315 407 2355 ματος
446 2294 662 2359 ἀφιέντος
703 2318 751 2346 τε
791 2298 866 2347 καὶ
906 2303 1189 2363 κρατοῦντος
1231 2297 1350 2347 κατὰ
1387 2295 1627 2361 βούλησιν
1666 2299 1847 2368 οἰκείαν,

261 2372 350 2425 κᾶν
375 2375 431 2424 δι’
460 2375 722 2441 ἀνθρώπων
748 2380 941 2441 τελῆται
967 2376 1021 2429 τὸ
1048 2383 1247 2444 πρᾶγμα
1273 2379 1433 2446 τυχόν.

334 2455 539 2524 Ἀφιᾶσι
578 2456 728 2522 γεμὴν
767 2459 997 2524 ἁμαρτίας
1036 2461 1137 2524 ἤτοι
1179 2461 1460 2528 κατέχουσιν
1499 2465 1539 2512 οἱ
1577 2484 1842 2524 πνευματο-

262 2536 401 2606 φόροι
447 2537 565 2588 κατὰ
607 2537 689 2589 δύο
733 2539 949 2605 τρόπους,
998 2540 1119 2592 κατά
1158 2564 1213 2607 γε
1256 2542 1461 2593 διάνοιαν
1500 2543 1627 2607 ἐμήν.
1687 2543 1715 2608 ἢ
1754 2543 1847 2610 γὰρ

260 2624 492 2670 καλοῦσιν
541 2620 615 2670 ἐπὶ
659 2619 712 2671 τὸ
757 2621 1012 2685 βοίπτισμα
1056 2622 1164 2676 τοὺς
1208 2622 1276 2676 οἷς
1322 2621 1380 2673 ἂν
1425 2624 1514 2688 ἤδη
1559 2627 1635 2675 καὶ
1679 2624 1847 2676 τούτου
1867 2644 1920 2681 30

260 2706 416 2769 τυχεῖν
442 2701 672 2769 ὠφείλετο
704 2701 780 2752 διὰ
805 2701 892 2767 τὴν
917 2710 1000 2754 τοῦ
1031 2705 1138 2766 βίου
1172 2703 1439 2769 σεμνότητα
1472 2707 1548 2756 καὶ
1583 2705 1637 2757 τὸ
1668 2709 1845 2757 δεδοκι-

307 2841 340 2873 6.
366 2841 516 2884 κρατεῖτε
535 2852 567 2885 p.
641 2841 837 2885 κεκράτηντε
856 2842 897 2875 Ε.
1051 2854 1084 2887 9.
1110 2857 1181 2877 τισι
1198 2855 1267 2877 om.
1287 2856 1320 2888 p.
1476 2855 1530 2887 14.
1556 2845 1680 2891 ψόφου
1700 2845 1779 2890 (Sic)
1800 2846 1843 2880 E.

263 2897 316 2930 19.
342 2887 527 2930 πρέποντες
545 2887 587 2922 Ε,
754 2899 809 2937 23.
836 2889 941 2934 ἑαυτῷ
961 2889 1041 2932 (Sic)
1061 2902 1094 2934 p.
1263 2901 1317 2934 24.
1344 2890 1513 2936 διαφεῖναι
1532 2891 1661 2926 habent
1679 2904 1714 2937 p.
1735 2892 1842 2927 Cord.

261 2942 316 2978 27.
343 2935 477 2968 τελοῖτο
495 2945 526 2968 a.
670 2945 726 2979 30.
753 2933 819 2980 οἱς]
845 2939 880 2976 -Ι-
902 2949 966 2980 περ
984 2947 1015 2970 a.
