2017 3252
88 253 119 284 S.
132 253 256 284 Matth.

89 307 165 327 xxv.
184 302 248 338 ²7⁴]

309 128 394 168 474
741 131 789 171 B.
823 129 1068 170 CYRILLI
1109 129 1453 170 ALEXANDR.

309 236 371 288 ὡς
397 235 621 302 ὀκνηρός,
665 243 694 266 “
711 235 845 288 ’Έδει
884 259 939 287 σε
978 236 1085 301 γὰρ,
1113 238 1250 304 φησὶ,
1277 240 1564 297 καταβαλεῖν
1589 234 1642 286 τὸ
1668 231 1890 301 ἀργύριόν

310 322 337 344 “
363 339 453 378 μου
487 322 584 371 τοῖς
617 316 921 383 τραπεζίταις,
949 316 1078 383 κάγὼ
1112 317 1264 367 ἐλθὼν
1289 316 1580 381 ἐκομισάμην
1607 314 1665 365 ἂν
1693 314 1747 366 τὸ
1781 314 1891 379 ἐμὸν

308 403 335 425 “
361 396 454 447 σῦν
497 397 660 467 τόκῳ.”
713 398 880 448 οὐκοῦν
924 399 985 450 ὡς
1030 396 1321 463 τραπεζίταις
1365 399 1471 459 ὑμῖν
1509 395 1796 460 ἐπιστήμοσι
1835 393 1890 445 τὸ

309 478 590 529 δεσποτικὸν
631 478 856 544 ἀργύριον
893 478 1112 546 ἐξοδιάζω
1149 478 1260 543 ἐγώ·
1305 480 1431 542 ὑμεῖς
1469 477 1517 528 δὲ
1555 475 1800 539 λαβόντες,
1830 479 1892 529 εἰς

311 563 421 608 νοῦν
446 559 683 610 ἀπόθεσθε
721 558 776 609 τὸ
816 558 950 610 δοθὲν
977 561 1053 609 καὶ
1088 563 1150 613 εἷς
1181 559 1235 610 τὸ
1273 559 1421 621 βάθος
1454 562 1537 623 τῆς
1571 559 1747 608 ἑαυτῶν
1772 579 1888 622 καρ-
1912 575 1934 614 5

311 639 411 692 δίας
450 639 679 708 κρύψατε,
717 641 767 691 εῦ
810 638 978 694 εἰδότες
1024 639 1094 690 ὅτι
1138 640 1199 690 τὰ
1240 644 1303 693 εἷς
1345 643 1436 706 γῆν
1479 637 1756 703 πεμπόμενα
1799 642 1894 688 τῶν

311 720 597 786 σπερμάτων
624 721 951 789 ἐγχωννύμενα
984 720 1069 785 μὲν
1094 726 1194 775 ταῖς
1219 721 1397 782 βώλοις
1432 724 1736 790 καρποφορεῖ,
1762 718 1822 770 τὰ
1846 717 1894 769 δὲ

312 802 631 870 ἀκατάχωστα
657 803 970 869 διαρπάζεται,

1046 922 1168 971 XV.

387 1017 531 1082 Πλὴν
557 1018 855 1070 ἐσπούδασεν
883 1020 908 1069 ὁ
938 1019 1111 1084 Κύριος
1144 1019 1260 1083 μήτε
1287 1020 1341 1070 δι’
1371 1019 1486 1070 ὅλου
1513 1022 1785 1088 φανερῶσαι
1810 1015 1895 1080 τὴν
1919 1036 1966 1061 10

312 1100 478 1149 ἑαυτοῦ
506 1098 704 1163 θεότητα
729 1098 846 1164 μήτε
881 1102 943 1153 εἷς
978 1099 1032 1150 τὸ
1067 1099 1295 1153 παντελὲς
1320 1099 1608 1168 ἀποκρύψαι,
1634 1099 1688 1150 τὸ
1712 1097 1796 1161 μὲν
1821 1096 1897 1148 διὰ

312 1179 421 1232 τοῦς
459 1178 577 1242 τότε,
603 1180 657 1230 τὸ
691 1179 739 1231 δὲ
778 1179 854 1231 διὰ
886 1179 995 1234 τοὺς
1032 1180 1150 1245 μετὰ
1183 1186 1345 1231 ταῦτα·
1387 1180 1510 1231 ὥστε
1537 1180 1684 1248 δεῖξαι
1714 1182 1788 1230 καὶ
1814 1181 1898 1243 τῆς

314 1260 533 1325 θεότητος
569 1262 711 1312 αὐτοῦ
738 1263 814 1311 καὶ
839 1265 923 1325 τῆς
949 1262 1310 1328 ἀνθρωπότητος
1344 1261 1517 1328 τρανάς
1542 1260 1625 1315 τὰς
1651 1262 1894 1327 ἐνεργείας,

313 1342 389 1391 ἵνα
422 1342 537 1405 μήτε
575 1343 603 1406 ἡ
640 1343 740 1393 θειά
773 1342 965 1404 δύναμις
989 1345 1241 1409 ἀμβλυνθῇ
1264 1343 1379 1407 μήτε
1406 1343 1433 1406 ἡ
1459 1343 1726 1409 ἀνθρωπίνη
1753 1340 1899 1410 φύσις

314 1424 571 1491 ἀπιστηθῂ.
640 1423 796 1487 ἐπειδὴ
838 1422 931 1489 γὰρ
971 1424 1168 1486 ἔμελλεν
1205 1424 1383 1490 αἵρεσις
1427 1424 1705 1475 ἀνακύπτειν
1740 1423 1769 1486 ἡ
1813 1421 1892 1473 λε’-
1921 1439 1968 1478 15

314 1526 470 1569 γουσα
498 1504 567 1555 ὅτι
595 1504 856 1573 φάντασμα
884 1503 942 1568 ἧν
970 1504 1025 1555 τὸ
1051 1509 1194 1569 σῶμα
1227 1508 1302 1556 καὶ
1337 1506 1391 1574 ἐξ
1424 1506 1621 1571 οὐρανοῦ
1647 1507 1896 1567 κατῆλθεν·

316 1587 369 1635 οὐ
395 1585 489 1652 γὰρ
516 1585 574 1637 ἂν
599 1585 745 1648 ἐ’λαβε
778 1592 862 1637 τοῦ
896 1591 1111 1655 φθαρτοῦ
1146 1587 1369 1650 σώματος
1402 1585 1560 1652 σάρκα
1594 1586 1621 1649 ἡ
1656 1585 1898 1653 ἄφθαρτος

317 1667 478 1734 φύσις,
506 1667 598 1718 οὐδ’
627 1667 685 1718 ἂν
711 1668 990 1737 κατεδέξατο
1015 1667 1164 1735 ῥύπον
1196 1667 1224 1733 ὴ
1251 1668 1504 1731 μολυσμὸν
1529 1666 1558 1732 ὴ
1585 1671 1780 1718 σπῖλον·
1822 1666 1899 1716 ἵνα

316 1748 621 1812 πιστώσηται
647 1750 670 1799 ὁ
699 1748 819 1802 Θεὸς
850 1754 944 1800 τῶν
970 1749 1232 1815 ἀνθρώπων
1257 1748 1311 1800 τὸ
1345 1749 1479 1815 γένος
1514 1748 1583 1799 ὅτι
1618 1753 1757 1799 τοῦτο
1791 1747 1895 1812 ἐγέ-

318 1850 422 1878 νετο
449 1829 474 1879 ὅ
509 1831 665 1893 ἐσμεν,
692 1831 842 1892 με’νων
869 1829 894 1881 ὸ
927 1830 1000 1895 ἦν,
1030 1829 1105 1881 διὰ
1141 1836 1279 1881 τοῦτο
1318 1830 1621 1897 συνεχώρησε
1659 1833 1717 1897 τῇ
1756 1829 1899 1894 σαρκὶ
1922 1853 1971 1878 20

318 1909 524 1977 πάσχειν
562 1910 620 1961 τὰ
657 1910 762 1973 ἴδια,
793 1914 867 1962 καὶ
907 1911 1048 1980 ἔδειξε
1087 1915 1260 1975 διπλῆν
1298 1911 1383 1975 τὴν
1421 1912 1664 1977 ἐνέργειαν,
1695 1909 1901 1976 πάσχων

319 1989 403 2053 μὲν
441 1993 503 2044 ὡς
547 1992 807 2057 ἄνθρωπος,
845 1995 1044 2059 ἐνεργῶν
1086 1993 1133 2044 δὲ
1178 1996 1239 2047 ὡς
1284 1993 1404 2046 Θεὸς
1448 1994 1473 2043 ὃ
1518 1992 1669 2046 αὐτός·
1711 1992 1764 2042 οὐ
1806 1990 1900 2057 γὰρ

320 2071 471 2125 ἄλλος
511 2075 586 2123 καὶ
625 2073 792 2136 ἄλλος,
830 2078 867 2125 εἰ
907 2076 982 2125 καὶ
1019 2074 1183 2128 ἄλλως
1222 2077 1297 2126 καὶ
1337 2075 1514 2128 ἄλλως.

344 2311 430 2352 Τοῦ
469 2312 587 2359 ἀπίου
627 2313 824 2369 κυρίλλου
864 2312 923 2354 εἷς
963 2316 1008 2355 τό
1044 2314 1185 2371 Πατὲρ
1223 2313 1282 2355 εἰς
1324 2311 1468 2370 χεῖράς
1506 2329 1579 2355 σου
1617 2312 1879 2370 ΠαρατίθΗμι

918 2396 966 2437 τὸ
1004 2397 1170 2444 Πνεῡμά
1209 2411 1301 2444 μου.
1924 2407 1972 2445 25

399 2510 542 2575 Μέγα
591 2511 740 2561 πάλιν
784 2516 859 2562 καὶ
909 2512 1143 2580 ἐξαίρετον
1187 2511 1465 2578 κατόρθωμα
1516 2517 1615 2566 ταῖς
1663 2513 1902 2578 ἡμετέραις

324 2592 501 2657 ψυχαῖς
528 2589 602 2640 διὰ
627 2597 709 2641 τοῦ
735 2592 925 2643 πάντων
950 2593 1081 2655 ἡμῶν
1109 2596 1328 2658 Σωτῆρος
1354 2596 1584 2658 Χριστοῦ.
1628 2593 1783 2657 ἐπειδὴ
1809 2592 1901 2660 γὰρ

324 2672 655 2735 δεδικαιώμεθα
687 2671 763 2722 διὰ
795 2675 877 2736 τῆς
911 2673 1115 2726 πίστεως
1147 2675 1230 2736 τῆς
1264 2677 1326 2727 εἰς
1360 2673 1501 2725 αὐτὸν
1526 2675 1601 2725 καὶ
1628 2676 1676 2725 ἐν
1698 2675 1823 2743 αὐτῷ
1846 2674 1901 2726 τὸ

370 2824 403 2854 4.
429 2812 475 2847 εἷς
493 2813 571 2846 νοῦν
587 2810 759 2846 ἀποθέσθε
775 2811 842 2846 hoc
861 2811 982 2845 ordine
1000 2812 1039 2846 L.
1202 2824 1254 2847 10.
1279 2825 1297 2847 e
1315 2813 1412 2848 Maio
1430 2826 1463 2858 p.
1478 2825 1546 2858 434
1564 2814 1634 2857 fin„
1652 2813 1791 2848 exhibet
1807 2820 1841 2848 et
1859 2814 1900 2849 L.

323 2858 382 2892 sol.
402 2859 481 2903 498.
500 2858 662 2901 κυρίλλου
680 2858 796 2901 ὁμιλία
813 2858 848 2891 in
866 2870 938 2902 mg.
958 2870 1104 2902 ponens.
1254 2870 1309 2901 24.
1338 2859 1434 2894 Haec
1452 2861 1518 2894 sub
1536 2860 1601 2895 hoc
1619 2861 1720 2894 titulo
1738 2860 1901 2896 exhibent

325 2903 475 2939 Catenae
491 2904 527 2938 in
545 2904 634 2939 Acta
653 2904 718 2939 SS.
733 2905 996 2949 Apostolorum,
1015 2905 1059 2940 cf.
1078 2917 1183 2950 supra
1199 2917 1233 2950 p.
1252 2918 1331 2952 443.
1350 2907 1482 2942 contuli
1498 2918 1580 2942 curn
1597 2918 1616 2941 a
1631 2907 1691 2942 fol.
1709 2915 1753 2952 52
1768 2918 1801 2942 v.
