2027 3257
297 161 381 201 296
442 159 491 199 B.
525 156 772 198 CYRILLI
808 152 1155 195 ALEXANDR.
1195 151 1567 192 FRAGMENTA
1626 149 1708 190 xiv.
1730 148 1791 198 16,
1812 156 1874 198 17.

144 248 201 283 70
217 245 279 282 Μ.

150 320 209 366 16,
235 328 278 367 17
334 314 459 356 Ἐπεὶ
495 312 570 354 ἐὰν
609 311 845 367 εὐλοπύσῌο
882 310 944 362 τῷ
981 307 1203 357 Πνεύματι,
1240 306 1262 348 ὃ
1300 305 1563 361 ἀναπλΗρὼν
1600 303 1672 344 τὸν
1710 302 1842 343 τόπον

693 395 766 434 τοῦ
801 390 974 432 ἰδιώτου
1012 389 1105 430 Πῶε
1146 385 1233 444 ἐρεῖ
1270 387 1318 430 τὸ
1355 387 1494 438 dnm),-

369 509 541 569 “Orav,
563 507 729 574 φησὶν,
749 503 887 556 αὐτὸς
912 501 998 566 μὲν
1023 500 1234 567 γλώσσῃ
1261 501 1429 566 λαλῇς,
1457 500 1481 548 ὁ
1508 496 1655 563 γεμὴν
1680 497 1727 546 ἐν
1752 492 1882 562 τάξει

303 596 360 659 τῇ
399 595 481 641 τοῦ
519 592 685 639 λαϊκοῦ
725 585 942 648 κείμενος,
969 587 1006 633 εἷ
1043 581 1128 646 τὴν
1161 580 1255 645 σὴν
1285 582 1368 631 οὐκ
1406 579 1540 641 εἰδείη
1580 576 1756 645 φωνὴν,
1782 578 1883 626 πῶς

303 669 752 739 προσυπακούσεται
793 668 841 717 τό
868 663 1004 732 Ἀμὴν
1042 665 1090 713 ἐν
1115 667 1215 715 ταῖς
1254 663 1386 715 ἰδίαις
1425 659 1741 727 εὐχαριστιάις
1781 656 1882 720 ἤτοι
1903 677 1925 715 5

304 756 622 818 προσευχαῖς,
666 749 736 799 ὅτι
775 747 867 813 γὰρ
905 750 1004 799 ταῖς
1043 749 1136 795 τῶν
1168 742 1437 809 ἡγουμένων
1475 742 1630 807 εὐχαῖς
1668 737 1751 791 τὰς
1790 741 1885 787 τῶν

306 834 396 886 ὑπὸ
447 838 578 900 χεῖρα
628 827 1014 896 συγκαταλήγειν
1058 826 1161 879 ε”θος
1212 827 1260 875 ἐν
1304 823 1576 887 ἐκκλησίαις
1626 819 1771 871 παντί
1819 840 1885 885 τῳ

306 917 475 984 σαφές.
518 910 941 979 προσυπακούουσι
966 907 1061 973 γὰρ
1087 906 1141 958 τό
1166 906 1309 970 Ἀμὴν
1333 910 1433 957 ταῖς
1459 905 1634 954 ἑαυτῶν
1659 898 1777 966 πρὸς
1804 897 1886 949 τὸν
2022 887 2027 950 Ῑζ

307 996 432 1048 Θεὸν
459 995 664 1048 ἱκετείαις
691 992 744 1043 τὸ
783 991 928 1057 πέρας
966 987 1218 1054 ἐπάγοντες
1245 991 1303 1053 τῇ
1341 991 1423 1037 τοῦ
1451 982 1602 1051 ἱερέως
1635 984 1786 1050 φωνῇ,
1811 978 1887 1029 ἵνα
2025 1010 2027 1026 «

308 1082 366 1146 τῇ
393 1082 486 1129 τῶν
514 1077 667 1142 ἱερέων
692 1073 945 1136 τελειότητι
970 1070 1024 1121 τὸ
1051 1074 1216 1121 δοκοῦν
1243 1068 1489 1127 ἐλλείπειν,
1517 1069 1613 1117 τοῖς
1638 1067 1733 1113 τῶν
1757 1065 1887 1112 λαῶν
1910 1089 1958 1115 10

87 1179 245 1211 Ps.cxiii.
311 1162 627 1225 ἀναπληρῷτο
674 1156 869 1220 μέτροις,
911 1154 987 1204 καὶ
1029 1153 1163 1202 οἱονεὶ
1206 1149 1360 1202 ζίτοὺς
1402 1144 1593 1213 μικροὺς
1636 1143 1754 1207 μετὰ
1794 1146 1889 1192 τῶν

89 1233 138 1255 21'
311 1248 339 1270 “
364 1238 588 1305 μεγάλων
601 1239 625 1254 ”
674 1239 736 1289 ὡς
778 1237 825 1285 ἐν
868 1233 1048 1297 ἑνότητι
1091 1231 1352 1293 πνεύματος
1396 1226 1707 1293 παραδέχοιτο
1753 1222 1887 1276 Θεός.

312 1327 412 1376 ταῖς
449 1320 542 1386 γὰρ
568 1323 662 1370 τῶν
702 1316 856 1383 ἱερέων
894 1315 1049 1382 εὐχαῖς
1087 1311 1170 1366 τὰς
1209 1314 1384 1363 ἑαυτῶν
1417 1304 1814 1374 παραζευγνύντες
1848 1306 1889 1354 οἱ

312 1402 403 1456 ὑπὸ
442 1408 573 1470 χεῖρα
613 1401 735 1462 λαοὶ,
775 1396 937 1450 δεκτάς
975 1395 1171 1446 ἔσεσθαι
1207 1391 1596 1444 πεπιστεύκασιν·
1646 1386 1795 1454 τούτῳ
1825 1386 1891 1453 τῷ

313 1488 482 1553 σκοπῷ
521 1485 595 1533 καὶ
634 1479 856 1547 πενιχρὰς
889 1478 1056 1530 θυσίας
1088 1478 1113 1526 ὀ
1141 1474 1264 1528 Θεὸς
1300 1473 1418 1539 πρὸς
1458 1470 1512 1522 τὸ
1551 1467 1891 1532 θυσιαστήριον
1913 1493 1960 1531 15

314 1567 529 1618 ἐκέλευσε
566 1560 902 1629 προσάγεσθαι
937 1562 1032 1609 τῶν
1071 1554 1491 1618 ὁλοκαυτωμάτων,
1530 1552 1606 1602 ἵνα
1643 1549 1697 1600 τὸ
1736 1547 1892 1615 βραχὺ

315 1653 382 1717 τῷ
419 1647 582 1715 τελείῳ
621 1642 871 1708 συμμιγὲν,
914 1638 1075 1691 δεκτὸν
1121 1636 1309 1703 γένηται
1348 1639 1414 1704 τῷ
1455 1635 1580 1702 Θεῷ·
1635 1632 1684 1682 ἓν
1721 1629 1814 1696 γὰρ
1853 1632 1896 1679 οἱ

316 1728 487 1781 πάντες
513 1725 656 1789 ἐσμὲν
682 1726 730 1775 ἐν
760 1723 934 1791 Κυρίῳ.
977 1720 1090 1771 ὅταν
1114 1719 1288 1780 τοίνυν,
1317 1718 1456 1786 φησὶ,
1484 1714 1548 1765 σὺ
1574 1712 1658 1777 μὲν
1684 1710 1895 1777 γλώσσῃ

319 1814 488 1876 λαλῇς·
541 1813 680 1859 τοῦτο
718 1803 811 1871 γάρ
849 1805 980 1854 ἐστιν
1017 1800 1071 1852 τὸ
1111 1803 1313 1865 εὐλογεῖν
1339 1796 1573 1865 πνεύματι·
1627 1795 1652 1844 ὁ
1678 1792 1742 1857 μὴ
1767 1789 1897 1844 εἰδὼς

321 1890 346 1942 ὃ
373 1890 481 1959 φῂς,
509 1888 607 1944 πῶς
634 1890 713 1957 ἐρεῖ
735 1887 784 1937 τό
807 1884 944 1954 Ἀμὴν
971 1885 1043 1935 ἐπὶ
1072 1888 1119 1953 τῇ
1152 1878 1245 1951 ἰδία
1271 1878 1562 1949 εὐχαριστίᾳ,
1603 1874 1792 1941 δράσεις
1815 1872 1898 1936 μὲν
1916 1895 1966 1920 20

156 2007 223 2028 ver.
240 2004 289 2037 17.
321 1972 415 2040 γὰρ
438 1973 589 2037 ὀρθῶς
614 1968 765 2030 αὐτὸς,
794 1964 913 2017 κατά
937 1988 990 2030 γε
1016 1962 1099 2013 τὸν
1125 1961 1288 2013 ἐνόντα
1313 1983 1394 2011 σοι
1421 1964 1541 2020 νοῦν,
1562 1956 1692 2020 πλὴν
1717 1962 1734 2007 ὁ
1763 1954 1898 2024 ἔτερος
2016 1952 2019 1953 ⁷

324 2058 399 2106 οὐκ
440 2049 748 2118 οἰκοδομεῖται.
805 2050 877 2098 δεῖ
909 2045 957 2097 δὲ
997 2044 1053 2106 δὴ
1088 2043 1246 2095 πάντα
1282 2041 1575 2107 πράττεσθαι
1613 2037 1731 2104 πρὸς
1768 2036 1899 2099 ἡμῶν

321 2140 383 2190 εἰς
411 2132 658 2197 οἰκοδομὴν
683 2133 758 2181 καὶ
785 2134 846 2182 εἷς
873 2128 1040 2192 ὄνησιν
1066 2127 1305 2193 ἀδελφῶν.

369 2309 402 2342 3.
430 2296 505 2330 Ine.
525 2295 604 2329 ὅταν
619 2294 680 2337 μὲν
696 2293 761 2337 γάρ
779 2292 889 2336 φησιν
908 2290 957 2325 Η.
1029 2278 1147 2323 λαλεἾς
1163 2288 1206 2321 Α.
1359 2297 1392 2327 4.
1417 2286 1456 2328 τῇ
1476 2294 1546 2317 om.
1567 2281 1616 2316 H.
1690 2277 1899 2324 εἷ-φωνὴν]

322 2344 425 2389 ἀγνοῆ
443 2343 503 2385 τὴν
521 2342 585 2384 σὴν
602 2340 719 2384 φωνὴν
738 2339 786 2372 Η.
903 2345 936 2378 5.
963 2335 999 2369 ἐν
1015 2347 1085 2370 om.
1106 2334 1153 2368 H.
1274 2332 1353 2377 6-9,
1379 2331 1575 2375 ὅτι-φωνῇ
1594 2332 1774 2371 assumpta
1790 2337 1832 2359 ex
1852 2325 1900 2359 H.

326 2402 380 2424 10.
405 2390 443 2423 τὸ
463 2389 582 2422 δοκοῦν
599 2386 769 2420 ἐλλείπειν
787 2389 865 2418 ante
882 2385 921 2426 τῇ
939 2386 1005 2416 τῶν
1021 2380 1218 2425 transponit
1236 2379 1285 2412 H.
1487 2387 1540 2410 ΙΙ.
1565 2374 1665 2408 οἱονεὶ
1681 2373 1728 2407 Η.
1746 2370 1817 2406 οἷον
1834 2370 1902 2405 Ed.

328 2447 380 2469 12.
406 2436 442 2469 ἐν
464 2439 685 2477 assumptum
711 2443 752 2465 ex
781 2430 828 2464 H.
855 2430 915 2474 qui
939 2427 1165 2473 παραδέχοιτο
1191 2427 1276 2461 Θεὸς
1294 2425 1337 2459 ὡς
1354 2424 1389 2458 ἐν
1405 2424 1534 2465 ἑνότητι
1556 2419 1742 2464 πνεύματος
1763 2419 1902 2452 inverso

324 2482 445 2516 ordine
462 2480 613 2514 exhibet.
754 2487 876 2521 13—23.
903 2477 975 2509 ταῖς
990 2473 1266 2518 γὰρ-ἀδελφῶν
1284 2475 1465 2513 assumpta
1481 2480 1522 2501 ex
1542 2467 1590 2500 H.
1722 2476 1776 2509 23.
1803 2464 1902 2497 ἀδελ-

324 2526 418 2573 φῶν]
440 2527 524 2560 Post
541 2526 626 2559 haec
649 2523 776 2569 partim
794 2524 849 2565 (ut
867 2521 969 2563 solet)
986 2520 1109 2564 repetit
1133 2519 1177 2553 σὺ
1198 2518 1259 2561 μέν
1275 2517 1340 2562 γὰρ
1359 2518 1377 2549 ὁ
1394 2517 1541 2559 γλώσσῃ
1558 2515 1674 2546 λαλῶν
1690 2511 1868 2544 τουτέστιν
1884 2510 1903 2543 ὁ

325 2575 476 2618 εὐλογῶν
492 2571 652 2614 πνεύματι
678 2569 785 2613 ὀρθῶς
800 2569 908 2602 ποιεῖς
925 2566 1008 2600 κατὰ
1030 2566 1088 2598 τὸν
1105 2564 1169 2598 σὸν
1185 2566 1274 2603 νοῦν,
1293 2565 1311 2595 ὁ
1329 2563 1363 2595 δὲ
1382 2561 1495 2605 ἕτερος
1513 2560 1571 2593 οὒκ
1589 2558 1826 2602 οἰκοδομεῖται.
1853 2556 1904 2589 δεῖ

325 2621 361 2654 δὲ
379 2621 486 2654 πάντα
503 2616 712 2663 πράττεσθαι
730 2615 776 2650 εἷς
793 2614 909 2657 ὄνησιν
926 2613 980 2646 καὶ
997 2611 1175 2655 οἰκοδομὴν
1190 2613 1256 2644 τῶν
1272 2609 1432 2652 ἀδελφῶν
1453 2606 1499 2641 Η.
