1981 3267
279 136 334 175 36
682 137 733 177 Β.
767 136 1042 177 CYRILLI
1084 135 1468 178 ALEXANDR.
1656 134 1773 176 xviii.
1797 147 1863 178 22.

280 267 385 298 νους
435 243 523 308 ἤδη
576 244 681 298 τοὺς
731 245 960 311 ὑπηρέτας
1011 248 1086 297 καὶ
1140 245 1492 310 τεθαυμακότας
1547 245 1861 311 εὑρίσκοντες,

278 327 547 392 ἀγωνιῶσιν
584 329 627 378 οὶ
666 330 935 393 Φαρισαῖοι.
998 332 1137 379 τοῦτο
1175 332 1425 394 τοιγαροῦν
1462 326 1592 382 εἰδὼς
1633 328 1657 378 ὁ
1697 326 1866 392 Σωτήρ

277 410 510 479 Ἐρώτησ-όν
536 413 659 477 φησι
685 408 783 464 τοῦς
817 410 1090 470 ἀκηκοότας·
1132 407 1195 461 ἴδε
1228 409 1335 461 οὗτοι
1369 410 1518 461 ἴσασιν
1545 407 1579 460 οἳ
1613 407 1729 461 εἷπον
1757 409 1862 474 ἐγώ.

278 490 445 544 αὐτοὺς
480 489 574 557 γὰρ
609 491 806 544 ἐκείνους
831 486 939 545 τοὺς
965 491 1071 542 τότε
1094 490 1454 558 παρεστηκότας
1489 492 1626 556 ὁρῶν,
1652 489 1706 542 τό
1732 490 1866 542 Οὗτοι

278 576 442 641 φησὶν,
469 571 498 638 ἢ
533 574 716 624 κάκεῖνο
750 572 1016 637 σημαίνων,
1044 573 1115 624 ὅτι
1151 575 1226 624 καὶ
1261 574 1392 624 αὐτοὶ
1427 571 1751 636 τεθαυμάκασι
1784 576 1868 636 τῆς
1888 590 1910 629 5

277 657 388 719 ἐμῆς
428 655 738 710 διδασκαλίας
776 655 830 706 τὸ
875 655 1056 709 κάλλος
1100 659 1143 707 οἱ
1183 658 1265 720 τῆς
1305 653 1524 722 ὑμετέρας
1562 653 1869 720 ἀνοσιότητος

277 736 517 803 ὑπουργοί.

210 903 256 928 22
279 885 424 927 Ταῦτα
487 886 534 927 δε
594 887 724 928 αὐτοῦ
783 886 980 930 εἰπόντος
1038 884 1099 929 εἷς
1157 887 1441 944 ΠαρεστΗκὼο
1496 887 1582 928 τῶν
1640 887 1866 944 ὑΠΗρετών

232 976 258 1016 d
345 969 484 1010 ἔδωκε
540 970 732 1026 ῥάπισμα
789 971 850 1026 τῷ
893 972 1048 1023 ἸΗσοῦ,
1098 969 1232 1012 εἰπὼν
1282 970 1400 1024 αὐτῷ
1448 969 1598 1012 Οὕτως
1655 968 1867 1027 ἀποκρίνῃ

345 1056 408 1107 τῷ
440 1051 658 1110 ἀρχιερεῖ;
1891 1066 1939 1091 10

355 1161 741 1228 Προκεκήρυκται
791 1162 876 1226 μὲν
921 1161 997 1213 διὰ
1048 1165 1131 1227 τῆς
1182 1169 1264 1214 τοῦ
1308 1161 1558 1231 προφήτου
1603 1165 1764 1231 φωνῆς
1806 1164 1869 1215 ὡς

52 1258 107 1289 Es.
127 1257 147 1289 1.
167 1256 197 1289 6.
277 1241 505 1306 ἐσόμενον
530 1245 604 1295 ἐπὶ
631 1247 834 1313 Χριστῷ
869 1246 946 1295 καὶ
980 1249 1138 1295 τοῦτο·
1185 1251 1212 1274 “
1231 1244 1331 1295 Τὸν
1358 1244 1505 1295 νῶτόν
1530 1267 1621 1308 μου
1648 1243 1866 1306 δέδωκα,”

277 1327 442 1392 φησὶν,
473 1333 499 1355 “
524 1329 587 1379 εἷς
612 1325 853 1391 μάστιγας
879 1327 955 1376 καὶ
981 1325 1063 1379 τὰς
1089 1325 1318 1392 σιαγόνας
1344 1350 1435 1390 μου
1461 1331 1522 1380 εἷς
1547 1325 1867 1394 ῥαπίσματα.”

276 1407 541 1475 διεξάγεται
567 1405 716 1473 γεμὴν
743 1411 804 1461 εἷς
841 1407 895 1458 τὸ
929 1406 1082 1459 πάλαι
1108 1408 1599 1477 προαναφωνούμενον
1623 1407 1781 1475 πέρας,
1807 1411 1869 1461 εἰς

275 1494 419 1554 κρῖμα
462 1488 548 1553 μὲν
587 1492 669 1553 τῆς
707 1490 947 1541 Ἰουδαίων
989 1490 1271 1557 ἀλαζονείας,
1311 1494 1374 1545 εἷς
1419 1490 1658 1558 ἀναίρεσιν
1699 1489 1748 1541 δὲ
1791 1492 1867 1541 καὶ
1891 1510 1938 1549 15

275 1572 619 1641 καταστροφὴν
653 1575 736 1637 τῆς
775 1564 1086 1640 ὀφειλομένης
1121 1574 1231 1637 ἡμῖν
1257 1573 1455 1637 ἀτιμίας,
1485 1574 1672 1640 ἐπείπερ
1709 1572 1862 1639 ἡμάρ-

237 1676 416 1714 ετομεν
447 1655 496 1705 ἐν
522 1654 680 1718 Ἀδὰμ
718 1658 784 1724 τῷ
823 1654 996 1724 πρώτῳ
1034 1655 1120 1720 τὴν
1152 1655 1282 1706 θείαν
1312 1655 1611 1719 πατήσαντες
1649 1655 1863 1720 ἐντολήν.

275 1736 542 1803 ἀτιμάζεται
591 1736 684 1803 γὰρ
736 1736 851 1803 ὑπὲρ
902 1738 1047 1801 ἡμῶν,
1090 1738 1276 1804 ἐπείπερ
1318 1737 1457 1792 αὐτὸς
1501 1737 1585 1792 τὰς
1636 1738 1865 1804 ἁμαρτίας

52 1826 212 1867 1b.1iii.4.
275 1818 408 1882 ἡμῶν
440 1818 569 1886 α’ίρει,
597 1818 718 1869 κατὰ
752 1817 840 1884 τὴν
871 1825 955 1871 τοῦ
993 1819 1242 1889 προφήτου
1280 1819 1458 1889 φωνὴν,
1485 1822 1561 1871 καὶ
1595 1821 1701 1886 περὶ
1733 1819 1866 1884 ἡμῶν

274 1901 510 1952 ὀδυνᾶται.
577 1900 739 1967 ὥσπερ
791 1901 886 1968 γὰρ
937 1901 1142 1954 θανάτου
1190 1902 1334 1954 λύσιν
1385 1900 1634 1969 εἰργάζετο,
1679 1902 1866 1973 θανάτῳ
1887 1929 1936 1953 20

273 1983 513 2049 παραδοὺς
563 1984 618 2035 τὸ
669 1984 785 2035 ’ίδιον
833 1989 992 2049 σῶμα·
1052 1984 1135 2036 τὸν
1186 1985 1328 2037 αὐτὸν
1379 1984 1506 2049 οἶμαι
1557 1983 1734 2052 τρόπον
1782 1989 1866 2050 τῆς

273 2066 594 2130 ἐπηρτημένης
651 2066 761 2130 ἡμῖν
813 2066 998 2132 ἀτιμίας
1055 2066 1130 2118 διὰ
1185 2065 1272 2131 τὴν
1319 2067 1598 2133 παράβασιν
1649 2070 1724 2119 καὶ
1780 2068 1866 2132 τὴν

274 2146 536 2214 ἀρχέκακον
563 2149 811 2215 ἁμαρτίαν,
838 2148 982 2199 λύσιν
1008 2148 1101 2216 ἔχει
1127 2147 1182 2200 τό
1208 2150 1424 2218 ῥάπισμα
1454 2149 1539 2214 τὴν
1564 2151 1638 2201 ἐπὶ
1664 2153 1865 2220 Χριστῷ

273 2235 490 2295 πληροῦν
516 2231 721 2293 ἀτιμίαν.
776 2229 839 2284 εἷς
875 2230 969 2297 γὰρ
1005 2232 1030 2281 ὁ
1065 2229 1257 2283 πάντων
1282 2231 1501 2300 ἀντάξιος
1533 2232 1648 2298 ὑπὲρ
1673 2231 1865 2284 πάντων

52 2326 161 2362 1027
171 2326 257 2362 A.a
274 2311 537 2378 ἠτιμάζετο.
588 2311 719 2376 πλὴν
746 2311 866 2377 ὅλην
894 2311 951 2364 ἂν
985 2311 1113 2377 οἶμαι
1151 2314 1316 2382 φρίξαι
1353 2313 1437 2378 τὴν
1463 2314 1631 2377 κτίσιν,
1657 2313 1784 2380 ε’ίπερ
1815 2315 1864 2365 ἐν
1885 2338 1935 2377 25

273 2393 497 2457 αἰσθήσει
523 2395 722 2458 κέκλητο
757 2401 839 2445 τοῦ
874 2394 1199 2459 τολμήματος·
1243 2397 1268 2446 ὁ
1296 2395 1389 2462 γὰρ
1414 2398 1497 2460 τῆς
1521 2393 1662 2465 δόξης
1691 2397 1863 2463 Κύριος

271 2478 330 2542 τῇ
355 2480 438 2526 τοῦ
462 2475 683 2530 παιόντος
711 2478 882 2545 ἀνοσία
908 2479 1026 2545 χειρὶ
1053 2477 1333 2545 κατῃκίζετο.

340 2558 446 2608 Οὐκ
472 2559 730 2624 ἀμοιρήσαι
757 2558 906 2624 γεμὴν
927 2559 1110 2625 ἐρεύνης
1138 2558 1196 2610 ἂν
1217 2558 1343 2623 οἶμαι
1369 2565 1665 2630 φιλομαθοῦς
1685 2558 1739 2611 τὸ
1766 2561 1863 2611 ἐθε-

273 2642 423 2704 λῆσαι
448 2644 627 2704 μαθεῖν,
645 2640 749 2691 ἄνθ’
770 2640 880 2692 ὅτου
905 2640 1050 2709 τυχὸν
1067 2643 1092 2692 ὁ
1116 2639 1390 2706 πάντολμος
1417 2644 1581 2693 οὑτοσὶ
1607 2644 1682 2693 καὶ
1702 2644 1863 2692 ἀνοσι-

272 2722 440 2788 ουργὸς
466 2721 677 2789 ὑπηρέτης
715 2722 892 2789 ῥαπίζει
931 2722 1013 2774 τὸν
1048 2723 1251 2787 Ἰησοῦν,
1291 2723 1508 2789 σκληρὸν
1545 2723 1630 2787 μὲν
1668 2723 1794 2778 ὅλως
1831 2722 1933 2788 ἢ30

273 2803 512 2869 δύσοργον
547 2803 737 2856 εἰπόντα
775 2803 933 2868 μηδὲν,
961 2805 1234 2871 πραοτάτην
1261 2805 1308 2856 δὲ
1347 2806 1458 2856 λίαν
1490 2804 1576 2869 τὴν
1607 2806 1679 2874 ἐφ’
1709 2804 1861 2859 ἅπασι

322 2954 352 2988 7.
379 2944 548 2989 ὑπουργὸς
566 2944 608 2979 Ε.
770 2955 826 2990 23.
853 2945 1036 2990 ἀρχίκακον
1055 2945 1095 2979 Ε.
1254 2957 1308 2988 24.
1335 2947 1521 2990 πληροῦντι
1540 2946 1619 2992 (pro
1637 2945 1749 2990 more)
1770 2946 1810 2980 Ε.
