2012 3272
110 126 162 166 xi.
183 139 221 180 3.
369 126 438 166 IN
475 126 559 168 ΕΡ.
591 127 625 168 Ι.
664 127 745 168 AD
783 127 1170 169 CORINTHIOS.
1223 129 1338 169 LIB.
1369 129 1447 169 IV.
1607 131 1687 171 281

1757 204 1796 235 62
1814 203 1863 235 M.

108 255 227 283 στον
258 232 425 301 ἔχοντα
450 234 536 299 τὴν
562 236 700 303 τρίχα
724 233 1005 303 προσῄεσαν
1031 239 1097 304 τῷ
1123 238 1245 305 Θεῷ,
1272 239 1521 303 μονονουχὶ
1549 260 1690 287 κατοι-
1729 204 1741 244 [
1882 204 1896 245 ]

108 314 302 378 βοώσης
339 317 516 383 ἀμφοῖν
540 319 623 380 τῆς
650 316 858 384 φύσεως·
910 316 1165 383 δεδώρηται
1203 316 1296 384 γὰρ
1327 319 1460 384 ἀνδρὶ
1497 316 1581 381 μὲν
1606 317 1692 382 τὴν

108 397 390 462 παῤῥησίαν,
419 401 542 448 αἰδοῖ
576 397 623 449 δὲ
660 398 713 449 τὸ
740 398 933 463 γύναιον
966 399 1228 450 συστέλλει
1265 399 1384 465 πρὸς
1418 400 1687 462 εὐκοσμίαν.

107 477 262 541 ἐπειδὴ
302 477 349 529 δὲ
387 477 445 542 ἦν
471 479 734 531 ἀκόλουθον
760 485 1013 545 λογισμοῖς
1048 479 1215 534 αὐτοῦς
1255 482 1523 545 ἀναγκαίοις
1554 482 1687 532 ἐκδυ-

67 563 288 610 5σωπεῖν
327 560 389 613 ε’ίς
427 583 481 626 γε
519 560 573 611 τὸ
612 563 706 612 δεῖν
751 560 944 612 ἑλέσθαι
990 566 1181 629 φρονεῖν
1219 560 1249 612 ἃ
1288 561 1394 629 χρὴ,
1438 564 1513 612 καὶ
1556 562 1696 613 οἱονεί

107 662 211 690 τινα
252 641 522 706 βραβευτὴν
561 648 644 693 τοῦ
695 643 895 713 ἑκατέρῳ
943 644 1204 708 πρέποντος
1248 643 1330 694 τὸν
1375 646 1457 705 τῆς
1501 643 1691 711 φύσεως
1709 660 1862 692 Ofiiufra
1881 672 1912 701 p.

108 726 343 773 ποιεῖσθαι
378 721 541 787 νόμον,
571 729 786 791 πειρᾶται
821 725 845 774 ὁ
876 728 1071 778 Παῦλος
1106 726 1154 775 ἐκ
1190 731 1272 775 τοῦ
1306 730 1512 793 φυσικοῦ
1549 723 1693 787 νόμου
1714 706 1785 741 ²Sz'
1805 713 1841 744 ²³
1861 715 1907 744 ΒΨ

106 808 268 854 πεῖσαι
307 809 496 871 φρονεῖν
534 802 565 855 ἃ
601 805 705 873 χρὴ,
745 807 821 856 καὶ
858 806 1038 856 ἄνεισιν
1075 807 1150 857 ἐπὶ
1189 805 1275 870 τὴν
1318 808 1365 857 ἐν
1406 808 1571 872 ἀρχαῖς
1610 812 1694 856 τοῦ

108 885 358 952 ἀνθρώπου
403 887 610 950 ποίησιν.
674 886 892 956 κεφαλὴν
937 886 1099 938 ἐνθάδε
1153 891 1277 955 φησὶ
1329 886 1383 938 τὸ
1429 888 1694 955 ἀρχέτυπον

43 990 90 1015 10
108 966 301 1030 κάλλος,
341 967 394 1018 οὗ
434 968 520 1032 τὴν
557 966 711 1019 εἰκόνα
758 968 1214 1020 καταπλουτούντων
1254 968 1603 1033 ὠνομασμένων
1641 968 1688 1018 ἕ-

108 1071 287 1100 καστον
313 1051 448 1100 νοοῖτ’
471 1047 529 1100 ἂν
555 1048 754 1112 εἰκότως,
775 1052 851 1100 καὶ
878 1050 1085 1115 οὑσιώδη
1107 1073 1208 1104 πως
1234 1049 1317 1101 τὸν
1343 1053 1425 1113 τῆς
1452 1051 1693 1116 εὐγενείας,

107 1130 185 1181 εἴτ’
223 1131 304 1182 οὖν
335 1131 499 1198 ἑτέρως
538 1131 783 1200 ὁμοφυΐας,
818 1132 1243 1197 διακληρώσασθαι
1279 1131 1469 1197 τρόπον.
1528 1130 1693 1197 γέγονε

107 1211 192 1274 μὲν
223 1212 316 1278 γὰρ
357 1214 381 1263 ὁ
419 1217 606 1279 πρῶτος
639 1214 899 1279 ἄνθρωπος,
928 1213 1173 1264 τουτέστιν
1198 1213 1371 1277 Ἀδὰμ,
1401 1214 1500 1264 κατ’
1541 1213 1694 1263 εἰκόνα

108 1295 183 1343 καὶ
206 1294 433 1356 ὁμοίωσιν
454 1298 592 1345 Θεοῦ
633 1295 778 1348 οὕτως
804 1293 898 1360 γάρ
924 1317 1015 1345 που
1044 1297 1196 1362 φησὶν
1223 1296 1247 1346 ὁ
1274 1299 1368 1345 τῶν
1396 1294 1523 1345 ὅλων
1550 1297 1687 1358 δημι-

43 1395 89 1433 15
109 1374 277 1440 ουργός
303 1374 459 1426 66’Ότι
484 1377 532 1426 ἐν
551 1374 689 1426 εἰκόνι
711 1380 835 1427 Θεοῦ
862 1377 1063 1440 ἐποίησα
1085 1376 1167 1426 τὸν
1187 1376 1485 1438 ἄνθρωπον.”
1527 1376 1694 1425 οὐκοῦν
1712 1391 1795 1423 Gen.
1813 1391 1856 1422 ix.
1871 1391 1899 1422 6.

108 1454 256 1524 ἀνδρὸς
290 1460 312 1518 ἦ
349 1456 531 1527 κεφαλὴ
565 1463 582 1508 ὁ
610 1456 808 1527 Χριστός,
835 1456 1095 1524 ἀρχέτυπος
1129 1457 1213 1520 μὲν
1245 1460 1307 1511 ὡς
1340 1456 1477 1519 Θεὸς,
1503 1457 1695 1525 φύσεως

109 1537 156 1588 δὲ
193 1536 318 1608 νόμῳ
352 1542 434 1602 τῆς
469 1539 576 1589 καθ’
610 1538 732 1601 ἡμᾶς
757 1539 832 1589 καὶ
860 1539 1072 1602 ὁμοειδὴς
1098 1538 1175 1589 ὅτε
1199 1540 1408 1608 πέφηνεν
1434 1539 1695 1605 ἄνθρωπος,

110 1619 256 1670 καίτοι
295 1620 416 1673 Θεὸς
454 1618 519 1669 ῶν
559 1621 584 1670 ὁ
621 1619 791 1685 Λόγος,
832 1622 907 1670 καὶ
946 1626 1062 1685 γοῦν
1101 1619 1199 1670 υἱον
1236 1620 1400 1670 ἑαυτὸν
1444 1620 1696 1686 ἀνθρώπου

109 1701 469 1767 κατονομάζεται
493 1707 740 1768 πανταχοῦ
766 1701 915 1751 καίτοι
941 1700 1027 1765 τὴν
1047 1703 1097 1752 ἐκ
1118 1705 1242 1752 Θεοῦ
1264 1700 1453 1767 Πατρὸς
1474 1701 1696 1766 γέννησιν

41 1805 91 1830 20
109 1782 374 1849 ἀπὸῥρητον
411 1782 548 1850 ἔχων·
606 1782 771 1848 γέγονε
810 1781 980 1834 λοιπὸν
1019 1784 1118 1833 κατ’
1162 1783 1314 1834 εἰκόνα
1352 1785 1426 1834 καὶ
1469 1784 1697 1847 ὁμοίωσιν

110 1865 359 1931 ἀνθρώπου
403 1864 645 1915 τουτέστιν
682 1863 840 1926 Ἀδὰμ
879 1865 907 1928 ἡ
949 1864 1082 1930 γυνὴ,
1123 1866 1328 1933 ε”κφυλος
1374 1864 1422 1915 δὲ
1466 1866 1696 1927 οὐδαμῶς9

111 1945 323 2013 ὁμοφυὴς
349 1946 397 1997 δὲ
423 1952 613 2009 μᾶλλον
639 1949 714 1998 καὶ
742 1946 954 2011 ὁμοειδὴς
979 1948 1121 2017 αὐτῷ·
1164 1950 1240 1998 καὶ
1267 1953 1404 1998 τοῦτο
1432 1946 1570 2000 αὐτὸς
1590 1951 1696 1998 διω-

110 2027 377 2092 μολόγηκεν
408 2030 613 2094 ἐναργῶς
648 2029 673 2079 ὁ
704 2027 965 2095 προπάτωρ
994 2028 1139 2092 Ἀδὰμ
1171 2028 1334 2097 φήσας
1372 2036 1399 2058 “
1421 2034 1577 2080 Τοῦτο
1614 2034 1696 2079 νῦν
1713 2044 1815 2077 Ib.ii.
1835 2054 1886 2083 23.

112 2115 139 2138 ‘⁶
165 2109 340 2160 ὀστοῦν
365 2111 415 2160 ἐκ
446 2114 540 2161 τῶν
566 2111 725 2161 ὀστῶν
759 2132 849 2173 μου
888 2112 963 2160 καὶ
999 2109 1134 2179 σὰρξ
1166 2112 1215 2161 ἐκ
1241 2114 1323 2174 τῆς
1350 2109 1529 2175 σαρκός
1559 2111 1692 2172 μου,”

46 2204 94 2242 25
113 2191 186 2241 καὶ
211 2189 270 2241 τὰ
296 2191 417 2259 ἑξῆς.

183 2272 377 2336 Ἐπειδὴ
416 2273 471 2324 δέ
501 2295 619 2326 τινες
658 2272 854 2338 γενητὸν
893 2273 1090 2338 λέγουσι
1128 2273 1210 2323 τὸν
1238 2272 1372 2335 Υἱὸν,
1416 2275 1478 2325 ὡς
1519 2275 1593 2322 καὶ
1635 2272 1695 2322 τὰ

113 2353 258 2405 λοιπὰ
284 2356 536 2417 κτίσματα,
562 2353 640 2417 ῶν,
663 2356 827 2421 φησὶν,
850 2356 951 2405 ἐστὶ
979 2354 1165 2422 κεφαλὴ
1193 2355 1216 2404 ὁ
1237 2352 1465 2420 Χριστός·
1509 2353 1694 2422 κεφαλὴ

113 2435 207 2501 γὰρ
236 2437 403 2491 παντες
436 2433 586 2507 ἀνδρες
621 2442 639 2488 o‘
668 2435 867 2505 Χριστός·
917 2439 1262 2500 διενθυμεῖσθαι
1302 2439 1373 2486 δεῖ
1405 2437 1480 2485 καὶ
1518 2433 1611 2500 πρό
1642 2457 1696 2499 γε

161 2560 193 2593 9.
220 2549 594 2596 ἐνθάδε-ἀρχέτυπον]
615 2551 650 2585 δέ
669 2551 733 2585 ὧδε
750 2552 787 2584 τὸ
805 2551 998 2596 ἀρχέτυπον
1015 2552 1109 2596 λέγει
1128 2550 1176 2585 H.
1338 2561 1463 2595 10—13.
1484 2549 1696 2594 οῦ-Ἀδὰμ]

115 2594 154 2628 οὗ
171 2596 246 2630 καθ’
265 2597 429 2640 ὁμοίωσιν
443 2598 620 2643 ’γεγένηταί
635 2612 720 2631 τινα.
745 2597 864 2642 γέγονε
880 2599 941 2641 μὲν
957 2597 1015 2631 οῦν
1033 2600 1050 2631 ὁ
1067 2597 1175 2641 Ἀδὰμ
1196 2597 1244 2631 Η.
1428 2608 1483 2630 10.
1508 2598 1697 2630 καταπλου-

116 2641 261 2676 τοὺντων
277 2644 321 2677 A.
341 2644 425 2677 Mai.
445 2644 634 2688 legendum
652 2650 691 2677 ut
708 2644 778 2678 vid.
797 2645 1041 2678 καταπλουτεῖν
1058 2648 1135 2678 τῶν.
1292 2656 1344 2685 14.
1371 2641 1700 2686 οὕτως-ἄνθρωπον

117 2699 187 2721 om.
207 2688 256 2722 H.
395 2700 447 2734 17.
473 2691 526 2724 καὶ
543 2691 697 2734 ὁμοειδὴς
714 2702 785 2724 om.
806 2690 854 2724 H.
1000 2691 1055 2724 18.
1081 2692 1099 2723 ὁ
1117 2695 1340 2734 assumptum
1357 2701 1399 2723 ex
1417 2690 1460 2722 A.
1479 2688 1575 2722 deest
1592 2689 1628 2721 in
1649 2688 1696 2721 H.

116 2736 353 2778 γοῦν-καίτοι
371 2742 551 2781 assumpta
568 2749 609 2770 ex
632 2737 680 2770 H.
867 2748 920 2780 Π).
946 2738 1081 2781 Πατρός
1099 2748 1169 2770 om.
1191 2736 1238 2769 H.
1422 2746 1478 2769 20.
1504 2736 1624 2776 λοιπὸν
1642 2745 1697 2767 as-

118 2786 299 2824 sumptum
322 2794 364 2815 ex
384 2782 431 2816 H.
505 2782 798 2827 καὶ-τουτέστιν]
820 2785 879 2816 τοῦ
899 2783 948 2817 Η.
1139 2793 1193 2816 21.
1220 2780 1524 2826 ἕκφυλος-αὐτῷ]
1545 2780 1698 2830 ὁμοφυὴς

119 2826 171 2858 καὶ
195 2828 349 2871 ὁμοειδὴς
373 2829 461 2874 αὐτῷ
487 2829 636 2874 ἕκφυλος
659 2829 695 2863 δὲ
721 2829 872 2872 οὐδαμῶς
892 2829 939 2862 H.
992 2828 1116 2862 Statim
1143 2829 1196 2862 καὶ
1221 2831 1360 2862 τοῦτο-
1371 2828 1447 2870 ἑξῆς
1471 2839 1541 2860 om.
1564 2825 1611 2858 H.
1638 2836 1697 2869 qm

118 2870 201 2905 haec
226 2872 312 2907 οὕτω
336 2876 468 2918 κεφαλὴ
493 2877 649 2920 γυναικὸς
674 2877 691 2908 ὁ
716 2875 810 2919 ἀνὴρ,
828 2875 948 2918 ἀνδρὸς
965 2875 1000 2908 δέ
1027 2877 1044 2908 ὁ
1062 2876 1221 2919 Χριστὸς,
1247 2877 1306 2908 τοῦ
1332 2875 1368 2908 δέ
1394 2874 1544 2916 Χριστοῦ
1569 2873 1587 2903 ὁ
1614 2872 1699 2905 Θεός

118 2928 238 2951 eorum
255 2920 332 2953 loco
349 2921 499 2955 exhibet.
693 2921 794 2966 26—13.
813 2922 890 2961 282,
909 2933 942 2962 4.
967 2920 1147 2964 Ἐπειδὴ-
1157 2921 1221 2965 ἐρῶ
1240 2924 1461 2954 accesserunt
1479 2930 1518 2952 ex
1541 2917 1587 2951 H.

175 2985 264 3014 ΥΟΕ.
288 2987 354 3013 III.
883 2987 907 3014 O
929 2990 951 3015 Ο
