1981 3267
256 139 310 178 74
643 142 693 182 Β.
726 141 1006 183 CYRILLI
1048 143 1430 185 ALEXANDR.
1662 144 1748 184 xix.
1772 156 1836 186 12.

257 248 577 301 ὑπονοστοῦσι
617 251 953 318 ψευδομυθίαν,
993 253 1340 318 δημαγωγῆσαι
1376 253 1594 319 λέγοντες
1632 251 1714 303 τὸν
1743 253 1838 315 Ἰη-

256 335 388 394 σοῦν,
415 333 770 396 πλημμελῆσαί
798 356 847 384 τε
883 334 983 384 κατ’
1012 334 1154 397 αὐτῆς
1187 337 1269 399 τῆς
1302 338 1372 386 τοῦ
1408 335 1634 405 Καίσαρος
1670 335 1837 401 ἀρχῆς,

217 414 332 463 eka}
370 416 452 477 τῆς
484 414 730 478 Ῥωμαίων
770 415 1284 481 καταστρατεύσασθαι
1322 417 1587 479 βασιλείας,
1624 417 1741 467 ὅσον
1779 418 1842 469 εἷς·

255 493 450 558 δύναμιν
482 497 832 564 ἐγχειρήματος·
875 498 1085 557 βασιλέα,
1124 497 1229 564 γὰρ,
1257 500 1423 566 φησὶν,
1452 498 1598 549 anm-BV
1629 498 1835 560 ἐποίησε.

255 578 330 627 καὶ
374 577 461 643 ὅρα
501 578 555 628 τὸ
602 578 910 646 δυσμήχανόν
953 602 1002 630 τε
1043 581 1118 631 καὶ
1164 579 1519 646 δυσοργότατον
1559 583 1654 629 τῶν
1698 601 1839 629 συκο-
1861 596 1884 634 5

255 663 447 725 φαντεΐν
485 661 720 723 ἑλομένων
758 662 943 725 κίνημα.
993 666 1184 727 πρῶτον
1222 661 1308 724 μὲν
1348 661 1455 728 γὰρ,
1482 660 1602 711 κατὰ
1639 663 1720 724 τῆς
1757 665 1841 710 τοῦ

259 741 501 806 Καίσαρος
543 743 691 809 ἀρχῆς
733 746 989 809 δεδρᾶσθαι
1034 743 1088 794 τὸ
1134 742 1357 807 τόλμημα
1401 743 1674 794 διετείνοντο
1714 765 1842 803 παμ-

255 824 409 890 ψηφεῖ
439 827 642 884 βοῶντες
679 828 720 875 οἱ
754 827 965 877 δείλαιοι.
1018 826 1130 876 ἀλλ’
1160 828 1222 880 ὡς
1257 827 1310 876 οὐ
1345 826 1540 893 σφόδρα
1576 823 1836 889 κατηγωνί-·

32 908 188 994 ξΐξῖειδὸ.
255 904 401 970 ζοντο,
437 904 521 968 τὴν
560 907 726 957 ἑαυτοῦ
763 908 1018 968 βασιλείαν
1058 909 1140 958 οὐκ
1178 908 1382 972 ἐπίγειον
1421 905 1533 957 εἶναι
1571 906 1842 975 φάσκοντος

254 992 337 1037 τοῦ
379 990 609 1052 Χριστοῦ,
645 989 792 1039 καίτοι
835 988 918 1043 τάς
949 991 1197 1053 Ῥωμαίων
1235 988 1373 1053 τιμάς
1412 991 1712 1040 διεκδικοῦντι
1753 990 1844 1037 Πι·
1865 1015 1914 1040 10

33 1067 386 1137 1053Α.ειλάτῳ
425 1068 510 1133 τὴν
549 1073 611 1123 εἷς
650 1068 763 1121 αὐτὸ
802 1069 856 1122 τὸ
896 1076 1017 1122 θεῖον
1056 1072 1289 1138 ἁμαρτίαν
1325 1070 1585 1137 εἰσήγαγον
1623 1069 1843 1136 λέγοντες

256 1156 282 1178 “
310 1149 427 1200 Υἱὸν
478 1155 603 1202 Θεοῦ
654 1151 819 1204 ἑαυτὸν
870 1154 1134 1217 ε’ποιήσεν,”
1201 1151 1349 1221 ᾤοντο
1407 1152 1499 1219 γὰρ
1552 1156 1591 1203 οἱ
1645 1151 1844 1205 τάλανες·

255 1231 503 1296 ἀκονήσειν
547 1234 622 1284 διὰ
667 1235 835 1285 τούτου
885 1239 960 1285 καὶ
1008 1237 1094 1302 οὐχ
1139 1236 1305 1285 ἑκόντα
1349 1233 1565 1286 Πιλάτον
1608 1237 1669 1287 εἷς
1714 1231 1844 1283 ἀδιοί-

256 1337 413 1379 κριτον
440 1315 601 1381 ὀργὴν,
629 1316 975 1380 εὐτολμότατον
1003 1317 1050 1367 δὲ
1077 1316 1400 1380 καταστήσειν
1423 1320 1484 1370 εἷς
1509 1315 1562 1368 τὸ
1594 1316 1843 1382 καθορίσαι

255 1402 337 1447 τοῦ
389 1400 609 1463 Σωτῆρος
660 1398 742 1449 τὸν
784 1397 999 1459 θάνατον,
1041 1402 1124 1463 τῆς
1169 1402 1231 1453 εἷς
1273 1398 1398 1450 Θεὸν
1439 1399 1677 1458 εὐσεβείας
1727 1396 1843 1464 πρό-
1867 1422 1912 1460 15

255 1501 436 1546 σχημα,
467 1479 553 1543 τὴν
593 1484 656 1534 εἷς
693 1486 831 1531 τοῦτο
872 1482 1058 1546 κίνησιν
1096 1479 1436 1546 ποιησάμενον·
1492 1481 1602 1531 ἀλλ’
1632 1482 1694 1534 ὡς
1733 1477 1845 1544 ἀνή-

255 1584 393 1611 νυτον
427 1562 582 1615 αὐτοῖς
620 1560 673 1613 τὸ
713 1563 1032 1629 κακουργηθὲν
1068 1564 1381 1625 ἀπεδείκνυτο,
1407 1563 1556 1615 πάλιν
1587 1564 1660 1614 ε’πῖ
1700 1560 1754 1612 τὸ
1792 1561 1850 1630 ἐξ

253 1644 402 1709 ἀρχῆς
447 1643 699 1695 ἀναθέουσι
745 1644 939 1710 θράσος,
985 1645 1104 1696 κατὰ
1149 1648 1232 1708 τῆς
1278 1651 1361 1696 τοῦ
1406 1644 1653 1710 Καίσαρος
1697 1645 1845 1710 ἀρχῆς

254 1728 579 1789 τετολμῆσθαι
606 1726 824 1792 λέγοντες
851 1727 909 1777 τὰ
936 1726 1266 1794 ἐγχειρήματα,
1292 1729 1367 1777 καὶ
1399 1730 1482 1790 τῆς
1509 1727 1677 1777 ἐκείνου
1705 1729 1846 1776 καθο-

209 1806 509 1872 ὒπλίζεσθαι
553 1807 695 1876 δόξης
745 1808 828 1859 τὸν
874 1809 1104 1873 δικαστὴν
1149 1810 1315 1873 ἀνέδην
1359 1811 1653 1870 ἐπιβοῶντες,
1696 1810 1732 1857 εἰ
1780 1805 1844 1870 μὴ
1865 1833 1914 1858 20

256 1888 481 1948 βούλοιτο
508 1891 745 1941 διεκδικεῖν
772 1893 844 1941 καὶ
881 1895 938 1958 τῇ
973 1891 1223 1958 πρεπούσῃ
1261 1894 1591 1941 καθυποθεῖναι
1625 1890 1728 1958 δίκῃ
1764 1887 1846 1939 τὸν

257 1970 561 2037 ἀντειρηκότα
605 1974 798 2042 Καίσαρι
841 1974 938 2024 κατ’
978 1972 1159 2036 αὐτοὺς,
1199 1973 1274 2024 διὰ
1315 1977 1399 2023 τοῦ
1444 1974 1519 2023 καὶ
1565 1972 1688 2025 ὅλως
1734 1970 1840 2021 ἀνέ-

256 2057 427 2120 χεσθαι
466 2059 634 2115 λαβεῖν
664 2060 747 2105 τοῦ
785 2054 1026 2117 βασιλέως
1065 2054 1150 2119 τὴν
1186 2058 1374 2119 κλῆσιν,
1408 2055 1558 2105 καίτοι
1596 2059 1680 2105 τοῦ
1721 2054 1841 2104 Καί-

255 2158 404 2202 σαρος
446 2137 499 2187 οὐ
545 2136 629 2201 τὴν
667 2136 943 2204 ἐπουράνιον
982 2140 1316 2191 διεκδικοῦντος
1361 2136 1526 2204 ἀρχὴν,
1569 2136 1622 2200 ἧς
1669 2135 1725 2199 δὴ
1772 2136 1847 2185 καὶ

254 2218 472 2281 μάλιστα
497 2217 711 2285 Χριστὸς
740 2218 796 2284 ἧν
823 2218 1073 2284 δεσπότης,
1101 2219 1232 2270 ἀλλὰ
1257 2218 1344 2283 τὴν
1370 2218 1497 2270 κάτω
1524 2221 1598 2269 καὶ
1630 2217 1845 2284 ἐπίγειον,
1867 2240 1915 2279 25

33 2298 170 2381 griffi-5,
255 2299 285 2363 ἣ
327 2302 403 2351 καὶ
441 2304 523 2365 τῆς
564 2301 783 2370 ἐξουσίας
827 2302 1001 2368 ἤρτητο
1040 2307 1123 2352 τοῦ
1165 2305 1400 2367 Χριστοῦ.
1470 2302 1524 2351 δι’
1568 2301 1709 2351 αὑτοῦ
1753 2300 1846 2368 γὰρ

36 2388 84 2418 1⁶·
218 2388 475 2442 οβασιλεῖς
513 2383 846 2446 βασιλεύουσι,
886 2382 1006 2434 κατὰ
1044 2383 1098 2434 τὸ
1138 2383 1480 2449 γεγραμμένον,
1515 2384 1590 2433 καὶ
1629 2383 1848 2449 τύραννοι

258 2465 312 2514 δι’
368 2466 509 2515 αὐτοῦ
565 2470 793 2530 κρατοῦσι
850 2467 951 2529 γῆς.
1034 2467 1456 2530 ἀθυρογλωττοῦσι
1508 2470 1756 2530 τοιγαροῦν
1805 2469 1847 2516 οἱ

257 2544 448 2597 πάντων
483 2545 745 2611 ἀνθρώπων
780 2545 1106 2608 ἀνοσιώτατοι,
1134 2548 1208 2596 καὶ
1247 2545 1332 2609 τὴν
1363 2551 1446 2596 τοῦ
1483 2548 1702 2611 Σωτῆρος
1742 2549 1842 2597 δια-

259 2627 462 2694 σύρουσι
497 2627 642 2696 δόξαν
673 2630 722 2678 ἐκ
757 2630 947 2690 πολλῆς
981 2627 1104 2693 ἄγαν
1130 2626 1421 2695 ἀφιλοθεῖας,
1450 2626 1517 2680 οἷς
1552 2629 1626 2677 καὶ
1662 2628 1848 2682 δικαίως
1867 2642 1917 2677 30

36 2695 179 2782 {S4‚l”'l¹’
261 2711 285 2760 ὁ
311 2709 536 2775 μακάριος
561 2708 812 2778 προφήτης
836 2707 1049 2762 Ἠσαίας
1075 2707 1352 2773 ἐπιπλήττει
1379 2708 1533 2775 λέγων
1559 2716 1586 2739 “
1606 2710 1767 2773 ιΥμεΐς
1799 2709 1848 2761 δὲ

310 2912 340 2946 7.
367 2902 537 2947 παμψηφὶ
558 2901 596 2935 Ε.
873 2912 925 2934 12.
951 2900 1113 2935 τάλαντες
1133 2900 1173 2934 E.
1451 2913 1502 2942 14.
1530 2899 1785 2942 εὗτολμώτατον
1803 2899 1845 2933 Ε.

263 2960 317 2984 22.
345 2949 551 2993 ἀντηρηκότα
572 2948 611 2981 Ε.
