2012 3272
513 140 749 183 CONTRA
792 139 1254 183 SYNOUSIASTAS.
1593 143 1676 181 489

847 299 918 351 ιδ’.

172 419 329 470 Αὐτοῦ
378 423 630 485 τοιγαροῦν
661 423 745 469 τοῦ
791 417 984 470 πάντων
1027 418 1160 482 ήμῶν
1199 421 1420 485 Σωτῆρος
1459 421 1678 483 Χριστοῦ

88 504 508 570 πληροφοροῦντος
557 500 664 554 τοὺς
717 499 1033 562 ἀποστόλους,
1072 502 1135 554 ὡς
1177 501 1228 550 ἐκ
1272 504 1445 566 νεκρῶν
1490 500 1676 562 ἀνεβίω,

88 581 248 649 σάρκα
285 606 333 634 τε
366 584 441 633 καὶ
480 581 629 637 πόδας
668 585 743 633 καὶ
780 588 936 650 χεῖρας
963 582 1096 650 ἔχων,
1124 581 1380 636 διειπόντος
1414 605 1463 633 τε
1502 587 1676 651 σαφῶς

47 684 69 722 5
88 664 159 715 ὅτι
181 663 246 728 μὴ
272 663 456 728 πνεῦμά
489 666 606 728 ἐστι,
632 669 733 718 πῶς
766 662 824 715 ἂν
858 663 1115 715 ἐνδοιάσειέ
1143 687 1212 718 τις
1248 666 1309 718 ὡς
1336 665 1390 714 οὐ
1416 663 1677 727 μετέβαλεν

87 747 115 810 ἡ
146 745 280 815 σὰρξ
304 750 366 800 εἷς
406 745 556 815 φύσιν
594 745 826 811 θεότητος,
863 748 967 797 οὔτε
1005 745 1099 812 πρὸ
1138 751 1221 796 τοῦ
1258 746 1411 809 τιμίου
1449 751 1673 811 σταυροῦ·

86 830 229 894 σαρκὶ
253 827 347 895 γὰρ
372 828 603 879 πέπονθεν
629 828 762 879 ἑκών·
815 829 918 879 οὔτε
945 827 1040 892 μὴν
1067 826 1142 878 ὅτε
1167 827 1389 892 πατήσας
1415 826 1498 878 τὸν
1524 827 1671 878 θοίνα-

85 932 168 961 τον
192 910 435 977 τριήμερος
460 911 646 973 ἀνεβίω,
674 908 815 980 ὤφθη
843 933 891 962 τε
918 911 1064 965 οὕτως
1089 915 1184 964 τοῖς
1211 912 1376 961 ἑαυτοῦ
1402 913 1633 975 μαθηταῖς
1659 932 1670 972 ;

883 1061 894 1080 r

846 1087 911 1115 ιε.

20 1201 67 1226 10
159 1182 245 1236 Τίς
282 1186 377 1233 τῶν
415 1183 563 1249 ἁγίων
599 1186 860 1252 προφητῶν
897 1182 957 1234 τὰ
995 1183 1143 1237 οὕτως
1181 1182 1375 1250 σκληρὰ
1414 1185 1490 1233 καὶ
1529 1181 1668 1233 δυσέ-

85 1267 231 1330 φικτα
256 1265 331 1314 καὶ
357 1263 577 1331 ἀμήχανα
609 1263 1026 1333 προαναφωνήσας
1065 1265 1229 1330 ὁρᾶται
1250 1286 1262 1326 ;
1306 1266 1375 1318 τίς
1405 1268 1500 1315 τῶν
1526 1265 1675 1329 ἁγίων

85 1345 375 1396 ἀποστόλων
412 1344 442 1410 ἢ
489 1347 844 1412 εὐαγγελιστῶν
881 1345 988 1400 τοῦς
1037 1346 1146 1412 περί
1180 1368 1235 1411 γε
1289 1345 1468 1397 τούτων
1519 1346 1676 1399 αὐτοῖς

85 1426 341 1491 ἐποιήσατο
367 1426 573 1492 λόγους;
614 1428 760 1481 οὐδεὶς
785 1432 1045 1480 παντελῶς.
1094 1427 1493 1494 αἷσχυνέσθωσαν
1519 1427 1676 1478 τοίνυν

86 1507 144 1559 τὰ
183 1508 324 1560 αἀπὸ
364 1510 555 1575 καρδίας
593 1510 747 1560 αὐτῶν
774 1514 1032 1562 λαλοῦντες
1065 1511 1141 1559 καὶ
1180 1510 1263 1559 οὐκ
1302 1508 1396 1560 ἀπὸ
1435 1508 1674 1571 στόματος
1693 1526 1787 1557 Hier.
1804 1526 1894 1558 xxiii.

19 1608 66 1647 15
86 1595 112 1618 ‘⁶
141 1591 318 1655 Κυρίου
334 1590 360 1606 ”
388 1589 510 1641 καθὰ
537 1590 814 1656 γέγραπται.
866 1591 996 1654 ἡμεῖς
1021 1589 1114 1657 γὰρ
1141 1589 1208 1645 οἷς
1234 1589 1486 1656 ὀρθότητος
1512 1590 1670 1654 με’λει,
1696 1569 1746 1600 16.

84 1672 160 1722 καὶ
197 1670 272 1722 διὰ
303 1673 516 1736 σπουδῆς
547 1671 743 1723 τέθειται
774 1675 976 1736 πολλῆς,
1000 1671 1055 1722 τὸ
1080 1677 1182 1726 ταῖς
1208 1676 1303 1722 τῶν
1330 1672 1479 1738 ἁγίων
1509 1671 1668 1722 Πατέ-

83 1775 179 1819 ρων
223 1753 502 1808 εὐθυεπείαις
545 1754 814 1819 ἐπείγεσθαι
864 1757 1244 1816 κατακολουθεῖν,
1289 1754 1343 1804 οὐ
1386 1758 1487 1807 ταῖς
1536 1758 1675 1804 τινῶν

84 1835 450 1901 ἀθυροστομίαις
512 1837 589 1886 καὶ
649 1835 893 1889 ἀσυνέτοις
960 1834 1266 1904 κενοφωνίαις
1322 1835 1671 1901 προσκείμενοι,

85 1916 392 1984 φρονήσομεν
431 1923 458 1947 “
477 1917 587 1984 παρ’
616 1915 641 1968 ὅ
673 1920 745 1969 δεῖ
772 1915 1004 1986 φρονεῖν,”
1043 1918 1154 1967 ἀλλ’
1183 1915 1290 1967 εὐθὺ
1328 1918 1411 1980 τῆς
1450 1917 1674 1981 ἀληθείας
1692 1941 1787 1972 Rom,
1802 1940 1894 1981 2153,

18 2026 67 2051 20
86 1996 230 2053 ἰόντες
253 2004 511 2067 πανταχοῦ,
537 2001 613 2050 καὶ
647 2003 741 2050 τῶν
768 2003 903 2066 ἱερῶν
929 1997 1224 2065 γραμμάτων
1249 1998 1506 2062 ἐπίμεστον
1532 1998 1670 2066 ε”χον-

84 2103 158 2134 τες
183 2078 265 2131 τὸν
291 2086 413 2144 νοῦν,
440 2083 515 2131 καὶ
541 2081 831 2149 ἐψυχῶσθαί
860 2084 1017 2148 φαμεν
1043 2082 1180 2148 ψυχῇ
1216 2084 1353 2148 νοερᾷ
1383 2085 1466 2130 τοῦ
1495 2080 1675 2144 Κυρίου

83 2160 169 2225 τὴν
193 2159 351 2228 σάρκα
376 2164 452 2212 καὶ
477 2163 760 2227 πιστεύομεν
785 2161 929 2226 αὐτὴν
956 2162 1084 2212 θείαν
1108 2160 1193 2225 μὲν
1220 2158 1332 2211 εἶναι
1364 2163 1440 2211 καὶ
1466 2160 1667 2225 ἀμώμη-

83 2265 166 2294 τον
204 2244 279 2294 καῖ
315 2243 680 2312 δεδοξασμένην,
708 2245 783 2294 καὶ
821 2242 940 2309 πρός
977 2265 1031 2309 γε
1065 2241 1216 2311 τούτῳ
1251 2240 1478 2307 ζωοποιόν
1513 2265 1561 2293 τε
1598 2245 1673 2293 καὶ

85 2323 381 2390 ἁγιαστικὴν,
409 2323 489 2376 ἅτε
521 2324 577 2390 δὴ
604 2327 679 2376 καὶ
712 2326 833 2376 ἰδίαν
859 2323 1115 2390 γενομένην
1141 2328 1224 2374 τοῦ
1250 2325 1298 2374 ἐκ
1326 2327 1452 2374 Θεοῦ
1481 2321 1674 2389 Πατρὸς

18 2431 65 2469 25
84 2405 218 2461 ὄντος
257 2406 417 2471 Λόγου
455 2408 531 2457 καὶ
576 2407 662 2474 οὐχ
703 2407 861 2472 ἑτέρου
898 2405 1022 2459 τινὸς
1059 2403 1169 2471 παρ’
1211 2406 1353 2456 αὐτοῦ
1393 2408 1511 2455 Υὶοῦ
1550 2403 1673 2455 καθὰ

84 2492 274 2556 φρονεῖν
312 2487 449 2556 ἔδοξ-ἐ’
481 2511 620 2552 τισιν,
656 2489 710 2540 οὑ
747 2488 840 2553 μὴν
883 2487 946 2539 ε”τι
987 2488 1063 2538 καὶ
1095 2491 1382 2551 μεταβαλεῖν
1420 2490 1483 2540 εἰς
1522 2486 1673 2553 φύσιν

84 2569 301 2635 θεότητος
340 2570 752 2634 διαβεβαιούμεθα.

1202 2677 1219 2699 λ

133 2719 165 2742 2.
191 2710 250 2742 τοῦ
267 2708 370 2742 αὐτοῦ
386 2708 423 2742 ἐκ
440 2710 500 2743 τοῦ
517 2707 620 2742 αὐτοῦ
636 2709 744 2752 λόγου
762 2707 832 2742 b.c.
1015 2716 1049 2754 5.
1075 2707 1264 2751 μετέβαλεν
1281 2707 1315 2742 b.
1480 2717 1532 2740 10.
1559 2706 1594 2739 ἐκ
1612 2709 1671 2739 τοῦ

84 2754 187 2788 αὐτοῦ
204 2756 310 2800 λόγου
327 2754 396 2790 b.c.
569 2766 581 2788 1
593 2767 621 2789 1.
646 2754 751 2799 ἁγίων
768 2766 838 2789 om.
857 2765 887 2790 c.
1062 2764 1116 2800 15.
1141 2756 1236 2797 μέλει
1254 2753 1447 2788 emendavi.
1465 2752 1583 2796 μέλλει
1602 2752 1670 2785 b.c.

89 2800 143 2836 16.
169 2799 303 2846 τέθηται
321 2812 352 2836 c.
499 2808 552 2846 17.
578 2799 792 2847 ἐπείγεσθαι]
817 2805 854 2842 -f-
876 2801 930 2835 καὶ
947 2813 976 2836 c.
1127 2812 1180 2846 19.
1206 2801 1246 2844 δὴ
1265 2812 1294 2835 C.
1439 2810 1494 2843 23.
1521 2801 1620 2832 τοῦτο
1638 2809 1669 2832 c.

144 3005 236 3034 voL.
260 3008 318 3035 111.
839 3006 862 3047 3
886 3006 911 3032 R
