2012 3272
88 178 157 205 xx.
179 176 246 214 24,
266 173 330 217 25.
394 162 469 216 IN
507 162 548 203 S.
579 160 916 202 JOANNEM.
970 159 1095 200 LIB.
1120 159 1224 199 XII.
1278 159 1414 200 CAP.
1441 159 1477 199 I.
1599 159 1676 198 141

88 270 332 335 μασμεῆκον
371 273 433 324 εἰς
478 271 656 332 πίστιν,
699 269 727 335 ἢ
774 267 1098 321 διακωλύουσί
1135 291 1263 322 τινας
1311 270 1386 319 καὶ
1432 271 1515 332 τῆς
1555 268 1681 320 θείας

88 353 279 421 χάριτος
304 353 596 422 ἐξείργουσιν
621 351 687 403 ε”τι
722 353 852 403 οὔπω
888 352 1000 404 τέως
1034 349 1290 417 γεγονότας
1324 350 1499 419 ἀξίους·
1540 348 1569 414 ὴ
1606 351 1681 399 καὶ

90 439 196 489 καθ’
227 438 382 504 ἕτερον
407 436 584 504 τρόπον
609 438 788 506 ἀφιᾶσί
822 459 872 487 τε
911 438 986 487 καὶ
1026 441 1282 503 κρατοῦσιν
1309 435 1553 501 ἁμαρτίας,
1580 435 1678 484 ε’πι-

89 525 312 583 τιμῶντες
362 519 448 583 μὲν
494 518 821 585 ἁμαρτάνουσι
867 523 962 571 τοῖς
1013 521 1096 582 τῆς
1139 517 1436 581 Ἐκκλησίας
1486 517 1679 579 τέκνοις,

47 619 69 658 5
90 607 373 666 μετανοοῦσι
400 601 448 653 δὲ
479 601 907 669 συγγινώσκοντες,
932 599 1146 667 καθάπερ
1182 599 1346 665 ἀμέλει
1381 601 1456 651 καὶ
1486 603 1681 651 Παῦλος

1330 689 1356 711 ⁶⁶
1383 685 1444 735 Εἷς
1483 680 1682 747 ὄλεθρον
1748 686 1896 719 ICor.v‚

90 683 174 735 τὸν
210 686 258 734 ἐν
293 684 510 784 Κορίνθὲο
549 683 881 750 πορνεύσαντα
918 684 1170 750 παρεδίδου
1208 681 1294 746 μὲν
1747 739 1763 770 5

91 769 225 830 “τῆς
252 789 447 833 σαρκος,
475 766 550 816 ἵνα
576 766 630 817 τὸ
656 771 839 829 πνεῦμα
866 766 1050 833 σωθῇ,”
1092 765 1318 831 προσίετο
1353 763 1403 814 δὲ
1435 764 1579 825 αὖθις,
1605 763 1681 813 ἵνα

89 847 155 912 μὴ
183 855 209 877 “
228 872 285 916 τη
321 871 643 917 περισσοτερα
683 847 811 915 λυπῃ
851 848 1138 915 καταποθῇ,”
1168 845 1378 912 καθάπερ
1414 845 1553 898 αυτὸς
1584 846 1681 896 ἐπι-
1745 851 1899 882 20οΥ·ῑῑ·

90 930 313 982 στέλλων
339 931 479 1001 φησί.
530 930 605 982 ὅτε
644 930 801 981 τοίνυν
834 929 888 981 τὸ
925 934 1120 994 Πνεῦμα
1143 933 1361 995 Χριστοῦ
1400 950 1597 993 γεγονος
1634 901 1909 978 e’va17102A.

22 1036 72 1062 10
91 1013 200 1077 ἡμῖν
226 1012 285 1064 τὰ
314 1011 442 1083 μόνῳ
470 1017 578 1083 Θεῷ
610 1013 853 1079 πρέποντα
887 1016 1078 1078 πληροῖ,
1105 1016 1206 1065 πῶς
1245 1011 1328 1061 οὐκ
1364 1010 1421 1061 ἂν
1456 1010 1524 1075 ε’ίη
1564 1008 1684 1060 κατὰ

92 1093 242 1164 φύσιν
269 1094 404 1158 Θεὸς,
431 1095 485 1146 τὸ
516 1098 600 1159 τῆς
633 1095 758 1148 θείας
794 1094 986 1162 φύσεως
1013 1092 1237 1160 λαμπρὸν
1265 1093 1452 1162 ἀξίωμα
1482 1093 1681 1159 περικεί-

91 1200 233 1242 μενον
257 1181 485 1246 φυσικῶς,
513 1180 590 1229 καὶ
615 1181 710 1229 τῶν
737 1180 871 1244 ἱερῶν
897 1175 1265 1245 κατεξουσιάζον
1292 1175 1480 1239 νόμων,

95 1361 255 1410 Θωμᾶς
299 1360 345 1402 δὲ
382 1356 443 1401 εἷς
486 1360 534 1401 ἐκ
578 1359 664 1402 τῶν
707 1359 893 1412 δώδεκα,
938 1361 960 1403 ὃ
1006 1361 1236 1410 λεΓόμενοο
1280 1359 1468 1411 δίδυμος,
1510 1358 1586 1400 οὐκ
1632 1355 1682 1400 ἧν
1705 1376 1753 1411 24

160 1444 244 1494 μετ’
289 1444 431 1486 αὐτῶν
472 1445 544 1486 ὅτε
582 1441 710 1486 ιῗιλθεν
748 1444 771 1486 ὃ
804 1444 987 1487 ’1Ησοῡο.
1037 1443 1185 1492 ἕλει-ον
1219 1441 1293 1485 οὖν
1331 1444 1449 1497 αὐτῷ
1480 1440 1519 1484 οἷ
1557 1442 1683 1483 ἄλλοι
1705 1458 1754 1497 25

27 1544 74 1584 15
161 1527 349 1577 μαθΗταί
385 1527 673 1584 Ἑωράκαμεν
718 1528 792 1570 τὸν
844 1527 1010 1585 Κύριον,
1069 1529 1091 1570 ὁ
1132 1527 1178 1569 δὲ
1228 1523 1347 1569 εἶπεν
1391 1524 1535 1568 αὐτοῖς
1572 1525 1730 1575 Ἐὰνὶ)

160 1611 216 1661 μή
259 1608 339 1652 ἴδω
371 1610 415 1652 ὲν
448 1608 542 1653 ταῖς
575 1610 716 1668 χερσὶν
751 1611 880 1653 αὐτοῦ
910 1611 984 1654 τὸν
1017 1611 1152 1653 τύπον
1187 1611 1270 1653 τῶν
1303 1612 1421 1652 ἥλων
1458 1609 1527 1651 καὶ
1563 1610 1681 1660 βάλω

161 1694 236 1738 τὸν
276 1693 488 1738 δάκτυλόν
527 1709 606 1744 μου
650 1692 710 1736 εἷς
753 1694 827 1737 τὸν
866 1695 1000 1737 τύπον
1043 1694 1130 1736 τῶν
1170 1695 1291 1736 ἥλων
1332 1693 1400 1734 καὶ
1445 1693 1566 1744 βάλω
1603 1691 1683 1735 τήν

161 1776 280 1836 χεῖρά
320 1793 399 1828 μου
438 1776 499 1819 εἰς
535 1777 613 1820 τήν
651 1779 841 1835 Πλευράν
881 1779 1025 1830 αὐτοῦ,
1064 1779 1111 1819 οὐ
1150 1777 1206 1828 μιῖι
1246 1778 1478 1819 Πιστεύσω.

169 1892 246 1943 Τὰ
280 1893 518 1961 ὑπερφερῆ
557 1896 651 1943 τῶν
686 1889 938 1956 θαυμάτων
974 1891 1048 1942 ἀεί
1081 1914 1181 1944 πως
1223 1890 1316 1959 ε”χει
1356 1889 1688 1957 παρεπομένην

25 1999 76 2024 20
95 1973 181 2040 τὴν
207 1976 447 2038 ἀπιστίαν,
473 1977 550 2026 καὶ
575 1973 691 2041 ὅπερ
730 1972 787 2025 ἂν
825 1978 919 2025 τῶν
945 1972 1194 2041 δρωμένων
1219 1972 1302 2024 τὸν
1335 1977 1418 2023 τοῦ
1456 1971 1687 2036 καθήκον-

95 2079 175 2111 τος
215 2056 471 2124 ὑπερτρέχῃ
499 2055 647 2123 λόγον
673 2057 726 2107 οὐ
757 2057 868 2107 λίαν
893 2057 996 2107 ἐστὶ
1023 2060 1118 2109 τοῖς
1145 2054 1454 2121 ἀκροωμένοις
1483 2052 1686 2120 εὐπρόσ-
1706 2081 1729 2108 0

97 2141 275 2212 δεκτον·
338 2141 552 2190 δυσωπεῖ
585 2137 640 2189 δέ
676 2162 730 2204 γε
769 2137 909 2201 μόλις
943 2138 970 2202 ἡ
1010 2138 1094 2189 θέα
1124 2137 1242 2203 πρὸς
1277 2142 1429 2199 τοῦτο,
1475 2134 1687 2200 καθάπερ

98 2220 156 2289 ἐξ
190 2219 398 2286 ἀνάγκης
430 2222 507 2271 καὶ
541 2222 648 2282 βίας
679 2220 891 2271 ἕλκουσα
916 2218 1035 2285 πρὸς
1062 2220 1349 2270 συναίνεσιν.
1391 2215 1605 2269 τοιοῦτόν
1643 2239 1687 2267 τι

96 2301 344 2356 πεπονθὼς
384 2304 461 2354 καὶ
502 2304 527 2353 ὁ
565 2302 850 2370 σοφώτατος
889 2305 1081 2364 Θωμᾶς,
1121 2302 1194 2352 ἐπὶ
1240 2304 1299 2368 τῇ
1343 2305 1426 2351 τοῦ
1468 2302 1689 2365 Σωτῆρος

30 2407 78 2446 25
99 2384 230 2449 ἡμῶν
256 2384 516 2436 ἀναστάσει
549 2384 634 2449 τὴν
660 2389 755 2436 τῶν
781 2384 951 2450 ἑτέρων
977 2387 1202 2448 μαθητῶν
1233 2384 1390 2447 ἀληθῆ
1427 2381 1689 2448 μαρτυρίαν

99 2467 296 2535 εὐχερῶς
335 2468 388 2518 οὐ
425 2468 687 2533 προσιέται,
723 2466 870 2518 καίτοι
908 2471 991 2517 τοῦ
1030 2464 1149 2517 κατὰ
1176 2463 1393 2516 Μωυσέα
1432 2461 1690 2516 διειπόντος

101 2547 260 2611 νόμου,
290 2548 373 2600 δύο
404 2551 480 2600 καὶ
514 2554 656 2616 τριῶν
682 2550 756 2600 ἐπὶ
790 2548 1029 2612 στόματος
1065 2547 1317 2614 μαρτύρων
1345 2544 1473 2598 ἅπαν
1502 2543 1686 2609 σταθή-
1751 2547 1868 2632 3?qu

100 2653 234 2681 σεται
272 2632 411 2698 ῥῆμα.
463 2634 591 2682 δοκεῖ
625 2630 679 2682 δέ
711 2653 790 2694 μοι
831 2635 1023 2695 μᾶλλον
1057 2630 1110 2680 οὐ
1151 2633 1382 2681 τοσοῦτον
1421 2629 1736 2691 ἀπιστῆσαιό.

101 2715 196 2766 τοῖς
240 2713 491 2779 εἰρημένοις
531 2714 556 2764 ὁ
596 2711 824 2777 μαθητὴς,
870 2711 988 2763 ὅσον
1029 2714 1112 2776 τῆς
1152 2709 1307 2776 λύπης
1352 2708 1525 2761 ἐλάσαι
1570 2708 1690 2775 πρὸς

154 2885 183 2909 1.
210 2873 281 2920 και]
308 2880 339 2914 -Ι-
364 2875 418 2910 διὰ
436 2875 517 2920 (sic)
535 2888 569 2921 p.
691 2875 723 2909 6.
751 2875 835 2910 Non
852 2874 988 2909 addunt
1005 2876 1051 2909 τῶ
1070 2887 1201 2918 σατανᾳ
1218 2884 1252 2918 p.
1273 2871 1381 2906 Cord.
1492 2883 1526 2916 9.
1551 2870 1692 2915 γεγονὸς

104 2919 147 2955 E.
166 2921 300 2965 Migne.
317 2922 455 2968 γέγονεν
472 2935 507 2968 p.
524 2923 673 2968 γεγονὼς
689 2910 1095 2956 Aub.12.Hic
1114 2920 1186 2955 des.
1204 2918 1346 2965 χρήσεις
1364 2922 1430 2953 τῶν
1448 2917 1530 2951 κατὰ
1549 2917 1688 2951 ἶωάννου

104 2966 141 3001 in
158 2979 192 3012 p.
209 2968 270 3003 fol.
289 2969 366 3005 106.
513 2969 566 3004 16.
592 2968 675 3014 τῶν]
695 2969 753 3004 τὸν
771 2968 813 3004 Ε.
