2012 3272
130 165 348 219 11.17sqq.
458 164 526 204 IN
563 164 905 205 EPISTOLAM
941 164 1024 204 AD
1060 164 1393 206 HEBRAEOS.
1632 169 1716 207 397

1788 247 1819 268 ιι
1860 238 1909 268 Μ.

128 275 310 328 πάντας
344 274 463 338 ἡμᾶς
498 273 752 339 ἠλευθέρου
778 275 854 324 καὶ
880 272 1084 324 θανάτου
1118 276 1194 325 καὶ
1230 275 1460 341 ἁμαρτίας
1498 277 1573 325 καὶ
1611 298 1712 326 πει·
1751 236 1765 277 [
1826 250 1843 277 4
1924 238 1938 278 ]

128 359 343 421 ρασμῶν.
394 356 559 405 οὐκοῦν
584 354 845 419 βεβοήθηκε
877 358 966 410 τοῖς
992 356 1316 426 πειραζομένοις
1352 355 1414 409 εἷς
1449 356 1563 421 ὑπὲρ
1588 357 1712 407 πάν-

129 459 223 486 των
267 436 532 498 ἀποθανὼν,
577 437 602 486 ὁ
645 435 808 499 πάσης
850 438 934 499 τῆς
983 437 1180 490 κτίσεως
1224 438 1488 506 ἀξιώτερος,
1528 445 1554 466 “
1575 438 1629 488 ἵν’
1673 442 1716 488 οἰ
1739 458 1839 488 mor.
1858 469 1887 489 v.

131 525 157 548 ‘⁶
184 517 348 584 ζῶντες
390 517 551 581 μηκέτι
593 520 770 570 ἑαυτοῖς
809 517 953 583 ζῶσιν
988 517 1120 568 ἀλλά
1160 520 1227 588 τῷ
1268 520 1382 585 ὑπὲρ
1418 520 1571 569 αὐτῶν
1595 522 1712 570 ἀπο·
1739 508 1787 539 15'

87 611 109 648 5
132 606 157 628 ‘⁶
183 598 371 650 θανόντι
409 601 484 650 καὶ
523 600 802 665 ἐγερθέντι.”

196 680 311 731 ΓΌτι
369 679 463 747 γὰρ
514 681 673 746 ἁγίους
731 681 854 744 ἡμᾶς
910 682 1156 732 ἀποτελῶν
1207 684 1351 747 σαρκὶ
1407 682 1640 734 πέπονθεν
1691 685 1716 734 ὁ

130 761 358 826 Χριστὸς,
397 761 764 829 πληροφορήσει
808 762 965 828 λέγων
1004 763 1028 812 ὁ
1074 762 1330 817 θεσπέσιος
1373 767 1569 818 Παῦλος
1620 770 1716 818 τοῖς

129 845 186 912 ἐξ
208 845 354 895 ἐθνῶν
380 867 429 894 τε
463 846 538 894 καὶ
564 844 805 894 Ἰουδαίων
832 851 859 873 “
881 846 976 894 Καὶ
1013 845 1130 907 ὑμᾶς
1163 868 1279 895 ποτε
1314 844 1453 899 ὄντας
1489 847 1713 910 ἀπηλλο-
1736 867 1803 897 001.
1821 868 1841 899 i.
1860 876 1922 898 21..

131 932 158 954 “
184 925 461 992 τριωμένους
511 927 588 976 καὶ
638 925 832 993 ἐχθροὺς
872 928 931 993 τῇ
977 926 1155 994 διανοίᾳ
1196 928 1245 977 ἐν
1286 932 1382 980 τοῖς
1426 927 1580 992 ε”ργοις
1622 932 1718 982 τοῖς
1739 920 1789 950 ²3-

64 1034 111 1058 10
131 1013 158 1036 ‘⁶
183 1012 422 1072 πονηροῖς,
454 1009 552 1057 νυνὶ
586 1006 635 1057 δὲ
670 1006 1068 1075 ἀποκατήλλαξεν
1094 1010 1142 1058 ἐν
1169 1010 1234 1076 τῷ
1268 1008 1456 1071 σώματι
1489 1012 1571 1072 τῆς
1597 1032 1719 1075 σαρ-

132 1095 159 1116 “
185 1088 264 1142 κὸς
291 1090 433 1139 αὑτοῦ
465 1088 541 1138 διὰ
576 1094 659 1139 τοῦ
685 1087 906 1149 θανάτου,
934 1092 1247 1154 παραστῆσαι
1287 1092 1405 1152 ὑμᾶς
1443 1091 1604 1156 ἁγίους
1642 1094 1718 1142 καί

131 1177 159 1199 “
187 1169 408 1233 ἀμώμους
446 1172 521 1221 καὶ
561 1169 878 1235 ἀνεγκλήτους
912 1171 1201 1221 κατενώπιον
1233 1173 1392 1234 αὑτοῦ,
1419 1172 1462 1223 εἴ
1481 1195 1535 1237 γε
1563 1172 1720 1236 ἐπιμέ-

132 1258 159 1280 “
185 1274 283 1302 νετε
317 1253 376 1318 τῇ
410 1252 569 1302 πίστει
606 1252 992 1315 τεθεμελιωμένοι
1031 1254 1106 1303 καὶ
1140 1253 1313 1318 ἑδραῖοι
1353 1256 1430 1304 καὶ
1469 1254 1533 1318 μὴ
1571 1278 1713 1317 μετα-

132 1340 160 1362 “
186 1332 443 1395 κινούμενοι
469 1332 563 1383 ἀπὸ
589 1336 672 1396 τῆς
697 1334 887 1386 ἐλπίδος
922 1339 1005 1383 τοῦ
1041 1334 1319 1398 εὐαγγελίου
1355 1335 1409 1385 οῦ
1443 1335 1717 1399 ἠκούσατε.”

65 1443 79 1467 ι
90 1441 111 1478 5
132 1414 292 1481 σοφὸν
344 1415 425 1465 οῦν
468 1414 559 1480 ἄρα
610 1419 705 1467 τοῖς
755 1413 1054 1477 κεκλημένοις
1104 1419 1168 1468 εἰς
1216 1417 1386 1467 ἐλπίδα
1434 1420 1594 1482 ζῶσαν
1644 1420 1719 1468 καὶ

131 1497 367 1561 μένουσαν
410 1499 551 1547 εἰπεῖν
585 1495 715 1547 ’Όθεν
762 1493 957 1564 ἀδελφοὶ
1006 1498 1206 1557 κλήσεως
1247 1498 1490 1566 ἐπουρανίου
1538 1497 1716 1567 μέτοχοι
1737 1524 1918 1565 Cap.iii.1.

134 1580 440 1639 κατανοήσατε
472 1578 539 1629 τον
570 1579 820 1629 α’πέστολον
856 1582 934 1628 καὶ
968 1577 1176 1647 α’ρχιερέα
1206 1578 1280 1638 τῆς
1317 1582 1565 1648 ὁμολογίας
1602 1579 1718 1649 ἡμῶν

131 1662 287 1720 Ἰησοῦν
321 1659 476 1711 πιστον
510 1660 611 1711 ὄντα
649 1658 710 1728 τῷ
748 1660 981 1720 ποιήσαντι
1021 1661 1148 1711 αὐτον
1180 1659 1301 1711 καθα
1341 1664 1417 1712 καὶ
1455 1661 1648 1722 Mam-25
1682 1662 1721 1713 ἐν
1739 1686 1853 1711 vena.

131 1747 190 1810 τῷ
212 1742 313 1811 οἴκῳ
334 1743 476 1792 αὐτοῦ.
519 1740 771 1809 ἐπουράνιον
791 1739 839 1791 δὲ
860 1743 936 1791 καὶ
960 1739 1094 1804 μάλα
1115 1740 1301 1795 εἰκότως
1322 1743 1534 1809 ὀνομάζει
1559 1743 1722 1804 κλῆσιν

63 1847 112 1872 20
133 1821 218 1886 τὴν
253 1821 328 1873 διὰ
352 1826 585 1888 Χριστοῦ·
627 1826 854 1890 χαριεῖται
891 1821 985 1888 γὰρ
1025 1823 1049 1872 ὁ
1085 1827 1180 1874 τῶν
1214 1822 1341 1874 ὅλων
1368 1823 1490 1878 Θεὸς
1528 1829 1625 1879 τοῖς
1664 1827 1719 1876 δι’

133 1904 275 1954 αὐτοῦ
320 1903 630 1968 κεκλημένοις,
670 1904 724 1954 οὐ
763 1902 1034 1970 πρόσκαιρα
1076 1907 1152 1954 καὶ
1196 1905 1463 1971 εὑμοίραντα
1507 1908 1583 1957 καὶ
1627 1906 1723 1957 ὅσα

132 1989 228 2038 τοῖς
254 1985 570 2053 ἀρχαιοτεροις
591 1986 615 2036 ὁ
642 1983 717 2035 διὰ
740 1986 988 2039 Μωυσέως
1014 1986 1166 2037 ἐδίδου
1189 1985 1344 2050 νόμος,
1362 1988 1473 2038 ἀλλ’
1502 1988 1598 2039 ὅσα
1624 1994 1721 2043 τοῖς

132 2064 269 2135 ἅπαξ
288 2067 560 2136 ἠξιωμένοις
592 2069 714 2118 ἑλεῖν
739 2070 802 2121 εἰς
836 2067 1111 2133 μακραίωνα
1145 2068 1252 2128 βιόν
1278 2070 1619 2120 συνεκτείνεται
1646 2073 1722 2121 καὶ

133 2146 472 2212 ἀναπόβλητον
498 2149 589 2216 ἔχει
624 2146 710 2212 τὴν
740 2151 924 2212 κτῆσιν.
977 2150 1384 2215 κεχρηματίκαμεν
1421 2149 1471 2200 δὲ
1504 2153 1582 2201 καὶ
1618 2152 1715 2202 ἑτέ-

66 2247 113 2286 25
132 2251 226 2295 ρως
265 2229 547 2296 ἐπουράνιοι,
585 2234 803 2296 Χριστοῦ
841 2230 1160 2296 πρωτεύοντος
1199 2233 1274 2281 καὶ
1310 2232 1420 2282 ὁδοῦ
1461 2234 1536 2282 καὶ
1575 2232 1719 2299 θύρας

134 2311 242 2374 ἡμῖν
280 2312 544 2377 γεγονότος.
616 2313 691 2362 καὶ
736 2317 852 2377 γοῦν
897 2312 921 2361 ὁ
968 2310 1163 2365 Παῦλός
1209 2316 1334 2380 φησι
1376 2319 1402 2342 “
1425 2315 1519 2364 Καὶ
1564 2312 1719 2368 καθὼς
1741 2334 1913 2366 monxv.

135 2398 161 2422 ‘⁶
187 2392 484 2460 ἐφορέσαμεν
528 2392 614 2457 τὴν
657 2391 810 2444 εἰκόνα
855 2398 938 2444 τοῦ
982 2398 1145 2460 χοϊκοῦ
1189 2394 1470 2462 φορέσωμεν
1514 2397 1590 2446 καὶ
1632 2395 1718 2460 τὴν
1735 2388 1788 2419 49·

135 2480 162 2503 ‘⁶
186 2472 340 2524 εἰκόνα
366 2480 449 2525 τοῦ
479 2475 798 2541 ἐπουρανίου,”
829 2476 903 2525 καὶ
935 2474 1084 2526 πάλιν
1110 2481 1137 2504 “
1162 2475 1226 2525 ‘O
1253 2480 1439 2542 πρῶτος
1471 2477 1718 2543 ἄνθρωπος
1737 2501 1788 2533 Ib.
1805 2506 1858 2542 47,
1875 2501 1928 2539 48.

136 2561 162 2584 “
187 2556 236 2605 ἐκ
261 2558 347 2621 γῆς
371 2554 544 2623 χοϊκὸς,
578 2557 602 2606 ὁ
629 2555 839 2623 δεύτερος
868 2556 925 2624 ἐξ
956 2557 1167 2621 οὐρανοῦ.
1221 2555 1315 2611 οἷος
1353 2558 1378 2608 ὁ
1417 2557 1587 2625 χοϊκὸς,
1615 2581 1716 2610 τοι-

66 2653 116 2690 30
136 2642 163 2666 ‘⁶
189 2642 315 2687 οῦτοι
343 2639 418 2687 καὶ
453 2641 495 2687 οἱ
528 2639 690 2704 χοϊκοῖ,
717 2641 792 2688 καὶ
831 2637 924 2691 οἶος
958 2638 983 2687 ὁ
1022 2637 1306 2704 ἐπουράνιος,
1332 2646 1532 2690 τοιοῦτοι
1572 2642 1647 2691 καὶ
1677 2644 1720 2691 οἱ

136 2725 163 2747 “
188 2718 491 2784 ἐπουράνιοι.”
562 2718 822 2783 γεγόναμεν
870 2720 1026 2770 τοίνυν
1079 2719 1357 2786 ἐπουράνιοι,
1407 2723 1721 2791 μορφούμεθα

136 2798 228 2865 γὰρ
267 2803 328 2853 εἰς
363 2798 580 2866 Χριστὸν
613 2798 688 2850 διὰ
725 2801 1011 2864 Πνεύματος,
1042 2800 1092 2854 ὅς
1131 2803 1261 2852 ἐστιν
1296 2802 1353 2871 ἐξ
1386 2804 1600 2868 οὐρανοῦ·
1644 2802 1720 2852 διὰ

676 2954 730 2990 27.
757 2947 964 2991 φορέσωμεν
980 2946 1120 2982 exhibet
1139 2958 1168 2981 c.
