2017 3252
308 134 394 174 548
749 135 798 175 B.
830 134 1076 176 CYRILLI
1105 136 1450 179 ALEXANDR.

396 241 674 293 σπουδάσμασι
706 241 783 283 κατ’
808 242 995 293 ἀλλήλων
1024 243 1324 295 προσφέρονται,
1357 245 1463 285 ἀλλὰ
1484 244 1637 284 θειόθεν
1663 243 1775 296 μέρος
1807 244 1896 286 ἑκά-

393 327 506 362 τερον
527 309 705 363 νυγέντες
732 310 825 362 πρὸς
845 311 932 352 τοὺς
953 312 993 350 ἐν
1013 311 1250 367 παλαιστίνῃ
1274 312 1406 364 ἁγίους
1425 312 1555 363 ἥκασι,
1579 313 1640 353 καὶ
1660 313 1807 355 τούτοις
1827 315 1895 355 τὰς

394 377 622 428 ζητουμένας
652 379 809 420 πεύσεις
839 377 1108 430 προσήγαγον.
1148 379 1258 429 ἡμεῖς
1290 381 1332 419 δὲ
1362 379 1432 430 τὴν
1464 381 1610 420 ἑαυτῶν
1635 379 1897 432 μετρήσαντες

392 446 553 496 δύναμιν
584 447 789 497 ἐκρίναμεν
818 445 870 496 μὴ
907 448 988 485 δεῖν
1017 446 1116 496 ἡμᾶς
1153 446 1291 489 αὐτοὺς
1325 448 1413 499 περὶ
1443 448 1588 488 τούτων
1618 449 1768 499 ὁρίζειν,
1800 446 1896 498 μήτε

389 513 464 564 μὴν
487 515 620 555 ἱκανῶς
647 513 755 566 ἔχειν
776 512 842 554 τὸν
862 513 949 563 περὶ
974 517 1052 554 τῶν
1073 514 1259 555 τοιούτων
1282 514 1497 565 ἐξετάσεων
1519 516 1729 556 ἀποδοῦναι
1752 515 1891 567 λόγον.

390 582 583 631 μαθόντες
613 582 744 622 τοίνυν
765 583 801 621 οἳ
822 580 1087 632 προειρημένοι
1112 583 1331 633 παῤῥησίαν
1351 582 1447 634 πρὸς
1477 583 1548 632 τὴν
1569 583 1644 633 σὴν
1664 583 1761 634 ἡμᾶς
1792 582 1899 636 ἔχειν

393 649 590 699 ὁσιότητα,
626 649 913 700 ἐξελιπάρησαν
945 651 1006 689 διὰ
1040 652 1107 700 τῆς
1141 650 1249 700 ἡμῶν
1282 651 1526 704 βραχύτητος
1560 650 1678 702 πέρας
1713 650 1895 700 δέξασθαι

392 719 459 767 τῆς
497 716 592 769 πρὸς
631 716 831 768 ἀλλήλους
861 716 989 770 μάχης
1024 717 1092 757 τὸν
1133 720 1199 768 τῆς
1238 717 1425 770 ὑμετέρας
1469 719 1718 760 διδασκαλίας
1757 718 1896 771 λόγον.

393 784 708 826 συναινεσάντων
738 785 807 826 οὖν
837 789 912 826 τῶν
943 784 1028 825 καθ’
1061 786 1160 835 ἡμᾶς
1190 787 1313 839 ἁγίων
1350 786 1541 838 πατέρων,
1574 785 1791 836 αὐθαίρετοι
1827 785 1897 836 τὴν

392 851 642 904 παράκλησιν
662 851 884 904 ἐδεξάμεθα,
909 855 1059 895 ἑαυτοῖς
1082 856 1236 904 μᾶλλον
1255 853 1278 904 ἢ
1300 854 1461 896 ἐκείνοις
1484 854 1731 907 χαριζόμενοι
1751 854 1803 908 τῷ
1826 853 1888 894 καὶ

394 921 519 961 αὐτῶν
539 924 614 960 τῶν
635 921 770 974 ὄψεων
790 924 1013 962 ἀπολαῦσαι
1044 922 1105 962 καὶ
1130 922 1291 973 παρόντι
1323 924 1663 974 συνευφρανθῆναι
1694 920 1757 961 καὶ
1786 922 1894 976 λόγῳ

396 989 504 1038 ζῶντι
527 989 589 1029 καὶ
609 990 653 1029 οὐ
674 989 868 1041 γράμματι
890 988 937 1029 δι’
961 988 1100 1041 ἑτέρων
1120 989 1350 1044 πεμπομένῳ
1372 990 1434 1030 καὶ
1454 989 1578 1030 πλέον
1599 989 1668 1040 τὴν
1691 989 1897 1040 ἐπιθυμίαν

394 1055 610 1106 ἐξάπτοντι.
651 1056 880 1108 ἡρπάσαμεν
901 1058 1032 1097 τοίνυν
1053 1056 1122 1107 τὴν
1143 1058 1277 1110 ἄφιξιν
1305 1057 1349 1098 οὐ
1375 1058 1536 1110 μετρίως
1562 1059 1762 1111 χαίροντες
1789 1058 1893 1100 ὅπως

395 1124 457 1164 καὶ
489 1123 534 1164 δι’
568 1125 674 1175 ἡμῶν
708 1129 782 1165 τῶν
817 1125 1055 1177 ἐλαχίστων,
1088 1123 1136 1174 ἣν
1167 1126 1241 1176 μὲν
1274 1125 1370 1177 πρὸς
1402 1124 1601 1175 ἀλλήλους
1636 1129 1894 1177 συγκροτοῦσι

395 1194 636 1232 καταθῶνται
667 1192 809 1245 μάχην,
848 1195 911 1233 διὰ
942 1194 984 1232 δὲ
1015 1195 1080 1243 τῆς
1110 1194 1356 1245 ὑγιαινούσης
1386 1209 1458 1233 σου
1490 1193 1740 1235 διδασκαλίας
1776 1194 1800 1244 ἡ
1831 1196 1898 1234 τοῦ

393 1262 567 1309 Χριστοῦ
604 1259 734 1312 εἰρήνη
771 1260 899 1302 αὐτοῖς
938 1276 980 1301 τε
1021 1260 1082 1300 καὶ
1113 1261 1206 1311 ἡμῖν
1241 1261 1290 1303 ὡς
1324 1260 1491 1314 τάχιστα
1525 1261 1780 1313 βραβευθείη·
1828 1260 1894 1302 εἴτ’

394 1327 586 1368 ἀπιόντων
615 1328 721 1378 ἡμῶν
752 1330 813 1368 διὰ
844 1329 967 1380 φίλην
996 1329 1179 1382 ἡσυχίαν,
1213 1331 1291 1370 ε’ίτε
1320 1331 1521 1380 μενόντων
1552 1330 1614 1370 διὰ
1643 1329 1713 1379 τὴν
1743 1329 1898 1382 ἀγάπην

397 1395 458 1435 καὶ
490 1396 750 1448 συγκρότησιν
778 1396 839 1436 καὶ
870 1396 941 1447 τὴν
972 1398 1012 1437 ἐκ
1042 1397 1187 1437 τούτων
1217 1397 1415 1449 προκοπὴν
1446 1396 1510 1437 καὶ
1539 1398 1587 1437 τὰ
1616 1397 1899 1449 γραφησόμενα

396 1464 630 1515 πεμπόντων
679 1464 961 1516 εὐκαιρότερον.
1019 1463 1106 1504 ἀλλ’
1144 1464 1273 1517 αὐτὸς,
1313 1464 1432 1518 πάτερ
1483 1465 1686 1517 ἁγιώτατε,
1730 1465 1900 1517 γνησίως

395 1532 493 1583 ἡμᾶς
525 1533 621 1583 ὁρᾶν
652 1532 704 1583 μὴ
737 1535 938 1583 παραιτοῦ,
962 1531 1107 1584 πατρὸς
1136 1532 1351 1586 σπλάγχνα
1385 1533 1445 1573 καὶ
1479 1534 1533 1575 εἷς
1559 1533 1657 1584 ἡμᾶς
1684 1533 1897 1582 διασώζων.

396 1601 482 1640 οὔτε
512 1602 585 1652 γὰρ
619 1600 668 1642 ὡς
701 1600 806 1650 οἶμαι
839 1601 902 1641 καὶ
936 1602 1151 1653 ἀπολογίας
1182 1600 1386 1652 δεήσομεν,
1418 1602 1635 1653 παῤῥησίας
1665 1601 1900 1654 μετέχοντες

393 1670 491 1719 μετὰ
511 1669 638 1710 αἰδοῦς
659 1670 720 1708 διὰ
742 1671 848 1709 Θεοῦ
872 1668 988 1722 χάριν
1010 1669 1072 1709 καὶ
1099 1668 1169 1720 τὴν
1190 1670 1264 1720 σὴν
1284 1671 1543 1722 χρηστότητα,
1566 1668 1614 1720 ἢν
1636 1669 1698 1709 καὶ
1725 1674 1900 1709 πλατυν-

396 1739 506 1787 θῆναι
535 1737 626 1787 ἡμῖν
647 1737 775 1779 αὐτοῖς
807 1738 1020 1789 ἶσοῤῥόπως
1051 1739 1116 1787 τῆς
1144 1736 1331 1789 ἡμετέρας
1360 1739 1614 1790 γνησιότητος
1645 1738 1899 1788 ἀπαιτοῦμεν,

395 1804 457 1844 καὶ
489 1807 601 1844 τοῦτο
629 1806 725 1854 μετὰ
756 1805 1031 1856 σωφροσύνης.
1079 1805 1177 1845 οὕτω
1207 1806 1283 1857 γὰρ
1314 1807 1351 1857 γ’
1374 1804 1421 1845 ἂν
1444 1804 1597 1857 γένοιτο
1623 1805 1684 1845 καὶ
1704 1805 1801 1855 ἡμᾶς
1821 1808 1900 1845 τῶν

396 1873 616 1923 ἀμοιβαίων
638 1872 731 1914 τέως
762 1877 973 1925 τυγχάνειν
995 1873 1057 1913 καὶ
1086 1873 1155 1923 τὴν
1177 1873 1253 1923 σὴν
1276 1875 1457 1924 ὁσιότητα
1478 1874 1539 1914 καὶ
1570 1876 1624 1916 εἰς
1653 1875 1752 1925 ἡμᾶς
1773 1875 1820 1914 τὰ
1842 1875 1897 1915 εἶ-

396 1941 489 1980 κότα
519 1939 765 1992 πράττουσαν
786 1940 1060 1992 εὐγνωμονεῖν,
1082 1940 1130 1991 ἣν
1155 1941 1276 1981 πλέον
1307 1943 1327 1981 ὁ
1359 1946 1434 1982 τῶν
1464 1942 1569 1982 ὅλων
1589 1941 1723 1993 Σωτὴρ
1754 1942 1896 1982 ἀποδέ-

397 2013 505 2059 ξηται
538 2009 599 2048 καὶ
631 2010 683 2050 εἰς
711 2009 810 2059 ἡμᾶς
840 2009 927 2051 τοὺς
955 2009 1187 2062 ἐλαχίστους
1218 2011 1314 2050 κατὰ
1344 2010 1415 2060 τὴν
1445 2010 1561 2050 αὐτοῦ
1590 2011 1752 2061 μίμησιν
1783 2027 1898 2051 κατα-

397 2076 569 2129 γομένην
602 2077 646 2116 οὐ
680 2075 771 2127 βίας
804 2076 962 2132 ἀνάγκῃ,
991 2077 1080 2117 ἀλλ’
1103 2076 1254 2129 ἀγάπης
1281 2079 1506 2130 γνησιότητι
1535 2078 1596 2118 καὶ
1629 2081 1740 2117 τοῦτο
1772 2080 1898 2129 δῶρον

398 2145 498 2199 αὐτῷ
520 2144 837 2197 προσφέρουσαν.
879 2144 963 2185 ἔστι
982 2146 1022 2185 δὲ
1043 2147 1089 2185 τὰ
1111 2145 1324 2196 ζητούμενα
1343 2147 1392 2186 τὰ
1412 2145 1717 2198 ὑποτεταγμένα.

1917 522 1940 561 5

1922 868 1972 893 10

1921 1551 1971 1576 20

403 2281 481 2335 [Τὰ
514 2281 588 2331 μὲν
621 2280 818 2332 κεφάλαια
851 2280 1038 2322 ἐνέκειντο
1079 2281 1126 2336 τῇ
1162 2281 1338 2334 ἀξιώσει,
1369 2283 1461 2322 ἀλλ’
1494 2283 1557 2323 ἵνα
1591 2282 1643 2333 μὴ
1684 2281 1740 2325 ὃῖς
1776 2285 1894 2323 ταῦτα
1915 2293 1966 2329 30

455 2347 731 2402 ἐγγράψωμεν,
755 2350 1036 2400 συνεξεύξαμεν
1059 2349 1226 2390 ἕκαστον
1248 2349 1468 2403 κεφάλαιον
1488 2352 1530 2392 ἐν
1550 2351 1593 2401 τῇ
1619 2350 1832 2404 ἑρμηνείᾳ]

895 2497 909 2520 1
916 2486 947 2520 6.
972 2486 1177 2530 βραβευθεῖν
1195 2486 1309 2522 Band.
