2012 3272
70 715 91 751 5

47 1123 91 1147 10

46 1534 92 1571 15

46 1941 93 1966 20

482 141 559 180 DE
594 140 712 181 DOG
723 141 946 182 MATUM
981 142 1338 185 SOLUTIONE.

1624 149 1644 185 »Ἴ

1652 148 1673 185 <51

1680 148 1703 185 C}

735 342 1083 380 ΕΠΙΛΎΣΙΣ.

189 449 245 496 ΕΖ
284 445 369 508 μὲν
394 446 548 511 ἕτερον
582 447 656 496 καὶ
695 446 851 512 ἕτερον
886 445 1005 497 εἶναι’
1037 451 1162 515 φασι
1200 447 1253 497 τό
1284 449 1400 499 Κατ’
1430 449 1598 512 εἰκόνα,
1627 452 1701 500 καὶ

113 529 218 578 καθ’
247 528 487 592 ὁμοίωσιν,
516 527 873 579 διδασκέτωσαν
899 527 985 592 τὴν
1012 529 1261 596 διαφοράν.
1318 530 1582 593 διακείμεθα
1609 531 1701 598 γὰρ

112 610 253 673 ἡμεῖς,
281 611 343 663 ὡς
378 609 509 661 οὐδὲν
541 610 697 675 ἕτερον
720 609 774 660 τό
804 611 921 660 Κατ’
951 610 1103 660 εἰκόνα
1140 613 1290 674 δηλοῖ,
1316 611 1446 674 πλὴν
1473 612 1543 662 ὅτι
1574 614 1698 664 Καθ’

113 691 352 753 ὁμοίωσιν,
380 693 454 741 καὶ
486 692 654 754 ὁμοίως
688 691 755 752 τό,
783 692 889 741 καθ’
917 691 1158 754 ὁμοίωσιν,
1188 692 1242 743 τὸ
1269 693 1350 743 καί
1383 694 1499 743 Κατ’
1529 694 1698 744 εἰκόνα·

112 771 196 835 τὴν
231 772 287 822 δέ
320 795 374 837 γε
411 770 529 837 πρὸς
565 771 689 822 Θεὸν
728 772 957 834 ὁμοίωσιν
997 772 1229 840 ἐλάχομεν
1265 775 1314 824 ἐν
1352 774 1517 842 πρώτῃ
1560 798 1702 826 κατα-

112 857 274 920 σκευῇ,
303 854 383 904 καί
412 855 557 916 ἐσμεν
583 853 750 906 εἰκόνες
777 856 917 904 Θεοῦ.
968 853 1150 918 δεκτικὴ
1177 853 1283 919 γὰρ,
1312 857 1374 908 ὡς
1400 856 1536 924 ἔφην,
1567 856 1594 919 ἡ
1620 862 1702 906 τοῦ

112 936 362 1000 ἀνθρώπου
394 934 539 1004 φύσις
576 937 679 985 ἐστὶ
714 937 789 985 καὶ
830 934 1124 1000 ἀγαθότητος
1165 938 1241 986 καὶ
1283 936 1581 1001 δικαιοσύνης
1626 939 1702 988 καὶ

113 1017 364 1081 ἁγιασμοῦ,
393 1019 467 1067 καὶ
502 1016 587 1079 τὴν
612 1018 659 1067 ἐν
691 1017 871 1069 τούτοις
903 1018 1068 1085 ε”φεσιν
1093 1019 1574 1082 ἐγκαταβεβλημένην
1610 1018 1703 1085 ἔχει

1719 556 1738 578 a
1761 545 1843 580 372
1865 544 1916 579 A.

112 1097 241 1164 παρὰ
286 1102 427 1149 Θεοῦ.
501 1100 577 1149 καὶ
623 1104 763 1149 τοῦτο
815 1097 945 1149 ἔστιν
990 1101 1199 1150 ἐντεῦθεν
1246 1103 1370 1150 ἰδεῖν.
1429 1100 1456 1163 ἡ
1500 1099 1701 1166 ἐκτροπὴ
1719 1111 1745 1151 b

112 1180 274 1244 γε’γονε
300 1183 357 1247 τῇ
390 1179 639 1245 ἀνθρώπου
676 1179 868 1247 διανοίᾳ,
896 1180 978 1230 οὐκ
1006 1178 1099 1230 ἀπό
1131 1202 1184 1245 γε
1210 1185 1305 1230 τῶν
1330 1180 1532 1249 φαύλων
1559 1185 1622 1235 εἷς
1647 1180 1702 1231 τὸ

112 1260 306 1326 ἀγαθὸν,
333 1262 442 1310 ἀλλ’
471 1262 521 1311 ἐκ
556 1266 639 1311 τοῦ
677 1262 860 1325 ἀγαθοῦ
896 1260 1015 1325 πρὸς
1051 1259 1104 1311 τὸ
1140 1266 1344 1330 φαῦλον.
1395 1266 1584 1328 πρῶτον
1621 1262 1703 1312 οὖν

111 1345 252 1394 ἐκεῖνο
288 1346 660 1408 προϋποκεῖσθαι
695 1341 800 1408 χρὴ,
835 1340 860 1392 ὃ
895 1341 951 1405 δὴ
987 1343 1062 1392 καὶ
1098 1343 1294 1411 ἀφέντες
1334 1343 1698 1409 ε’κτετροῖμμεθα.

112 1424 183 1475 ὅτι
217 1423 312 1490 γὰρ
337 1422 576 1490 ἐνεσπάρη
611 1427 669 1490 τῇ
701 1429 784 1474 τοῦ
811 1423 1062 1489 ἀνθρώπου
1088 1427 1227 1492 ψυχῇ
1254 1426 1303 1475 ἐκ
1330 1424 1518 1490 πρώτης
1555 1447 1698 1475 κατα-

112 1508 283 1570 σκευῆς
315 1504 492 1559 παντὸς
529 1507 710 1568 ἀγαθοῦ
742 1504 905 1573 ε”φεσις
943 1527 989 1556 τε
1027 1507 1102 1555 καὶ
1138 1507 1378 1570 προθυμία
1405 1508 1480 1556 καὶ
1508 1510 1701 1571 γνῶσις,

111 1591 338 1657 σαφηνιεῖ
371 1584 527 1652 λέγων
554 1587 578 1636 ὁ
604 1585 857 1654 πάνσοφος
886 1589 1081 1639 Παῦλος
1117 1585 1320 1637 ςίΓΌταν
1357 1586 1450 1653 γὰρ
1487 1587 1596 1650 ἔθνη
1636 1584 1696 1637 τὰ

112 1677 139 1698 “
165 1668 229 1732 μὴ
252 1667 396 1731 νόμον
422 1668 591 1735 ἔχοντα
617 1667 761 1736 φύσει
787 1665 846 1718 τὰ
873 1672 957 1717 τοῦ
984 1666 1128 1730 νόμου
1154 1673 1385 1730 ποιοῦσιν,
1401 1669 1526 1719 οὗτοι
1555 1667 1699 1731 νόμον

1760 1603 1854 1632 Rom.
1869 1603 1900 1632 ii.

1764 1654 1812 1685 14,
1833 1654 1881 1685 15.

113 1757 139 1779 ‘⁶
164 1749 230 1814 μὴ
276 1750 457 1818 ἔχοντες
508 1751 686 1803 ἑαυτοῖς
736 1749 830 1799 εἶσὶ
881 1747 1035 1812 νόμος,
1077 1749 1239 1803 οἵτινες
1286 1750 1594 1800 ἐνδείκνυνται
1643 1746 1739 1799 τὸο

111 1838 140 1860 “
166 1832 303 1899 ἔργον
344 1837 426 1882 τοῦ
465 1830 609 1895 νόμου
646 1829 862 1896 γραπτὸν
900 1831 948 1880 ἐν
986 1835 1086 1884 ταῖς
1121 1831 1329 1896 καρδίαις
1359 1831 1527 1892 αὐτῶν,
1566 1853 1696 1893 συμ-

114 1919 140 1942 “
165 1912 494 1980 μαρτυρούσης
546 1913 699 1963 αὐτῶν
747 1914 830 1976 τῆς
881 1911 1236 1976 συνειδήσεως.”
1260 1977 1262 1979 ¹
1299 1916 1336 1962 εἰ
1382 1911 1430 1963 δὲ
1478 1913 1553 1963 καὶ
1604 1916 1701 1965 τοῖς

112 1995 266 2046 ε”θνεσι
292 1999 387 2048 τοῖς
415 1994 506 2062 ἔξω
533 1992 692 2057 νόμου,
719 1996 934 2060 φυσικῶς
961 1993 1115 2044 ἔνεστι
1141 1992 1194 2043 τὸ
1221 1994 1387 2044 εἰδέναι
1413 1992 1571 2056 νόμον,
1598 1993 1700 2057 ἤτοι

114 2082 197 2127 τοῦ
231 2075 485 2140 νομοθέτου
519 2074 600 2126 τὸν
639 2073 840 2125 σκοπόν·
893 2075 1041 2138 δῆλον
1067 2074 1201 2125 ἔσται
1239 2075 1385 2126 παντί
1410 2097 1476 2144 τῳ
1507 2073 1696 2137 λοιπὸν,

115 2157 186 2208 ὅτι
212 2157 364 2208 δικαία
399 2158 475 2207 καὶ
510 2155 665 2221 ἀγαθὴ
700 2154 893 2221 γέγονεν
924 2157 972 2205 ἐν
998 2156 1164 2222 ἀρχαῖς
1189 2156 1217 2219 ἡ
1244 2155 1496 2222 ἀνθρώπου
1532 2156 1697 2224 φύσις,

166 2335 196 2359 1.
222 2324 380 2360 ἐπίλυσις
398 2327 621 2369 assumptum
640 2324 672 2357 A
689 2336 762 2369 mg.
781 2324 905 2369 κεφαλ.
925 2337 950 2356 ε.
972 2323 1005 2356 D
1023 2334 1097 2367 mg.
1116 2322 1184 2356 Ed.
1339 2333 1441 2357 2—10.
1468 2322 1549 2356 citat
1569 2322 1700 2357 Catena

115 2372 150 2405 in
170 2371 427 2406 octateuchum
446 2371 481 2404 in
500 2371 679 2404 codicibus
699 2370 954 2404 Parisiensibus
975 2369 1060 2414 Reg.
1080 2370 1156 2409 128,
1175 2380 1251 2413 129,
1270 2379 1345 2413 130,
1367 2369 1403 2403 S.
1421 2369 1532 2403 Marci
1544 2369 1700 2402 Venetiis

116 2428 184 2462 534
202 2429 340 2451 necnon
357 2418 393 2451 in
412 2417 603 2462 Nicephori
621 2417 698 2451 Cat.
718 2417 784 2450 col.
802 2429 859 2458 44.
1098 2427 1129 2449 2.
1156 2416 1209 2449 καὶ
1227 2415 1341 2459 ἕτερον
1357 2416 1392 2448 in
1411 2415 1465 2449 ed.
1482 2416 1701 2449 Vulcaniana

115 2470 266 2504 exstans,
286 2476 328 2497 ex
345 2464 562 2497 Aubertiana
578 2463 666 2497 forte
684 2463 823 2497 excidit.
895 2460 978 2496 εἶναι’
994 2462 1085 2506 φασι
1103 2461 1169 2495 hoc
1187 2462 1307 2495 ordine
1327 2462 1422 2496 A.D.
1488 2462 1542 2495 καὶ
1559 2461 1635 2506 alt.]
1662 2467 1693 2500 -Ι-

116 2511 154 2544 τὸ
174 2509 251 2544 Cat.
268 2511 306 2544 τὸ
322 2522 393 2544 non
411 2510 552 2544 exhibet
569 2516 685 2543 tamen
703 2509 780 2544 cod.
801 2509 878 2542 Par.
902 2520 978 2553 130.
1122 2519 1155 2552 3.
1181 2508 1438 2542 διδασκέτωσαν
1453 2508 1514 2552 τὴν
1532 2509 1701 2552 διαφοράν

116 2556 182 2590 hoc
200 2556 322 2590 ordine
339 2557 382 2590 A.
398 2556 475 2591 Cat.
619 2566 651 2598 5.
677 2557 715 2589 τὸ
730 2554 806 2600 alt.]
827 2557 873 2600 τῷ
893 2554 959 2588 Ed.
979 2554 1258 2599 repugnantibus
1276 2555 1451 2589 omnibus.
1502 2554 1626 2588 Statim
1645 2554 1698 2587 καὶ

117 2608 341 2646 assumptum
357 2614 398 2636 ex
417 2602 461 2636 A.
633 2611 665 2646 7.
690 2602 813 2636 εἷκόνες
830 2601 922 2635 A.D.
944 2600 1020 2634 Cat.
1039 2601 1229 2644 εἷκονισμὸς
1249 2600 1315 2635 Ed.
1513 2601 1547 2634 8.
1573 2599 1697 2645 φύσις]

117 2649 304 2692 κατασκευὴ
328 2650 463 2692 μᾶλλον
489 2648 525 2682 δέ
552 2647 661 2693 φύσις
687 2647 754 2682 Ed.
782 2647 898 2681 invitis
917 2647 960 2681 A.
982 2646 1057 2681 Cat.
1130 2647 1205 2680 ἐστὶ
1234 2653 1457 2691 assumptum
1484 2658 1526 2680 ex
1552 2647 1594 2679 A.
1621 2646 1698 2681 Cat.

121 2706 174 2729 10.
193 2695 346 2729 ἐντεῦθεν
360 2695 441 2728 ἰδεῖν
454 2694 521 2728 hoc
534 2694 656 2728 ordine
669 2695 712 2728 A.
727 2693 804 2728 Cat.
848 2693 974 2727 Statim
987 2692 1006 2736 ἡ
1018 2693 1114 2727 A.D.
1127 2693 1156 2726 εἷ
1170 2692 1247 2726 Cat.
1260 2693 1313 2726 καὶ
1330 2694 1395 2737 γὰρ
1408 2692 1475 2726 Ed.
1560 2704 1571 2725 1
1584 2704 1612 2725 1.
1639 2690 1697 2736 τῇ]

121 2746 157 2781 -Ι-
179 2743 239 2774 τοῦ
257 2740 334 2775 Cat.
407 2741 466 2774 οὐκ
484 2741 528 2774 A.
548 2740 627 2774 Cat.
645 2741 698 2774 καὶ
715 2741 773 2774 οὐκ
794 2740 839 2773 D.
859 2739 925 2773 Ed.
1184 2750 1236 2783 13.
1262 2738 1615 2782 ffpofiwoxeifffflavxpr)
1632 2737 1699 2770 boc

118 2787 238 2821 ordine
256 2788 300 2821 A.
508 2786 560 2820 16.
585 2786 781 2821 ἀπόστολος
798 2798 861 2830 pro
878 2787 1060 2829 πάνσοφος
1078 2785 1120 2819 A.
1339 2794 1390 2829 17.
1416 2786 1573 2818 ποιοῦσιν
1591 2785 1634 2816 A.
1653 2783 1697 2816 cf.

118 2833 153 2866 in
173 2834 219 2866 xii
238 2832 368 2877 Proph.
394 2833 456 2877 781
478 2844 508 2865 a.
527 2835 605 2875 ποιῇ
630 2833 694 2867 Ed.
831 2844 885 2865 21.
912 2833 950 2866 τὸ
968 2831 1104 2875 εἰδέναι]
1125 2832 1165 2865 τὸ
1181 2832 1269 2865 &ium
1291 2831 1371 2875 (sic)
1391 2832 1435 2864 A,
1559 2840 1613 2863 22.
1639 2830 1699 2862 τοῦ

121 2879 302 2922 νομοθέτου
328 2880 386 2913 τὸν
413 2880 542 2913 σκόπον
564 2878 599 2911 h(
639 2878 778 2913 cordine
796 2880 840 2912 A.
858 2880 915 2912 τὸν
933 2879 1062 2913 σκοπὸν
1083 2880 1141 2912 τοῦ
1167 2877 1348 2920 νομοθέτου
1367 2876 1433 2910 Ed.
1517 2876 1555 2908 τὸ
1574 2886 1635 2919 pro
1652 2889 1698 2921 τῳ

121 2925 202 2969 (sic)
221 2925 314 2960 A.D.

855 2995 879 3030 4
903 2994 926 3019 B
953 2994 973 3021 2
