1986 3282
108 146 190 188 xix.
211 157 248 198 7.
471 147 539 188 IN
583 147 624 187 S.
660 146 999 187 ιῙΟΑΝΝΕΜ.
1064 146 1191 186 LIB.
1226 147 1330 187 XII.
1642 149 1693 195 67

106 255 391 321 ηὐλόγησεν,
432 257 534 307 ἀντὶ
580 262 663 307 τοῦ
708 254 1013 322 κατηράσατο
1059 257 1134 306 καὶ
1180 255 1554 323 δεδυσφήμηκεν,
1598 254 1734 306 εἶταίέ

106 337 323 388 τεθνάναι
365 337 726 404 προστάττεται,
771 341 847 389 καὶ
893 340 975 401 τῆς
1020 338 1216 388 ἀνοσίου
1264 337 1482 403 γλώττης
1526 337 1696 404 πικρὰς·

107 421 332 530 ἀποτῖσαι
363 420 506 484 δικας,
532 424 657 472 Θεοῦ
688 421 912 486 λέγοντος
951 422 1201 486 ἐναργῶςζ
1206 417 1571 486 ί’Ἄνθρωπος
1553 428 1603 474 ὀς
1638 418 1696 470 ἂν
1758 429 1804 458 LO
1789 440 1836 458 v·

1758 481 1911 510 xxw.15,

107 501 485 569 “καταράσηται
529 502 655 555 Θεον
702 502 934 569 ἁμαρτίαν
984 502 1208 570 λήψεται,
1251 500 1493 567 ὀνομάζων
1543 502 1591 553 δὲ
1641 501 1696 553 τὸ
1761 516 1808 546 16

65 598 87 636 5
109 589 135 613 “
162 582 310 648 ὄνομα
339 586 516 652 Κυρίου
553 584 880 636 θανατούσθω·
928 585 1080 638 λίθοις
1111 583 1582 647 λιθοβολησάτωσαν
1609 586 1691 635 αὑ-

124 667 244 720 (τὸν
278 674 414 721 πᾶσα
441 693 699 737 συναγωγη
733 670 953 736 Ἰσραήλ·
996 669 1076 721 ἐάν
1113 692 1162 721 τε
1197 668 1503 736 προσήλυτος
1540 669 1620 720 ἐάν
1650 693 1699 721 τε

109 758 137 781 “
162 751 420 819 αὐτόχθων,
473 754 522 803 ἐν
579 755 646 822 τῷ
709 752 944 816 ὀνομάσαι
1009 751 1151 803 αὑτὸν
1215 752 1268 802 τὸ
1320 751 1468 815 ὄνομα
1523 752 1700 818 Κυρίου

109 839 137 862 “
162 833 473 885 τελευτάτω.”

182 918 325 968 Ἀλλ’
355 918 471 973 ἴσως
505 942 574 973 τις
604 918 723 985 πρὸς
753 924 894 970 τοῦτο
932 918 1077 987 τυχὸν
1103 918 1349 972 ἐνδοιάσας
1387 920 1483 983 ἐρεῖ
1509 918 1576 969 Τί
1610 917 1702 984 ἄρα

42 1021 90 1046 10
111 1000 263 1068 φησὶν
288 1000 313 1050 ὁ
339 999 495 1065 νόμος,
520 1001 569 1052 τί
603 1001 659 1052 δέ
690 1024 769 1064 μοι
807 1000 1032 1061 βούλεται
1072 999 1147 1050 διὰ
1183 1000 1351 1051 τούτου
1390 1003 1602 1064 δηλοῦν,
1647 999 1701 1050 τὸ

109 1081 195 1146 μὲν
244 1082 338 1149 γὰρ
387 1082 618 1146 τεθνάναι,
662 1085 800 1151 φησὶ,
849 1082 933 1134 τὸν
980 1088 1081 1136 ταῖς
1131 1086 1195 1137 εἷς
1240 1082 1364 1134 Θεὸν
1410 1081 1702 1150 δυσφημίαις

111 1164 287 1232 ἔνοχον,
313 1166 395 1216 οὐκ
427 1163 486 1215 ἂν
524 1165 615 1234 ἔξω
655 1166 846 1234 φέροιτο
886 1171 968 1216 τοῦ
1008 1164 1197 1227 εἰκότος,
1224 1164 1368 1216 πάθοι
1408 1165 1451 1215 δ’
1492 1163 1549 1215 ἂν
1589 1164 1926 1214 αὐτὸ31048Α·

111 1249 186 1298 καὶ
225 1246 421 1315 σφόδρα
459 1248 661 1301 δικαίως.
715 1246 846 1298 ἀλλὰ
880 1248 930 1298 τί
961 1247 1134 1311 δήποτε
1173 1246 1260 1298 κᾶν
1287 1252 1349 1301 εἰς
1387 1248 1468 1298 ἕνα
1506 1269 1573 1300 τις
1609 1251 1703 1297 τῶν

111 1330 434 1396 ψευδωνύμων
460 1330 692 1413 ἐξυβρίσῃ
729 1334 861 1393 θεῶν,
888 1330 1117 1425 ἁμαρτίας
1145 1331 1227 1381 οὐκ
1255 1332 1462 1396 ἀμοιρεῖ·
1453 1372 1464 1391 a
1505 1329 1583 1380 εάν
1609 1329 1703 1395 γάρ

45 1433 93 1472 15
113 1433 195 1472 τις,
239 1413 378 1479 φησὶ,
423 1412 747 1479 καταράσηται
789 1411 928 1474 Θεον,
972 1413 1205 1478 ἁμαρτίαν
1256 1413 1478 1481 λήψεται.
1542 1435 1619 1462 και
1658 1411 1708 1462 τί

112 1493 232 1560 πρὸς
270 1493 408 1545 τοῦτό
448 1499 636 1562 φαμεν;
684 1494 915 1563 ἀσφαλὴς
955 1496 979 1545 ὁ
1022 1495 1291 1559 νομοθετης·
1346 1493 1400 1546 τὸ
1442 1517 1536 1560 γαρ
1578 1492 1705 1557 οἶμαι

114 1578 510 1643 διαλοιδορεῖσθαι
547 1581 705 1646 φιλεῖν
732 1579 807 1628 καὶ
843 1582 940 1631 τοῖς
971 1576 1091 1628 κατὰ
1128 1577 1277 1646 φύσιν
1309 1578 1392 1628 οὐκ
1428 1577 1536 1627 οὖσι
1571 1581 1706 1638 θεοῖς,

113 1658 286 1723 μελέτη
316 1680 385 1712 τις
425 1657 588 1726 ὥσπερ
627 1661 730 1710 ἐστὶ
771 1661 846 1710 καὶ
891 1660 1054 1724 τρίβος
1093 1658 1212 1726 πρὸς
1254 1658 1341 1723 τὴν
1379 1661 1451 1710 ἐπὶ
1489 1663 1556 1726 τῷ
1588 1656 1707 1708 κατὰ

115 1740 267 1808 φύσιν
306 1744 415 1792 Θεῶ
453 1741 814 1806 γλωσσαλγίαν
853 1742 974 1806 ἡμᾶς
1012 1740 1393 1808 παροτρύνουσα
1456 1739 1532 1790 διὰ
1569 1745 1707 1791 τοῦτο

46 1843 95 1867 20
117 1824 192 1872 καὶ
219 1823 273 1872 δι’
303 1823 471 1890 ἑτερων
495 1822 608 1874 αὐτο
634 1823 784 1874 πάλιν
811 1824 1021 1890 ἀπείργει
1056 1823 1212 1889 λεγων
1242 1830 1269 1852 “
1291 1822 1441 1876 Θεους
1472 1824 1526 1873 οὐ
1561 1845 1702 1873 κακο-
1768 1833 1911 1908 :133³sz

117 1904 441 1970 “λογήσεις.”
488 1904 604 1975 ᾤετο
635 1905 728 1973 γὰρ
768 1908 863 1957 δεῖν
900 1905 955 1957 τὸ
991 1908 1074 1970 τῆς
1113 1906 1332 1970 θεότητος
1367 1905 1529 1969 ὄνομα,
1557 1928 1632 1956 και
1671 1908 1709 1955 εἰ

116 1987 287 2055 ψευδὲς
325 1986 578 2056 ἐνυπάρχοι
627 1991 738 2050 τισὶ,
780 1993 880 2042 ταῖς
926 1989 1052 2057 αὐτῷ
1091 1988 1385 2054 πρεπούσαις
1424 1988 1706 2054 καταγεραί-

117 2073 287 2135 ρεσθαι
330 2069 503 2138 δόξαις.
554 2072 631 2121 καὶ
673 2069 778 2138 οὐχὶ
818 2070 1008 2124 πάντως
1046 2070 1167 2134 ἡμᾶς
1202 2074 1298 2124 τοῖς
1331 2070 1710 2134 πεπλανημένοις
1725 2084 1753 2124 b

119 2154 240 2205 θεοῖς
273 2152 520 2215 ἀπονέμειν
546 2152 650 2203 τινὰ
682 2151 822 2216 τιμὴν
848 2154 873 2203 ὁ
909 2152 1049 2216 νόμος
1084 2151 1427 2215 διεκελεύσατο,
1454 2152 1634 2203 σεπτὸν
1660 2150 1710 2202 δὲ

48 2254 98 2294 25
118 2233 337 2298 ἡγεῖσθαι
375 2232 586 2284 διδάσκει
623 2233 678 2284 τὸ
708 2236 791 2297 τῆς
824 2233 1043 2298 θεότητος
1077 2232 1227 2297 ὄνομα
1266 2235 1342 2284 καὶ
1381 2237 1418 2284 εἰ
1459 2233 1710 2284 κλέπτοιτο

118 2313 248 2380 παρά
271 2337 424 2367 τινων.

193 2394 361 2460 Νόμου
402 2402 654 2463 τοιγαροῦν
699 2397 888 2467 θανάτῳ
929 2401 1159 2461 τιμᾶσθαι
1204 2396 1588 2464 προστάττοντος
1627 2397 1710 2448 τὸν

120 2477 446 2529 ὑποπίπτοντά
482 2503 583 2534 πως
621 2484 718 2534 τοῖς
758 2481 808 2530 ἐκ
847 2480 1121 2548 δυσφημίας
1160 2479 1477 2544 ἐγκλήμασιν,
1518 2481 1704 2532 ὑποκεῖ-

119 2564 235 2611 σθαι
273 2564 332 2628 τῇ
371 2561 474 2629 δίκῃ
510 2563 636 2630 φασὶ
670 2561 752 2612 τὸν
786 2561 979 2626 Κύριον·
1024 2561 1104 2612 υἱὶν
1137 2559 1230 2628 γάρ
1257 2566 1382 2631 φησι
1417 2564 1529 2613 Θεοῦ
1565 2563 1711 2614 ἑαυτὶν

50 2670 101 2706 30
121 2642 306 2703 ε’ποῖησ-ε.
359 2642 450 2710 χρὴ
486 2641 535 2693 δὲ
564 2642 685 2706 ἡμᾶς
721 2646 1068 2706 διαμεμνῆσθαι
1101 2641 1267 2706 πάλιν,
1296 2648 1383 2694 ποῖ
1412 2641 1468 2707 δὴ
1501 2645 1577 2694 καὶ
1610 2648 1711 2697 πῶς

119 2722 174 2774 τὸ
200 2729 382 2775 τοιοῦτο
417 2724 592 2791 ε’ίρηται
627 2725 758 2791 παρὰ
784 2729 1019 2791 Χριστοῦ.
1075 2725 1242 2776 οὐκοῦν
1269 2726 1342 2776 ἐπὶ
1367 2729 1426 2793 τῇ
1460 2725 1707 2789 κολυμβή-

173 2920 227 2954 13.
253 2908 317 2954 εἷς]
337 2909 366 2943 εἶ
384 2909 428 2943 Ε.
656 2923 708 2952 14.
735 2910 821 2945 θεῶν
839 2910 881 2944 Ε.
901 2910 978 2944 θεὸν
998 2910 1063 2945 Ed.
1295 2921 1350 2944 22.
1377 2910 1559 2954 ἐνυπάρχοι
1579 2908 1619 2943 E.
1638 2908 1710 2942 ε’νυ-

122 2956 247 3001 πάρχει
265 2956 331 2989 Ed.
522 2967 577 3001 ²3·
605 2957 704 3001 δόξης
724 2957 764 2991 Ε.
837 2958 963 2992 πάντας
982 2957 1023 2992 E.
1216 2966 1269 3002 27,
1295 2958 1394 3000 νόμος
1414 2956 1455 2990 Ε.

880 3024 956 3052 K2
