2001 3257
294 117 375 155 100
693 118 744 158 Β.
778 118 1046 169 ΟΥΒΙΙΛΙΑΙ
1089 120 1468 162 ALEXANDR.
1700 122 1785 163 xix.
1805 135 1872 178 30.

290 224 472 287 αἰτίαν,
515 225 569 276 οὐ
607 224 700 291 γὰρ
725 226 918 293 μερικὴν
943 227 1036 295 ἔχει
1074 227 1159 292 τὴν
1194 229 1503 299 ἀποκάλυψιν
1540 230 1595 281 τὸ
1634 229 1873 297 σωτήριον

291 304 523 372 κήρυγμα,
561 307 849 359 τελεώτατον
893 307 943 359 δὲ
981 310 1090 373 ἡμῖν
1128 314 1223 361 τῶν
1269 313 1405 362 θείων
1449 312 1558 376 ἡμῖν
1599 312 1874 378 μυστηρίων

290 388 441 452 ἐνίησι
483 389 751 457 φωτισμόν.
819 389 890 441 διὸ
932 392 1007 441 καὶ
1049 391 1074 441 ὁ
1115 391 1328 459 ψάλλων
1366 393 1457 462 ἔφη
1496 417 1590 445 που
1631 392 1750 460 πρὸς
1789 393 1873 445 τὸν

67 480 207 512 Ρ8-1-8-
291 468 428 532 Θεὸν,
456 472 518 524 ὡς
556 473 606 521 ἐκ
643 471 907 537 προσώπου
938 478 1020 523 τοῦ
1060 473 1163 524 νέου
1194 480 1315 525 λαοῦ
1354 482 1382 503 “
1402 474 1478 526 Τὰ
1513 475 1670 540 ἄδηλα
1703 478 1780 526 καὶ
1813 475 1873 527 τὰ

289 559 317 582 “
343 551 520 619 κρύφια
560 556 641 616 τῆς
676 554 853 620 σοφίας
891 577 983 605 σου
1022 553 1270 618 ἐδήλωσάς
1308 557 1427 619 μοι,”
1459 560 1558 608 καὶ
1596 556 1690 621 μὴν
1729 559 1804 608 καὶ
1846 559 1915 618 ὁ5

288 634 542 687 θεσπέσιος
568 632 840 686 ἐπιστέλλει
869 639 1065 689 Παῦλος
1099 642 1194 691 τοῖς
1219 638 1542 689 πιστεύσασιν
1567 642 1630 692 εἰς
1656 637 1873 705 Χριστόν

63 717 170 800 ἔξω
188 717 208 749 ¹·
288 721 315 744 ‘⁶
342 717 628 783 Εὐχαριστῶ
654 720 720 786 τῷ
748 720 856 786 Θεῷ
881 741 973 780 μου
997 718 1201 769 πάντοτε
1225 721 1329 785 περὶ
1366 721 1494 783 ὑμῶν
1521 721 1593 771 ἐπὶ
1630 724 1686 788 τῇ
1717 718 1872 788 χάριτι

287 803 315 826 “
340 801 399 865 τῇ
425 797 617 866 δοθείσῃ
654 800 761 860 ὑμῖν
787 801 834 849 ἐν
860 802 1061 870 Χριστῷ
1085 799 1262 865 Ἰησοῦ,
1291 801 1362 852 ὅτι
1396 803 1444 852 ἐν
1468 804 1609 853 παντὶ
1647 803 1866 853 ἐπλουτί-

62 883 269 920 1072A·a
286 885 314 908 ‘⁴
339 884 488 943 σθητε
523 881 571 930 ἐν
597 881 735 949 αὐτῷ,
763 882 810 931 ἐν
834 883 976 932 παντὶ
1008 880 1140 952 λόγῳ
1176 884 1251 933 καὶ
1285 882 1421 952 πάσῃ
1446 885 1599 953 σοφίᾳ
1626 885 1700 934 καὶ
1734 883 1871 952 πάσῃ

534 961 558 978 >³

284 968 311 991 ‘⁶
338 961 528 1027 γνώσει.
613 961 683 1013 ὅτι
713 964 868 1014 τοίνυν
906 965 954 1014 ἐν
980 963 1116 1032 πάσῃ
1153 966 1306 1034 σοφίᾳ
1345 967 1421 1017 καὶ
1448 967 1495 1017 ἐν
1520 965 1656 1033 πάσῃ
1694 966 1870 1032 γνώσει
1894 996 1942 1021 10

283 1045 360 1094 καὶ
394 1045 442 1094 ἐν
466 1046 608 1095 παντὶ
647 1044 780 1114 λόγῳ
807 1046 1220 1110 καταπλουτήσειν
1244 1046 1448 1111 ἐῖιιελλον
1474 1051 1516 1099 οἱ
1541 1053 1624 1099 τοῦ
1652 1050 1870 1113 Σωτῆρος

282 1127 620 1191 προσκυνηταὶ,
653 1126 899 1177 ἀθόλωτον
940 1127 1121 1193 δηλαδὴ
1162 1131 1238 1179 καὶ
1274 1128 1452 1183 παντὸς
1489 1129 1736 1196 ἐλευθέραν
1773 1152 1867 1180 συ-

281 1206 582 1270 σκιάσματος
609 1207 694 1272 τὴν
720 1214 802 1259 τοῦ
829 1209 927 1259 κατ’
956 1209 1099 1260 αὐτὸν
1123 1210 1385 1276 μυστηρίου
1412 1209 1648 1278 δεχόμενοι
1674 1215 1869 1276 γνῶσιν,

280 1287 451 1352 ἐδήλου
477 1289 523 1340 τὶ
553 1290 907 1358 καταπέτασμα
933 1292 1265 1358 διεσχισμένον
1291 1293 1344 1342 οὐ
1370 1296 1583 1358 μερικῶς,
1613 1293 1725 1343 ἀλλ’
1754 1291 1870 1343 ὅλον

279 1370 335 1419 δι’
365 1369 493 1422 ὅλου.
546 1376 686 1422 τοῦτο
725 1371 818 1438 γάρ
848 1373 952 1423 ἐστι
986 1371 1040 1423 τό
1058 1371 1241 1424 ’Ἄνωθεν
1279 1372 1357 1429 ἕως
1394 1372 1533 1425 κάτω.
1587 1372 1869 1425 οἰκειότατον
1893 1394 1939 1432 15

279 1451 329 1502 δὲ
369 1454 445 1503 καὶ
479 1452 607 1504 πολὺ
647 1458 838 1516 μᾶλλον
875 1455 1273 1521 πρεπωδέστατον
1300 1459 1357 1523 τῇ
1396 1459 1491 1506 τῶν
1518 1455 1653 1506 θείων
1677 1478 1865 1519 μυστη-

278 1533 391 1599 ρίων
431 1534 737 1603 ἀποκαλύψει
784 1535 940 1603 φαμὲν
982 1534 1065 1586 τὸν
1106 1535 1281 1602 καιρὸν,
1328 1537 1436 1588 καθ’
1481 1535 1534 1587 ὃν
1576 1535 1663 1601 τὴν
1704 1536 1869 1605 ψυχὴν

233 1616 260 1658 b
281 1616 393 1683 ὑπὲρ
431 1617 565 1681 ἡμῶν
603 1617 802 1668 τέθεικεν
836 1618 860 1668 ὁ
895 1617 1076 1685 Σωτὴρ,
1106 1620 1168 1671 ὡς
1207 1618 1620 1672 ἀπολακτίσαντος
1658 1618 1747 1683 ἤδη
1785 1625 1869 1670 τοῦ

277 1697 482 1763 Ἰσραὴλ
520 1698 605 1763 τὴν
647 1699 798 1767 χάριν,
839 1702 916 1751 καὶ
960 1703 1042 1764 τῆς
1085 1704 1147 1754 εἷς
1192 1699 1318 1751 Θεὸν
1357 1699 1544 1766 ἀγάπης
1590 1700 1868 1768 ὁλοκλήρως

278 1780 691 1845 ἀποπηδήσαντος,
719 1780 795 1832 διὰ
826 1784 908 1845 τῆς
935 1785 996 1835 εἷς
1031 1780 1173 1832 αὑτὸν
1210 1782 1454 1847 παροινίας
1493 1786 1568 1833 καὶ
1595 1782 1867 1850 ἀπηχεστά-
1889 1810 1938 1834 20

276 1885 372 1913 των
396 1861 731 1927 τολμημάτων.
780 1863 1062 1917 ἐλλελοιπὸς
1089 1863 1180 1930 γὰρ
1206 1863 1339 1915 οὐδὲν
1365 1868 1461 1918 τοῖς
1487 1864 1671 1915 ἐκείνων
1696 1866 1863 1916 ἀνοσι-

276 1943 548 2010 ουργήμασι
575 1946 751 1996 κατίδοι
777 1969 846 2000 τις
871 1944 928 1996 ἂν
953 1948 1029 1996 καὶ
1054 1945 1190 2014 μέχρι
1223 1945 1429 1997 θανάτου
1460 1946 1866 2010 κατακομισθέντα

274 2026 441 2089 μαθὼν
466 2025 548 2077 τὸν
574 2029 656 2090 τῆς
682 2026 800 2093 ζωῆς
825 2027 1049 2095 χορηγόν.

350 2106 499 2172 Οἶμαι
530 2107 615 2172 μὲν
651 2110 732 2160 οὖν
758 2110 1075 2177 ἀποχρώντως
1110 2110 1219 2175 ἡμῖν
1246 2113 1460 2177 εἰρῆσθαι
1489 2111 1564 2160 καὶ
1591 2115 1759 2174 ταῦτα,
1788 2112 1865 2161 καὶ

276 2190 359 2240 οὐκ
398 2189 493 2241 ἀπὸ
524 2197 711 2242 σκοποῦ
747 2198 830 2243 τοῦ
863 2192 1125 2258 πρέποντος
1154 2191 1238 2244 τὸν
1264 2197 1358 2243 τῶν
1386 2194 1521 2244 θείων
1548 2191 1865 2258 θεωρημάτων
1886 2215 1933 2253 25

238 2285 259 2311 0
276 2272 544 2340 ἐξοίχεσθαι
571 2273 824 2339 λογισμόν·
873 2273 1028 2338 ἐπειδὴ
1056 2274 1104 2326 δὲ
1129 2274 1248 2339 μετὰ
1276 2275 1482 2340 δριμείας
1508 2273 1632 2328 τινὸς
1658 2277 1740 2338 τῆς
1767 2277 1864 2326 ε’πι-

275 2352 518 2420 τηρήσεως
546 2355 807 2420 εὑρίσκεται
841 2355 997 2422 λέγων
1030 2358 1055 2407 ὁ
1092 2357 1347 2411 θεσπέσιος
1376 2354 1739 2422 Εὐαγγελιστής
1777 2356 1863 2411 εΩς

277 2432 323 2486 δὲ
361 2434 613 2504 ἐξέπνευσεν,
653 2436 807 2506 ε’ῥροίγη
846 2439 890 2490 τὶ
936 2438 1287 2507 καταπέτασμα
1325 2440 1398 2490 τοῦ
1434 2440 1548 2489 ναοῦ·
1589 2437 1735 2502 μόνον
1768 2436 1862 2504 γὰρ

276 2518 379 2585 οὐχὶ
410 2517 492 2568 τὸν
521 2525 604 2569 τοῦ
636 2518 916 2585 πράγματος
948 2519 1108 2587 καιρὸν
1136 2520 1211 2571 διὰ
1244 2520 1423 2571 τούτων
1457 2520 1567 2584 ἡμῖν
1596 2520 1862 2585 ἀναγκαίως

275 2600 645 2663 ἐπισημαίνεται·
692 2601 804 2668 φέρε
832 2600 888 2664 δή
908 2624 952 2652 τι
978 2601 1097 2667 πρὸς
1116 2601 1182 2655 οἶς
1210 2602 1388 2669 ἔφαμεν
1407 2603 1576 2666 ἀρτίως
1602 2599 1860 2664 ἐπινοήσω-
1881 2626 1931 2661 3ο

274 2703 361 2744 μεν
386 2680 556 2746 ἕτερον,
582 2682 635 2731 οὐ
661 2682 852 2747 μετρίαν
877 2681 998 2750 ἕχον,
1024 2681 1086 2736 ὤς
1118 2705 1170 2748 γε
1197 2706 1275 2745 μοι
1302 2685 1436 2744 δοκεῖ,
1464 2681 1549 2745 τὴν
1574 2682 1622 2732 ἐν
1648 2685 1714 2751 τῷ
1741 2687 1857 2733 νοεῖ-

275 2766 391 2813 σθαι
423 2763 674 2831 κομψείαν·
728 2763 969 2814 ἁλώσεται
997 2763 1090 2829 γὰρ
1118 2765 1330 2827 οὐδαμῶς
1356 2766 1438 2827 τῆς
1469 2768 1565 2814 τῶν
1593 2764 1859 2829 ἀναγκαίων

324 2889 600 2970 2.δὴμῖνῖἡμῖν]
620 2890 851 2936 ἡμῶν-ἡμῶν
869 2892 909 2926 E.
983 2892 1059 2937 ἡμῖν
1077 2893 1134 2926 alt.
1154 2904 1222 2926 om.
1244 2892 1379 2937 Mlgne.
1621 2903 1677 2936 31.
1703 2892 1858 2937 φαίνεται

276 2948 339 2981 pro
380 2951 447 2971 οκει
501 2964 507 2972 .
