2001 3257
67 220 235 262 [14M-]

124 853 172 886 15
195 852 255 888 M.

242 2636 262 2672 5

277 155 359 195 194
494 154 546 195 B.
579 153 827 194 CYRILLI
865 154 1215 195 ALEXANDR.
1253 154 1625 195 FRAGMENTA
1725 152 1795 193 vii.
1813 161 1852 205 5.

274 261 392 313 κατά
432 284 481 312 τε
518 260 661 325 νόμου
694 262 870 315 παντὸς
897 264 1089 312 καὶτῶν
1124 261 1211 313 ὑπὸ
1248 260 1404 326 νόμον·
1457 260 1610 314 ἅπασι
1643 258 1725 324 μὲν
1760 258 1854 325 γὰρ

273 349 369 397 τοῖς
395 343 485 394 ὑπὸ
511 346 733 409 σκῆπτρα
759 343 1001 402 βασιλέων
1028 344 1278 410 διορίζουσι
1311 342 1442 406 νόμοι
1467 343 1524 394 τό
1547 366 1597 395 τε
1621 340 1855 408 πρακτέον

274 427 349 475 καὶ
384 424 437 475 τὸ
468 424 550 488 μή·
605 424 827 491 ἰσχύουσι
859 423 1063 491 δὲπαρά
1094 448 1148 490 γε
1186 430 1282 479 τοῖς
1321 425 1464 490 ζῶσιν
1498 425 1580 476 ἔτι·
1635 428 1672 474 εἰ
1712 423 1759 474 δὲ
1798 421 1854 486 δή

275 529 343 559 τις
393 510 487 557 τῶν
535 504 624 557 ὑπὸ
675 505 819 569 νόμον
863 508 946 570 τῆς
990 506 1267 570 ἐνσωμάτου
1319 507 1435 573 ζωῆς
1485 505 1856 565 ἀπαλλάττοιτο,

274 587 638 638 συναπεδύσατο
672 589 729 654 τῇ
764 587 856 654 ζωῇ
893 590 968 638 καὶ
1007 592 1102 638 τῶν
1128 587 1283 650 νόμων
1309 587 1394 652 τὴν
1419 588 1657 656 ἐξουσίαν·
1698 590 1735 636 εἰ
1761 584 1855 651 γὰρ
1876 604 1898 642 5

273 669 505 720 πέπαυται
544 674 627 718 τοῦ
666 674 979 732 πλημμελεῖν,
1018 669 1313 734 ἀπρακτήσει
1354 693 1446 721 που
1486 668 1673 721 πάντως
1714 669 1789 717 καὶ
1831 667 1856 716 ὃ

275 750 413 812 νόμος
440 751 507 801 ἐπ’
536 751 674 818 αὐτῷ.
721 749 892 813 ἀληθὲς
918 751 998 800 οὖν
1025 750 1094 801 ὅτι
1133 750 1303 820 κυριεύει
1330 753 1400 802 τοῦ
1426 749 1640 819 ἀνθρώπου
1667 750 1736 817 ἐφ’
1764 746 1857 798 ’ὅσ-ον

275 833 414 899 χρόνον
444 832 510 902 ζῇ
552 833 627 881 καὶ
663 832 731 884 τίς
764 831 854 896 ἄρα
884 833 1014 882 ἐστὶν
1041 833 1066 882 ὁ
1093 838 1174 882 τοῦ
1205 832 1355 898 λόγου
1381 831 1577 893 σκοπὸς,
1603 832 1858 895 ἀναγκαῖον

275 917 431 964 εἰπεῖν·
483 913 566 963 δύο
606 914 703 963 κατ’
733 913 874 964 αὐτὸν
899 913 1147 979 εἰσκομίζει
1184 914 1415 982 χρήσιμα·
1460 915 1588 977 ἡμεῖς
1625 911 1710 975 μὲν
1748 908 1856 976 γὰρ,

275 996 438 1063 φησὶν,
467 998 508 1065 οἱ
546 995 920 1057 συντεθαμμένοι
956 998 1157 1065 Χριστῷ
1199 996 1275 1046 διὰ
1312 1002 1395 1046 τοῦ
1433 996 1779 1057 βαπτίσματος,
1815 995 1857 1043 οἱ

275 1074 590 1129 ἀποθανόντες
629 1081 686 1144 τῇ
727 1078 949 1145 ἁμαρτίᾳ,
987 1078 1078 1145 ἔξω
1115 1077 1373 1143 γεγόναμεν
1406 1080 1489 1141 τῆς
1524 1075 1742 1145 ἐξουσίας
1773 1079 1857 1125 τοῦ

277 1157 434 1220 νόμου,
461 1158 912 1225 μετεστοιχειώμεθα
946 1157 1040 1224 γὰρ
1066 1163 1128 1212 εἷς
1163 1157 1282 1224 ζωὴν
1309 1159 1480 1225 ἑτέραν·
1522 1162 1564 1209 οἱ
1598 1157 1653 1209 δέ
1678 1180 1732 1221 γε
1763 1154 1857 1223 πρὸ

275 1243 358 1303 τῆς
407 1240 665 1302 ἐπιδημίας,
717 1240 848 1291 οὔπω
898 1238 981 1290 τὸν
1025 1241 1073 1291 ἐν
1115 1244 1315 1308 Χριστῷ
1365 1240 1612 1303 νοούμενον
1655 1237 1857 1290 θάνατον

276 1322 617 1383 ὑπομείναντες,
645 1321 756 1387 ἔζων
782 1321 846 1371 ε”τι
872 1325 930 1388 τῇ
957 1322 1176 1390 ἁμαρτία.
1229 1321 1408 1388 ἐκράτει
1444 1320 1500 1385 δὴ
1535 1322 1616 1372 οὖν
1642 1323 1703 1374 ὡς
1738 1319 1853 1387 ζών-

275 1426 369 1454 των
402 1403 426 1452 ὁ
455 1401 606 1465 νόμος,
634 1402 845 1468 καθάπερ
880 1401 1042 1466 ἀμέλει
1082 1402 1158 1454 καῖ
1196 1403 1413 1469 γυναικὸς
1449 1405 1473 1454 ὁ
1509 1401 1644 1469 ἀνήρ·
1694 1400 1858 1467 ὥσπερ

276 1484 369 1551 γὰρ
396 1487 417 1545 ἡ
444 1481 655 1554 ὕπανδρος
691 1484 809 1551 γυνὴ,
836 1483 1006 1551 ζῶντος
1040 1485 1123 1548 μὲν
1150 1485 1215 1536 ε”τι
1248 1491 1331 1536 τοῦ
1368 1484 1487 1536 κατὰ
1522 1482 1665 1548 νόμον
1697 1506 1853 1552 συνῳ-

276 1566 483 1631 κηκότος,
511 1568 593 1617 οὐκ
628 1566 880 1618 ἀνεύθυνον
914 1571 1110 1619 ποιεῖται
1145 1565 1231 1631 τὴν
1267 1568 1344 1636 ὑφ’
1374 1567 1513 1637 ἑτερῳ
1550 1566 1769 1617 σύνοδον·
1821 1568 1859 1616 εὶ

277 1648 326 1700 δὲ
371 1648 427 1713 δὴ
473 1648 675 1712 τεθναίη,
719 1650 885 1716 φησὶν,
930 1649 1022 1718 ἔξω
1062 1649 1265 1700 κείσεται
1310 1649 1450 1713 δίκης,
1494 1647 1582 1699 κᾶν
1622 1651 1660 1698 εἱ
1704 1647 1858 1697 ἕλοιτο

276 1737 415 1781 τοῦτο
454 1734 569 1796 δρᾶν
595 1729 814 1792 ἐννόμως·
865 1731 985 1781 κατὰ
1023 1729 1105 1781 τὸν
1139 1730 1247 1781 ’ίσον
1277 1728 1403 1793 οἶμαι
1433 1729 1610 1797 τρόπον
1641 1733 1683 1780 οἱ
1717 1729 1859 1793 μήπω

277 1815 359 1876 τῆς
399 1813 627 1878 ἁμαρτίας
666 1811 750 1875 τὴν
790 1812 1017 1877 νέκρωσιν
1055 1811 1237 1879 ἔχοντες
1275 1814 1324 1862 ἐν
1358 1816 1572 1882 Χριστῷ,
1607 1812 1772 1878 ζῶντες
1810 1809 1858 1862 δὲ

277 1893 442 1959 ὥσπερ
468 1895 516 1943 ἐν
541 1894 674 1961 αὐτῇ,
703 1895 1005 1961 πεπράχασιν
1032 1894 1219 1947 εἰκότως
1245 1896 1319 1944 καὶ
1347 1893 1437 1945 ὑπὸ
1470 1893 1627 1957 νόμον·
1686 1892 1858 1962 κυριεύει

276 1975 366 2043 γέιρ
398 1977 469 2026 τοῧ
504 1974 723 2045 ἀνθρώπου
758 1976 825 2044 ἐφ’
854 1975 946 2026 ’ὄσ-ον
973 1976 1110 2043 χρόνον
1140 1976 1202 2047 ζῇ·
1248 1979 1290 2026 οἱ
1324 1975 1382 2026 δέ
1404 1999 1456 2041 γε
1483 1974 1573 2027 ὑπὸ
1607 1974 1745 2043 χάριν
1770 1975 1858 2039 ἤδη

277 2055 520 2122 γεγονότες
554 2055 640 2120 τὴν
676 2057 724 2106 ἐν
751 2060 965 2126 Χριστῷ,
1001 2057 1055 2107 δι’
1084 2057 1137 2121 ἧς
1169 2059 1244 2108 καὶ
1278 2057 1531 2121 τεθνήκασι
1565 2061 1623 2124 τῇ
1656 2057 1859 2125 ἁμαρτίᾳ

277 2141 354 2190 καὶ
381 2139 679 2204 νενέκρωνται
706 2142 764 2205 τῇ
789 2140 948 2205 σαρκὶ,
977 2139 1193 2189 τουτέστι
1219 2143 1314 2192 τοῖς
1339 2138 1516 2190 πάθεσι
1551 2141 1631 2202 τῆς
1667 2137 1859 2203 σαρκὸς,

278 2225 315 2271 εὶ
349 2220 511 2285 μηκέτι
549 2220 915 2288 χρηματίζουσιν
948 2223 1009 2275 ὡς
1044 2221 1209 2287 ζῶντες
1245 2222 1293 2271 ἐν
1324 2220 1506 2290 κόσμῳ,
1534 2221 1860 2272 ἀκαταιτίατον

278 2307 485 2353 ποιοῖντο
532 2301 590 2352 ἂν
632 2302 718 2366 τὴν
762 2303 854 2371 ἔξω
899 2302 1043 2365 νόμου
1087 2301 1222 2368 ζωήν·
1275 2303 1615 2353 τεθανάτωνται
1660 2302 1753 2368 γὰρ
1798 2305 1861 2356 ὡς

280 2384 398 2451 ε”φην
434 2382 510 2434 διὰ
549 2386 621 2435 τοῦ
662 2388 873 2451 σώματος
912 2387 982 2435 τοῦ
1018 2386 1211 2453 Χριστοῦ,
1248 2386 1322 2434 καὶ
1361 2385 1594 2435 ἀπέθανον
1630 2386 1696 2453 τῷ
1734 2383 1860 2454 νόμῳ

282 2465 588 2528 δικαιούμενοι
628 2465 703 2516 διὰ
743 2467 961 2519 πίστεως.

296 2623 401 2664 ’Ὁτε
445 2624 519 2679 Γὰρ
557 2621 662 2671 ἦμεν
699 2624 744 2664 ἐν
783 2628 833 2681 τῇ
872 2624 1008 2680 σαρκὶ,
1046 2624 1096 2664 τὰ
1135 2625 1366 2673 Παθύμοιτα
1404 2624 1489 2665 τῶν
1527 2624 1748 2680 ἁμαρτιῶν
1788 2625 1837 2665 τὰ

691 2705 758 2746 διὰ
797 2708 870 2747 τοῦ
906 2706 1036 2754 νόμου
1075 2704 1294 2763 ὲνΗρΓεῖτο
1332 2716 1459 2748 κ.τ.λ.

359 2817 519 2884 Σάρκα
564 2818 647 2881 μὲν
691 2819 743 2869 τὸ
789 2818 1017 2884 σαρκικὸν
1058 2819 1269 2885 ὀνομάζει
1314 2819 1550 2888 φρόνημα,
1593 2823 1653 2873 ὡς
1700 2821 1775 2870 καὶ
1816 2821 1864 2871 ἐν

939 2956 950 2977 1
958 2944 989 2977 8.
1017 2944 1148 2979 κεῖσθαι
1169 2944 1197 2977 Β
1204 2971 1210 2978 .

1881 1017 1928 1043 10

1881 1837 1931 1862 20

1884 2722 1934 2759 30
