2012 3272
486 149 643 189 RESP.
678 149 759 187 Al)
791 149 903 188 TIB.
938 148 1288 188 SOCIOSQUE.
1595 149 1677 189 593

91 263 244 325 φασιν
283 261 357 309 καὶ
396 260 484 326 οὐχ
522 259 678 323 ἕτερον
716 255 830 308 εἶναι
868 257 954 322 τὴν
978 257 1096 324 πρὸς
1124 257 1250 308 Θεὸν
1284 257 1527 320 ὁμοίωσιν·
1583 259 1678 308 δεῖν

91 339 247 409 ᾠήθην
273 344 427 401 εἰπεῖν,
455 340 525 391 ὅτι
561 341 900 404 πεπλάνηνται,
928 342 1003 390 καὶ
1034 343 1116 403 τῆς
1151 340 1374 404 ἀληθείας
1409 337 1672 407 ἀφιλοθεά-
1695 358 1715 383 e

89 444 211 485 μονα
261 421 348 485 τὴν
399 421 606 473 διάνοιαν
656 422 835 489 ἔχουσι.
912 427 993 472 τοῦ
1049 421 1143 487 γὰρ
1196 424 1416 486 Σωτῆρος
1468 422 1677 486 ἐναργῶς

91 503 314 568 λε’γοντος
340 511 367 533 “
390 508 585 568 Πνεῦμα
614 505 638 554 ὁ
668 504 829 565 Θεὸς,”
863 504 994 554 αὐτοὶ
1033 505 1330 566 σωματοειδῆ
1370 501 1488 553 εἷναί
1523 506 1677 571 φασιν
1739 519 1884 551 sumum.

48 605 69 641 5
90 583 174 649 τὴν
201 586 327 636 θείαν
354 586 516 652 φύσιν,
545 588 620 637 καὶ
656 587 704 636 ἐν
738 588 999 653 χαρακτῆρι
1038 585 1232 654 τοιούτῳ
1272 587 1319 635 ἐν
1360 582 1397 653 ᾦ
1437 586 1510 634 καὶ
1549 584 1679 647 ἡμεῖς
1739 574 1852 601 Νη

88 668 245 729 ἐσμέν.
302 665 371 734 ἆρ’
402 668 483 718 οὖν
508 673 651 730 σῶμα
675 672 751 717 καὶ
777 667 928 729 αὐτὸς,
957 670 1032 718 καὶ
1059 668 1141 718 οὐκ
1169 667 1233 717 ἔτι
1260 671 1444 729 πνεῦμα
1471 671 1672 727 νοεῖται,

89 750 340 800 ἀκολουθεῖ
380 749 474 816 γὰρ
513 749 702 804 πάντως
745 749 805 800 τὰ
850 749 946 813 εἴδη
993 753 1088 803 τοῖς
1138 749 1378 813 σώμασιν.
1431 748 1587 811 ἐπειδὴ
1629 748 1677 798 δέ

88 830 273 895 πνεῦμά
302 832 433 882 ἐστιν
461 833 485 882 ὁ
514 830 647 894 Θεὸς,
674 830 873 885 ἀνείδεός
910 854 1003 882 που
1041 830 1230 884 πάντως
1269 832 1385 893 ἐστὶ,
1414 832 1488 881 καὶ
1527 829 1677 880 τύπου
1695 858 1716 880 a
1737 848 1819 882 370
1836 846 1886 881 A.

91 915 167 964 καὶ
191 912 441 980 σχήματος
467 915 542 965 καὶ
579 916 877 981 περιγραφῆς
917 912 1125 964 ἐπέκεινα
1163 912 1368 977 ἁπάσης.
1421 912 1679 980 μεμορφω-

26 1018 71 1042 10
89 998 210 1057 μεθα
249 994 297 1045 δὲ
331 994 451 1060 πρὸς
489 994 630 1046 αὐτὸν
655 994 776 1046 κατὰ
813 1000 1003 1061 πρῶτον
1027 994 1112 1058 μὲν
1138 997 1214 1045 καὶ
1253 995 1540 1061 κυριώτατον
1566 993 1675 1061 τρό-

89 1100 196 1136 πον,
226 1076 344 1128 ὅσον
371 1076 427 1128 ἂν
455 1083 619 1140 νοοῖτο,
647 1077 745 1128 κατ’
776 1076 944 1144 ἀρετὴν
975 1080 1050 1128 καὶ
1091 1077 1349 1143 ἁγιασμόν.
1405 1075 1543 1142 ἅγιον
1582 1075 1677 1141 γὰρ

89 1157 144 1210 τὸ
184 1162 321 1221 θεῖον,
358 1161 433 1210 καὶ
473 1162 639 1226 ἀρετῆς
678 1160 869 1224 ἁπάσης
911 1159 1041 1225 πηγὴ
1084 1162 1159 1210 καὶ
1195 1158 1319 1227 ἀρχὴ
1361 1161 1435 1210 καὶ
1471 1159 1670 1224 γένεσις.

91 1241 162 1292 ὅτι
188 1242 236 1292 δὲ
261 1243 431 1308 πρέποι
468 1240 526 1293 ἂν
553 1242 673 1293 οὕτω
701 1246 907 1292 νοεῖσθαι
943 1247 1133 1305 μᾶλλον
1160 1240 1214 1292 τό
1241 1242 1341 1292 κατ’
1371 1239 1524 1291 εἰκόνα
1551 1243 1677 1291 Θεοῦ

90 1323 310 1388 γενέσθαι
355 1322 437 1374 τὸν
482 1323 746 1390 ἄνθρωπον,
787 1323 962 1392 διδάξει
1006 1325 1082 1373 καὶ
1129 1324 1153 1373 ὁ
1185 1322 1439 1391 πάνσοφος
1480 1325 1677 1374 Παῦλος

25 1428 70 1466 15
91 1410 185 1460 τοῖς
211 1407 259 1457 ἐν
286 1406 501 1475 Γαλατίᾳ
530 1406 685 1472 λέγων
722 1412 749 1435 “
771 1406 941 1456 Τεκνία
976 1405 1055 1459 οὓς
1089 1403 1236 1456 πάλιν
1262 1406 1425 1467 ὠδίνω,
1451 1404 1586 1472 ἄχρις
1621 1404 1675 1455 οὗ
1694 1413 1720 1453 b
1740 1413 1871 1488 ῗὲῑῖιῐν·

91 1495 117 1518 “
143 1492 376 1557 μορφωθῇ
402 1487 616 1555 Χριστὸς
652 1489 700 1539 ἐν
732 1488 881 1551 ὑμῖν.”
934 1491 1200 1555 μορφοῦται
1235 1486 1319 1551 μὲν
1349 1485 1442 1553 γὰρ
1481 1488 1529 1537 ἐν
1567 1486 1677 1550 ἡμῖν
1762 1482 1791 1498 ”

90 1571 144 1620 δι’
174 1571 413 1637 ἁγιασμοῦ
441 1576 524 1621 τοῦ
551 1569 625 1621 διὰ
655 1569 949 1633 Πνεύματος,
977 1568 1051 1620 διὰ
1084 1568 1303 1633 κλήσεως
1334 1571 1418 1633 τῆς
1444 1571 1491 1619 ἐν
1517 1568 1677 1619 πίστει

89 1655 148 1720 τῇ
183 1655 246 1705 εἷς
281 1651 438 1703 αὐτόν·
491 1653 539 1702 ἐν
571 1651 626 1703 δέ
660 1674 714 1717 γε
742 1657 836 1705 τοῖς
872 1651 1223 1718 παραβαίνουσι
1264 1651 1349 1714 τὴν
1387 1651 1567 1708 πίστιν,
1595 1651 1678 1701 οὐκ

89 1733 416 1797 ἐκλάμπουσιν
458 1736 500 1784 οἱ
551 1736 842 1801 χαρακτῆρες
893 1734 1046 1798 ὑγιῶς.
1116 1731 1192 1783 διὰ
1237 1738 1376 1783 τοῦτο
1420 1730 1678 1800 χρῄζουσιν

23 1838 72 1864 20
90 1815 248 1882 ἑτερας
295 1818 458 1869 ὠδῖνος
506 1818 820 1879 πνευματικῆς
869 1817 944 1865 καὶ
994 1812 1349 1880 ἀναγεννήσεως
1396 1817 1575 1878 νοητῆς,
1620 1814 1675 1864 ἵν’

90 1898 482 1966 ἐναστράψαντος
522 1898 678 1952 αὐτοῖς
716 1903 799 1948 τοῦ
837 1897 1006 1962 Ἀγίου
1034 1895 1311 1960 Πνεύματος
1351 1898 1404 1947 δι’
1435 1897 1677 1962 ἁγιασμοῦ

89 1978 176 2043 τὴν
201 1980 330 2030 θείαν
356 1979 520 2042 εἰκόνα,
547 1978 695 2031 πάλιν
721 1981 1104 2046 ἀναμορφωθεῖεν
1128 1981 1191 2033 εἷς
1216 1979 1449 2044 Χριστόν.

164 2062 269 2112 Οὐκ
314 2063 543 2113 ἀπίθανον
588 2062 636 2112 δὲ
687 2065 763 2112 καὶ
809 2060 929 2112 κατὰ
972 2059 1026 2111 τὸ
1068 2060 1262 2127 ἀρχικὸν
1312 2059 1398 2124 τὴν
1448 2061 1714 2123 ὁμοίωσινο

90 2142 176 2207 τὴν
218 2143 337 2209 πρὸς
374 2143 499 2194 Θεὸν
543 2145 704 2194 ἐνεῖναι
749 2142 907 2208 λέγειν
949 2146 1015 2211 τῷ
1055 2141 1304 2211 ἀνθρώπῳ.
1365 2142 1545 2193 δέδοται
1583 2142 1677 2209 γὰρ

141 2310 170 2333 1.
197 2299 288 2343 φασι
318 2299 370 2332 καὶ
401 2299 465 2344 οὐχ
498 2298 613 2344 ἕτερον
641 2298 708 2332 hoc
734 2298 856 2332 Ordine
882 2297 972 2332 A.C.
1002 2297 1094 2342 φασί
1124 2303 1203 2341 post
1236 2296 1351 2341 ἕτερον
1382 2296 1581 2341 transponit
1608 2296 1676 2331 Ed.

90 2345 273 2388 δεῖνοηθεῖν
291 2345 370 2390 (sic)
392 2345 433 2380 C.
577 2359 609 2387 4.
636 2343 719 2380 εἶναι’
735 2347 826 2388 φασι
844 2344 910 2378 hoc
928 2343 1050 2378 ordine
1068 2344 1158 2378 A.C.
1300 2344 1333 2377 8.
1360 2342 1515 2378 ἀνείδέως
1535 2342 1615 2387 (Sic)
1633 2342 1674 2377 C.

90 2404 124 2436 9.
149 2391 283 2436 ἁπάσης
300 2392 342 2425 Α.
361 2393 475 2436 πάσης
495 2391 536 2426 C.
555 2392 622 2426 Ed.
925 2402 978 2425 10.
1004 2391 1057 2424 καὶ
1074 2391 1278 2434 κυριώτατον
1298 2388 1529 2435 [κυριότατον]
1548 2391 1676 2433 τρόπον

90 2438 157 2472 hoc
175 2438 296 2472 ordine
315 2438 356 2473 C.
550 2450 603 2472 ΙΙ.
630 2439 712 2472 κατὰ
732 2437 772 2472 C.
838 2436 908 2482 καὶ]
934 2441 970 2478 -1-
992 2438 1073 2470 κατὰ
1093 2436 1133 2470 C.
1328 2447 1380 2470 12.
1405 2436 1523 2480 ἀρετῆς
1540 2435 1675 2480 ἁπάσης

89 2484 157 2519 hoc
175 2485 297 2519 ordine
315 2485 404 2519 A.C.
475 2487 566 2530 πηγὴ
580 2486 633 2519 καὶ
650 2485 737 2529 ἀρχὴ
756 2485 822 2518 hoc
840 2485 961 2518 ordine
978 2483 1066 2517 A.C.
1247 2493 1300 2525 14.
1326 2483 1539 2528 γεγενεῖσθαι
1557 2483 1674 2527 (εγε-

89 2531 269 2576 γενῆσθαι)
283 2531 323 2567 C.
387 2531 505 2576 διδάξῃ
522 2531 563 2565 C.
628 2533 646 2565 ὁ
663 2532 844 2575 πάνσοφος
857 2532 995 2565 Παῦλος
1008 2530 1075 2564 hoo
1089 2529 1209 2564 ordine
1224 2529 1312 2563 A.C.
1413 2539 1465 2573 15.
1484 2528 1522 2563 οὗ
1534 2529 1675 2563 A.C.D.

91 2578 131 2612 ἂν
149 2577 216 2612 Ed.
495 2577 547 2611 16.
573 2578 650 2621 ὑμῖν
667 2577 808 2612 A.C.D.
828 2577 904 2621 ἡμῖν
923 2577 990 2611 Ed.
1041 2576 1167 2611 Statim
1185 2575 1227 2610 ad
1246 2575 1287 2610 δι’
1306 2576 1457 2609 transilit
1476 2575 1516 2610 C.
1588 2575 1672 2620 γὰρ]

96 2625 192 2664 -1-καὶ
210 2623 277 2658 Ed.
295 2625 576 2669 repugnantibus
595 2624 728 2658 A.D.r.
960 2632 1012 2667 17.
1037 2625 1107 2658 τοῖς
1124 2634 1187 2667 pro
1204 2624 1262 2666 τῆς
1281 2622 1322 2656 C.
1538 2622 1592 2655 18.
1618 2623 1676 2665 τῆς

92 2682 156 2715 pro
172 2672 212 2714 τῇ
233 2670 314 2715 (Sic)
334 2671 423 2705 A.C.
495 2672 745 2715 παραβαίνουσι
762 2670 822 2713 τὴν
837 2670 955 2704 πίστιν
971 2669 1038 2703 hoc
1056 2669 1178 2703 ordine
1196 2668 1285 2703 A.C.
1491 2680 1544 2712 19.
1570 2669 1675 2710 ἐλάμ-

91 2731 217 2750 πουσιν
235 2717 315 2759 (Sic)
334 2717 376 2750 A.
443 2716 629 2761 χρῄζουσιν
646 2718 760 2761 ἑτέρας
778 2717 896 2752 ὠδῖνος
913 2719 946 2750 et
963 2715 1213 2761 ἀνα-γεννήσεως
1231 2716 1347 2758 νοητῆς
1363 2714 1431 2748 hoc
1448 2715 1568 2748 ordine
1582 2713 1673 2747 A.C.

96 2774 151 2797 20.
177 2761 216 2796 ἵν’
236 2763 279 2797 A.
297 2762 350 2796 ἵνα
369 2763 409 2797 C.
428 2762 495 2796 Ed.
686 2775 741 2797 21.
768 2763 1046 2807 ἐναστράψαντος
1068 2761 1367 2808 [ἀναστρέψαντος
1384 2761 1463 2804 (sic)
1483 2759 1674 2804 0.]ἀύτοῖς

93 2811 153 2843 τοῦ
175 2808 292 2853 Ἀγίου
318 2808 513 2852 Πνεύματος
537 2808 625 2843 A.C.
650 2811 710 2843 τοῦ
734 2809 850 2854 Ἀγίου
868 2808 1063 2852 Πνεύματος
1086 2808 1122 2842 ἐν
1151 2808 1264 2842 αὐτοῖς
1290 2808 1578 2850 ἐναστράπτοντος
1604 2805 1671 2839 Ed.

96 2866 151 2890 22.
176 2855 452 2900 ἇναμορφωθεῖεν
469 2855 515 2890 εἷς
531 2857 682 2899 Χριστόν
697 2855 764 2889 hoc
782 2855 903 2890 ordine
920 2854 1010 2890 A.C.
1145 2865 1200 2898 23.
1224 2854 1283 2897 τὴν
1300 2852 1674 2897 ὁμοίωσιν-ἀνθρώπῳ

94 2901 162 2935 hoc
179 2902 299 2935 ordine
317 2902 404 2935 A.C.
424 2901 483 2944 τὴν
501 2902 662 2944 ὁμοίωσιν
678 2902 738 2945 τὴν
753 2903 837 2945 πρὸς
855 2902 942 2935 Θεὸν
958 2906 1038 2946 post
1057 2900 1222 2945 ἀνθρώπῳ
1246 2899 1443 2942 transponit
1462 2897 1528 2931 Ed.
1555 2898 1672 2932 ἐνεῖναι

95 2948 223 2982 retinui
240 2960 281 2981 ex
301 2948 366 2982 Ed.
387 2945 467 2982 εἶναι
488 2947 540 2992 [ἐν
558 2948 593 2981 in
611 2959 682 2992 mg.
699 2959 808 2981 manu
824 2953 863 2981 ut
880 2947 951 2981 vid.
971 2946 1091 2981 eadem
1109 2946 1282 2991 apposito]
1301 2945 1345 2978 A.
1364 2944 1398 2978 ἓν
1415 2941 1496 2978 εἶναι
1516 2943 1557 2978 C.

153 3016 246 3045 vor..
270 3018 336 3044 111.
854 3017 881 3054 4
903 3016 928 3042 G
