2012 3272
102 1102 151 1127 10

175 134 344 175 xiii.16.
495 133 563 174 IN
604 133 946 175 EPISTOLAM
989 135 1071 175 AD
1115 136 1445 178 HEBRAEOS.
1679 142 1763 180 419

486 301 572 343 Τῆς
610 301 655 344 δὲ
695 299 889 344 εὐποιίας
928 303 996 343 καὶ
1036 304 1264 345 κοινωνίας
1300 308 1446 349 κ.τ.λ.

248 421 317 474 Σὺ
355 423 411 474 δέ
443 446 522 487 μοι
561 424 648 490 ὅρα
684 423 849 487 πάλιν,
879 423 1006 478 ὅπως
1044 424 1205 476 ἐνθάδε
1233 425 1359 476 Θεὸν
1394 427 1418 476 ὁ
1445 430 1641 479 Παῦλος
1679 425 1761 476 τὸν

172 504 288 555 Υἱὸν
331 506 576 556 ἀποκαλεῖ·
638 509 675 555 εἱ
720 505 813 571 γὰρ
854 505 993 560 αὑτός
1037 508 1169 557 ἐστιν
1213 508 1238 557 6
1285 508 1484 570 σύμπαν
1525 509 1654 573 ἄγων
1699 512 1760 560 εἰς

171 586 328 651 κρίσιν
365 586 420 636 τὸ
457 587 650 651 ποίημα,
690 589 766 638 καὶ
805 587 1054 641 ἀποδιδοὺς
1100 588 1334 658 ((ἑκάστῳ
1383 588 1502 640 κατὰ
1546 589 1604 639 τά
1646 589 1760 655 ἔργα

1784 208 1797 248 [
1821 207 1878 238 126
1896 209 1944 239 M.
1962 208 1975 248 J

1787 315 1832 349 16

1780 606 1874 637 Rom.
1895 607 1925 637 ii.
1942 608 1972 638 6.

173 675 199 698 ‘⁶
219 668 401 730 αὐτοῦ,”
430 668 505 718 διά
531 691 578 719 τε
604 675 742 719 τοῦτο
768 668 875 722 τοὺς
902 670 950 719 εὖ
975 676 1224 724 ποιοῦντας
1250 671 1332 721 τὸν
1358 671 1568 734 πλησίον
1592 673 1757 721 ἀποδε-
1778 689 1854 723 127
1878 688 1939 723 M.

171 749 366 817 χόμενος
401 752 474 801 καὶ
508 751 663 816 λέγων
694 758 720 781 “
743 756 906 814 Δεῦτε,
933 752 1324 818 κληρονομήσατε
1351 753 1437 816 τὴν
1463 752 1755 817 ἡτοιμασμέ-
1779 776 1949 806 3111111111.

1674 839 1694 848 Α
1732 837 1755 851 ‚5
1777 830 1853 849 XXV.
1877 829 1927 858 34-

171 838 197 860 ‘⁶
219 855 303 895 νην
328 833 434 894 ὑμῖν
458 832 724 895 βασιλείαν,
747 833 972 883 ἐπείνασα
998 833 1091 899 γὰρ
1117 837 1191 884 καὶ
1217 833 1426 884 ἐδώκατέ
1442 858 1520 896 μοι
1548 839 1730 902 φαγειν,

170 915 245 964 καὶ
271 912 330 964 τὰ
359 913 481 982 ἑξῆς,
508 918 608 968 πῶς
635 915 718 965 οὐκ
743 915 878 965 ε”σται
905 914 1025 969 Θεὸς
1055 916 1079 965 ὁ
1107 917 1253 969 οὕτως
1280 916 1659 980 ἀποκεκλημένος
1685 916 1760 967 διὰ

169 997 252 1058 τῆς
290 997 523 1063 ἀψευδοῦς
554 1000 648 1046 τῶν
673 996 820 1062 ἁγίων
853 999 1028 1065 φωνῆς,
1055 1000 1131 1047 καὶ
1170 997 1254 1051 τὰς
1291 1002 1386 1048 τῶν
1412 998 1461 1048 εῦ
1499 999 1759 1049 ποιούντων

170 1077 337 1130 θυσίας
375 1077 734 1145 ἀποδεχόμενος,
765 1077 1015 1131 ἀποδιδούς
1052 1101 1101 1129 τε
1142 1077 1329 1148 ἑκάστῳ
1360 1079 1445 1143 τὴν
1479 1081 1604 1150 αὐτῷ
1640 1082 1753 1147 πρέ-

167 1181 355 1209 πουσαν
383 1158 603 1223 ἀμοιβὴν,
627 1161 702 1210 καὶ
724 1164 786 1213 εὶς
812 1159 898 1224 τὴν
924 1165 1018 1211 τῶν
1044 1161 1254 1227 οὐρανῶν
1280 1162 1537 1221 βασιλείαν
1563 1163 1757 1226 εἰσπέμ-

167 1263 271 1291 πων
297 1239 380 1291 τὸν
406 1244 498 1292 τῶν
523 1242 668 1307 ἁγίων
695 1241 868 1309 χορόν;

216 1388 249 1420 5.
274 1392 309 1412 τε
330 1377 418 1412 Cod.
438 1378 473 1412 δέ
494 1377 560 1412 Ed.
760 1390 812 1413 12.
838 1393 964 1423 χορον,
970 1379 984 1424 ]
1007 1379 1106 1417 Quae
1125 1380 1363 1425 sequebantux
1382 1380 1415 1414 in
1439 1380 1590 1414 E‹l..l1ic
1609 1381 1756 1415 exhibeo

168 1436 279 1469 quum
307 1424 342 1458 S.
364 1424 535 1470 Cylillum
557 1430 736 1459 auctolem
758 1437 829 1459 non
852 1427 906 1469 (ut
924 1427 1065 1471 opinor)
1086 1427 1251 1461 habeant.
1302 1427 1443 1461 Codicis
1464 1440 1494 1460 m
1500 1428 1618 1469 amine
1637 1428 1720 1461 cha}
1723 1434 1758 1462 ta

167 1472 335 1505 classime
361 1471 500 1514 lefecto,
518 1483 647 1505 nomen
675 1472 702 1504 si
730 1484 862 1506 novum
889 1473 945 1506 hic
971 1473 1179 1507 adhibeatm
1202 1474 1246 1507 le
1236 1474 1271 1517 ,i
1290 1485 1361 1507 11011
1380 1478 1507 1518 potest.
1534 1474 1756 1519 ἀναφέρωμεν

167 1532 227 1551 ουν
243 1518 303 1561 τὴν
320 1519 377 1561 τῆς
395 1518 552 1553 αἰνέσεως
570 1518 703 1560 θυσίαν,
721 1520 779 1552 τὸν
797 1520 925 1563 καρπὸν
942 1522 1008 1553 τῶν
1024 1519 1167 1564 χειλέων
1183 1522 1229 1565 τῷ
1251 1534 1404 1554 κτισαντι
1423 1519 1507 1563 ἡμᾶς
1525 1521 1602 1566 θεῷ
1633 1522 1672 1555 οὐ
1689 1522 1755 1566 γὰρ

167 1564 219 1597 δει
242 1566 345 1606 μόνον
369 1565 500 1599 ἅλωνος
524 1579 577 1598 και
600 1566 715 1608 ληνοῦ,
736 1565 826 1598 ἄλλα
852 1567 905 1599 καὶ
930 1567 1045 1610 λόγων
1071 1566 1288 1611 ἀπάρχεσθαι
1312 1567 1363 1600 δεῖ
1389 1570 1435 1612 τῷ
1461 1568 1537 1612 θεῷ,
1563 1568 1616 1601 καὶ
1630 1569 1756 1626 λογων

165 1611 286 1656 πολλῷ
312 1612 446 1653 μᾶλλον
470 1610 488 1654 ἢ
515 1611 727 1655 δραγμάτων,
752 1611 824 1656 ὅσῳ
850 1613 903 1645 καὶ
929 1612 1007 1655 ἡμῖν
1032 1613 1232 1655 οἰκειότερος
1258 1613 1355 1647 οὗτος
1380 1615 1398 1646 6
1424 1615 1560 1658 καρπὸς,
1587 1628 1640 1647 και
1665 1615 1754 1660 αὐτῷ

165 1658 470 1702 προσφιλέστερος
486 1659 533 1704 τῷ
557 1658 729 1703 τιμωμένῳ
748 1658 824 1702 θεῷ·
859 1660 1007 1703 βότρυν
1004 1659 1063 1693 ιιέν
1078 1660 1144 1704 γὰρ
1163 1661 1217 1693 καὶ
1234 1660 1388 1704 (ἱσταχυν
1405 1662 1548 1704 λαγόνες
1568 1650 1754 1704 ἐκφέρουσι

165 1704 239 1763 γῆς,
269 1704 322 1737 καὶ
347 1693 535 1761 τρέφουσιν
561 1704 698 1747 ὄμβρων
723 1704 887 1749 ἐπιῤῥοαὶ,
914 1707 967 1739 καὶ
993 1708 1148 1750 γηπόνων
1177 1706 1403 1750 θεραπεύουσι
1429 1708 1552 1752 χεῖρες·
1588 1706 1690 1750 ὕμνον
1717 1708 1754 1741 δέ

166 1751 255 1795 ιερὸν
272 1751 374 1784 τίκτει
394 1765 454 1793 μεν
472 1751 631 1791 εὐλιιβεια
647 1752 777 1795 ψυχῆς,
795 1751 915 1796 τρέφει
941 1752 977 1785 δὲ
1004 1753 1158 1787 συνειδὸς
1182 1752 1320 1796 ἀγαθὸν,
1339 1754 1471 1798 δέχεται
1497 1754 1532 1787 δὲ
1559 1754 1605 1788 εἰς
1629 1754 1670 1787 τὰ
1695 1769 1753 1788 τα-

164 1799 254 1840 μιεῖα
278 1801 344 1830 τῶν
369 1797 517 1840 οὐρανῶν
542 1799 560 1831 ὁ
586 1798 673 1832 θεός·
709 1797 781 1843 ὅσῳ
803 1798 837 1831 δέ
860 1800 922 1842 γῆς
944 1798 1086 1841 αμείνων
1110 1799 1223 1843 ψυχὴ,
1241 1799 1396 1844 τοσούτῳ
1422 1814 1475 1833 και
1501 1799 1581 1843 αὕτη
1606 1801 1754 1838 Βελτίων

165 1842 289 1886 ἐκείνης
307 1843 324 1886 ἡ
343 1844 447 1888 φορά·
483 1844 538 1877 διά
563 1859 614 1877 τοι
639 1846 739 1878 τοῦτο
765 1844 817 1877 καὶ
843 1847 909 1878 τῶν
932 1847 1119 1890 προφητῶν
1145 1860 1205 1888 τις,
1231 1846 1313 1888 ἀνὴρ
1340 1846 1533 1889 θαυμαστὸς
1558 1847 1611 1880 καὶ
1636 1847 1752 1892 μέγας,

163 1888 269 1933 Ὠσηέ
295 1889 399 1933 ὄνομα
422 1890 523 1936 αὐτῷ,
547 1893 617 1926 τοῖς
638 1893 684 1937 τῷ
710 1890 774 1936 θεῷ
800 1893 1105 1949 προρκεκρουκόσι,
1124 1893 1176 1926 καὶ
1201 1891 1391 1935 μέλλουσιν
1415 1892 1500 1926 ι’λεω
1526 1893 1754 1936 καταστήσειν

163 1936 275 1976 αυτὸν,
301 1937 454 1980 παραίνει
480 1937 602 1995 λεγων·
638 1925 764 1981 φιέρετέ
790 1937 870 1981 μεθ’
899 1939 1025 1972 εαυτῶν
1050 1938 1127 1983 οὐχι
1150 1940 1243 1977 βοῶν
1268 1938 1405 1983 ἀγέλας,
1432 1940 1510 1973 ουδὲ
1541 1940 1752 1983 σεμιδάλεως

162 1982 268 2026 μέτρα
294 1985 382 2017 τόσα
409 1984 462 2017 καὶ
494 1985 593 2023 τόσα,
620 1984 697 2017 οὐδὲ
723 1985 868 2028 τρυγόνα
899 1985 952 2017 καὶ
977 1987 1194 2029 περιστερὰν,
1221 1986 1299 2019 οὐδὲ
1325 1986 1414 2018 ι’ίλλο
1440 2000 1471 2019 τι
1499 1990 1565 2019 τῶν
1591 1986 1753 2021 τοιούτων

163 2029 270 2069 ουδέν,
288 2029 378 2063 ἀλλὰ
396 2029 519 2074 φέρετε
542 2028 620 2073 μεθ’
643 2031 768 2064 ἑαυτῶν
785 2032 920 2074 λόγους,
943 2031 1044 2075 φησί·
1081 2033 1133 2064 καὶ
1153 2032 1233 2065 ποία
1255 2032 1358 2066 θυσία
1374 2034 1499 2077 λόγος;
1527 2032 1614 2066 εἴποι
1631 2047 1681 2067 τις
1698 2033 1749 2067 ἰίν·

161 2076 305 2120 μεγίστη
319 2076 380 2119 μὲν
393 2075 450 2110 οῦν
467 2077 520 2110 καὶ
537 2077 726 2120 σεμνοτάτη
741 2077 793 2110 καὶ
810 2081 875 2110 τῶν
892 2077 1040 2111 ἄλλωνε
1024 2081 1168 2112 απασῶν
1179 2079 1336 2117 βελτίων·
1367 2080 1419 2112 καὶ
1437 2079 1486 2114 τίς
1503 2080 1606 2112 ταῦτά
1621 2080 1748 2124 φησιν,

160 2122 260 2157 αὐτὸς
277 2125 295 2155 6
311 2124 463 2165 μάλιστα
479 2124 612 2157 πάντων
629 2126 733 2157 ταῦτα
751 2123 846 2158 εἰδὼς
862 2123 1042 2167 ἀκριβῶς(
1027 2139 1044 2157 o
1063 2126 1214 2169 γενναῖος
1231 2126 1284 2158 καὶ
1301 2124 1405 2169 μέγας
1429 2124 1751 2170 [μάλιστα-μέγας

160 2180 178 2202 e
196 2169 314 2202 codice
339 2169 530 2213 desumpsi,
551 2170 637 2203 omi
634 2176 714 2203 erat
733 2169 869 2214 Maius]
891 2171 1012 2210 Δαβιδ·
1047 2173 1092 2215 τῷ
1116 2171 1182 2215 γὰρ
1201 2171 1265 2216 θεῷ
1289 2186 1371 2205 ποτε
1395 2171 1638 2216 εὐχιιριστὴρια
1662 2172 1702 2205 θι
1700 2187 1751 2205 ων

159 2215 216 2249 ἐπὶ
241 2215 314 2258 νίκῃ
337 2216 490 2260 πολέμου
514 2216 729 2261 γεγενημένη,
756 2216 883 2250 οὑτωσί
907 2231 978 2251 πως
1000 2218 1120 2271 φησίν·
1156 2217 1279 2251 αἰνέσω
1304 2219 1342 2251 τὸ
1369 2218 1473 2260 ὄνομα
1499 2221 1559 2251 τοῦ
1583 2219 1662 2251 θεοῦ
1684 2233 1750 2261 μου

158 2260 229 2304 μετ’
247 2261 346 2307 ᾠδῆς,
362 2264 542 2319 μεγαλυνῶ
560 2262 660 2295 αὐτὸν
678 2263 712 2295 ἐν
729 2261 866 2296 αινέσει·
893 2259 964 2296 εἶτα
983 2265 1040 2306 τῆς
1058 2264 1179 2298 θυσιας
1195 2263 1316 2306 ταύτης
1339 2279 1399 2306 την
1418 2264 1586 2308 ὑπεροχην
1603 2264 1680 2307 ἡμῖν
1698 2265 1750 2298 ἐν-

159 2297 377 2352 δεικνύμενος,
405 2308 564 2353 ἐπήγαγε·
594 2309 646 2341 καὶ
671 2308 788 2352 ἁρέσει
814 2311 859 2353 τῷ
886 2309 951 2354 θεῷ
978 2309 1060 2351 ἱπέρ
1086 2311 1221 2353 μόσχον
1247 2309 1320 2343 νέον
1343 2310 1465 2353 κέρατα
1489 2311 1678 2354 ἐκφέροντα
1696 2312 1750 2344 καὶ

159 2356 277 2390 ὁπλάς·
312 2357 416 2388 ταῦτα
433 2356 473 2388 τὰ
494 2354 554 2411 [τὰ
569 2355 686 2388 omisit
706 2354 871 2399 Maius]‘
861 2357 962 2398 ιερεῖα
984 2357 1036 2388 καὶ
1055 2355 1147 2398 ἡμεῖς
1170 2355 1338 2401 θύσωμεν,
1365 2371 1417 2390 και
1443 2358 1482 2390 τὸ
1505 2357 1751 2402 θυσιαστήριον

157 2400 224 2435 ἀπὸ
241 2404 307 2435 τῶν
325 2401 479 2446 θυμάτων
497 2400 623 2435 τούτων
640 2402 832 2446 αἷμάξωμεν
849 2403 887 2435 τὸ
905 2403 1139 2446 πνευματικόν.

207 2498 347 2532 Scholia
366 2497 555 2531 Niketiana
581 2498 636 2532 hic
663 2497 850 2538 desinunt;
878 2498 1035 2542 margine
1061 2498 1282 2539 ci1cumciso,
1306 2506 1346 2532 ut
1371 2498 1516 2532 adnotat
1536 2500 1654 2533 Maius
1679 2500 1735 2544 leg
1739 2500 1747 2533 i

159 2556 228 2578 non
248 2551 396 2589 possunt
421 2551 605 2578 auctorum
623 2545 786 2585 nomina;
814 2545 871 2579 vix
889 2551 1005 2579 tamen
1027 2545 1130 2579 medo
1150 2545 1185 2579 S.
1207 2545 1327 2591 (3)ΓίΠί
1345 2545 1475 2592 aliquid
1501 2546 1591 2581 soliis
1613 2553 1746 2593 postre=

159 2592 225 2625 mis
243 2603 275 2625 111
266 2591 358 2625 lhuc
377 2597 515 2626 lestare.

1778 863 1829 893 lb.
1848 871 1898 902 35.
