2012 3272
111 135 152 175 ii.
173 149 210 189 9.
433 134 503 174 IN
539 131 883 175 EPISTOLAM
918 131 1001 172 AD
1040 132 1372 173 HEBRAEOS.
1615 133 1694 173 391

1756 207 1790 230 11
1829 198 1879 230 M.

111 246 236 293 Θεοῦ
275 241 417 310 φύντι
455 240 615 311 Λόγῳ,
651 239 864 306 καθάπερ
906 241 1040 292 αὐτοί
1080 246 1246 308 φασιν,
1288 242 1313 291 ὁ
1354 242 1404 292 ἐκ
1442 243 1526 304 τῆς
1566 199 1735 306 ἁγίας[
1796 210 1817 239 4
1900 199 1914 239 ]

109 324 344 390 παρθένου
384 323 734 390 γεγεννημένος.
788 327 889 375 πῶς
933 322 1014 373 οὖν
1053 321 1176 376 Θεὸς
1217 324 1242 373 ὁ
1280 321 1508 389 Χριστὸς,
1548 326 1585 372 εἱ
1627 325 1704 373 καὶ

111 405 250 459 αὐτὸς
299 406 406 469 μεθ’
454 405 588 469 ἡμῶν
635 405 830 473 ἠξίωται
892 403 1079 468 μνήμης
1135 406 1219 468 τῆς
1269 404 1399 469 παρὰ
1451 408 1576 456 Θεοῦ
1628 406 1704 454 καὶ

111 487 304 553 γε’γονεν
343 486 406 541 εἷς
440 491 536 538 τῶν
563 486 989 553 εὐεργετουμένωνζ
1033 486 1182 536 καίτοι
1223 485 1460 553 πρόσιμεν
1495 488 1557 539 ὡς
1597 490 1706 555 Θεῷ

69 583 92 621 5
111 568 484 637 προσευχόμενοι
542 571 618 620 καὶ
673 573 769 620 τῶν
819 568 999 619 ἄνωθεν
1049 570 1244 634 ἀγαθῶν
1298 568 1562 631 αἰτούμενοι
1618 567 1705 632 τὴν

111 652 352 718 χορηγίαν,
381 653 444 705 ὡς
480 650 570 719 ὅλῃ
604 653 662 719 τῇ
693 651 843 702 κτίσει
880 650 1156 713 διανέμοντα
1183 653 1454 716 θεοπρεπῶς
1481 649 1540 700 τὰ
1566 650 1700 714 αἰτή-

112 756 254 796 ματα.

159 853 193 883 4.
217 841 388 884 πρόσιμεν
405 838 600 874 emendavi.
634 840 823 884 πρόσειμεν
841 837 930 873 Cod.
1140 847 1170 883 7.
1199 837 1298 876 Quae
1318 844 1515 884 sequuntur
1531 839 1565 872 in
1586 837 1703 873 codice

111 887 185 921 foll.
207 899 286 932 254,
306 897 384 931 255,
412 898 520 932 quum
546 886 583 920 S.
603 885 775 930 Cyrillum
797 892 976 920 auctorem
999 885 1125 930 partim
1150 885 1278 920 habere
1304 897 1376 919 non
1402 885 1597 924 mdeantur,
1624 897 1703 930 par-

113 934 176 968 tim
201 934 291 968 forte
313 933 476 972 habeant,
495 933 551 967 hic
577 932 756 978 subjungo
779 933 941 977 Τεχνίτης
965 933 1079 966 τοίνιν
1101 933 1263 977 ἱπάρχων
1279 933 1297 966 6
1322 934 1461 967 Παῦλος
1486 933 1544 975 τῆς
1570 947 1704 975 μιστα-

110 981 239 1026 γωγίας
256 980 301 1015 ὣς
324 981 404 1024 ἔφη,
425 979 560 1035 δέχεται
584 980 646 1023 μὲν
670 979 749 1014 ἔσθ’
768 979 824 1013 ὅτε
850 979 897 1015 εἷς
922 978 1064 1023 θεωρίαν
1087 979 1311 1023 πνευματικὴν
1336 979 1377 1013 τὰ
1402 979 1438 1012 ἐκ
1461 980 1519 1022 τῆς
1545 978 1703 1013 θεοπνεύ-

112 1041 199 1062 στου
230 1028 379 1072 γραφῆς·
414 1025 577 1071 χωρήσας
610 1027 647 1060 δὲ
681 1026 764 1060 κατὰ
796 1027 907 1069 μόνων
939 1030 1006 1060 τῶν
1038 1026 1090 1059 ὅτι
1121 1027 1275 1068 μαλιστα
1307 1028 1353 1071 τῷ
1383 1027 1479 1070 λόγῳ
1512 1026 1703 1079 χρησίμων,

113 1075 225 1132 σιωπᾷ
259 1074 301 1107 τὰ
334 1073 443 1118 ἕτερα,
477 1073 618 1117 πρέπειν
650 1073 732 1107 αὐτὰ
766 1074 901 1116 μᾶλλον
933 1072 1070 1107 ἐκείνοις
1099 1073 1195 1107 εἰδὼς
1228 1073 1306 1116 περὶ
1339 1073 1384 1106 ων
1417 1073 1471 1106 καὶ
1502 1072 1703 1117 γέγραπται,

111 1134 184 1154 οιον
208 1120 295 1165 φέρε
322 1120 427 1154 εἰπεῖν
455 1120 522 1164 ἔφη
551 1134 617 1154 που
644 1120 722 1163 περὶ
750 1121 809 1163 τῆς
838 1122 927 1154 Εὔας
955 1119 1009 1153 καὶ
1038 1121 1097 1153 τοῦ
1114 1118 1223 1162 Ἀδὰμ
1252 1121 1290 1153 τὸ
1313 1133 1390 1163 περι
1420 1133 1482 1152 αιτ
1484 1122 1530 1153 ὧν
1553 1133 1704 1163 γεγραμ-

114 1167 216 1210 μένον
233 1170 256 1185 “
272 1167 336 1200 Διὰ
353 1168 453 1201 τοῦτο
470 1166 673 1211 καταλείψει
691 1165 866 1224 ἅνθρωπος
883 1166 941 1200 τὸν
957 1166 1085 1209 πατέρα
1103 1166 1205 1199 αιτοῦ
1228 1167 1281 1199 καὶ
1298 1166 1358 1209 τὴν
1374 1166 1501 1209 μητέρα
1518 1165 1633 1205 αἰτοῦ,
1653 1164 1707 1199 καὶ

111 1213 459 1258 προσκολληθήσεται
476 1215 515 1256 τῇ
533 1227 663 1258 γυναικι
681 1213 796 1252 αυτοῦ,
810 1213 863 1246 καὶ
881 1213 1018 1246 ἔσονται
1036 1213 1067 1245 οἱ
1085 1212 1145 1246 δυο
1164 1212 1210 1247 εἷς
1228 1213 1339 1257 σάρκα
1355 1213 1444 1255 μίαν·
1491 1213 1706 1257 προσεπάγει

111 1259 244 1295 τούτοις
260 1260 360 1295 αὐτός
378 1263 401 1277 “
414 1260 460 1293 To
485 1274 674 1302 μυστηριον
689 1273 790 1293 τουτο
816 1259 903 1304 μέγα
931 1259 1038 1293 εστίν
1066 1259 1132 1304 εγὼ
1160 1259 1196 1292 δέ
1222 1259 1314 1304 λέγω
1337 1259 1384 1294 εἷς
1401 1260 1554 1303 Χριστὸν
1578 1260 1632 1292 καὶ
1660 1259 1706 1293 εἷς

113 1307 174 1350 τὴν
191 1307 384 1364 εκκλησίαν,
402 1306 492 1349 πλὴν
509 1306 562 1340 καὶ
578 1306 673 1348 ὑμεῖς
696 1307 726 1340 οἱ
749 1305 870 1340 καθένα
887 1306 947 1340 τὰς
963 1307 1089 1339 ἑαυτῶν
1105 1307 1262 1350 γυναῖκας
1279 1305 1444 1363 ἀγαπᾶτε,ι
1462 1306 1505 1340 ὡς
1522 1306 1563 1338 τὰ
1581 1306 1707 1339 ἑαυτῶν

113 1355 268 1411 σώματα.
322 1353 419 1397 ἄθρει
441 1353 481 1396 δὴ
506 1367 560 1386 και
583 1352 618 1386 ἐν
634 1351 775 1394 τούτοις,
795 1352 839 1387 ὧς
855 1352 916 1386 οῦκ
939 1351 985 1386 ἇπ
989 1352 1102 1385 ίθανον
1117 1352 1178 1395 μὲν
1194 1353 1252 1395 τῆς
1269 1352 1395 1386 εἶκόνος
1412 1353 1450 1385 τὸ
1469 1353 1625 1396 σχῆμα,
1616 1353 1707 1395 πλὴν

113 1399 253 1434 ἀνόσιον
280 1400 399 1443 κομιδῆ
428 1400 488 1442 τῆς
514 1398 624 1443 Ἀδὰμ
653 1399 872 1443 παρατροπῆς
899 1399 941 1433 τὰ
971 1397 1165 1443 ἐγκλήματα
1192 1399 1377 1442 περιθεῖναι
1405 1401 1558 1445 Χριστῷ,
1589 1399 1649 1432 κᾶν
1677 1398 1708 1432 εἷ

113 1461 253 1504 γεγονεν
269 1446 393 1481 ἐκεῖνος
408 1445 692 1490 προανατὺπωσις
709 1446 827 1490 ὥσπερ
845 1460 877 1479 τι
901 1446 955 1478 καὶ
975 1459 1078 1501 μερος
1100 1446 1159 1488 τῆς
1176 1460 1218 1479 επ
1245 1445 1333 1492 αὐτῷ
1352 1445 1503 1489 θεωρίας·
1526 1434 1608 1478 ἀλλ’
1627 1445 1706 1478 οὐδε

114 1493 221 1527 ἐκεῖνο
249 1507 340 1536 οιμαι
369 1494 485 1537 σοφὸν
510 1491 529 1535 ἦ
559 1506 612 1526 και
637 1492 762 1535 ἄληθες
786 1492 902 1531 εἰπεῖν,
921 1492 965 1527 ὡς
990 1490 1129 1536 ἠξίωται
1156 1492 1239 1525 κατὰ
1264 1493 1462 1537 πρόγνωσιν
1486 1491 1546 1535 τὴν
1571 1492 1607 1525 ἐν
1632 1493 1707 1537 Θεῷ

115 1554 296 1583 νοουμενην
313 1539 501 1582 ἐπισκοπῆς
517 1553 554 1572 τε
574 1537 627 1584 [τε
644 1550 714 1572 om.
736 1537 813 1597 Cr3]
834 1539 887 1572 καὶ
905 1537 1045 1581 μνήμης,
1063 1540 1081 1571 ὁ
1100 1538 1136 1571 ἐκ
1160 1539 1219 1581 τῆς
1235 1537 1333 1583 ἁγίας
1355 1538 1525 1583 παρθενου
1548 1553 1707 1583 γεγεννη-

115 1600 214 1630 μενος
230 1586 406 1628 ἅνθρωπος
423 1585 545 1625 ἷδικῶς,
563 1586 647 1619 κατά
663 1599 702 1630 γε
721 1586 759 1618 τὸ
780 1585 917 1620 ἐκείνοις
933 1584 969 1618 εῦ
987 1585 1078 1629 ἔχειν
1094 1585 1352 1643 ίπειλημμενον.

156 1631 236 1666 Ὅτι
251 1647 312 1676 μεν
328 1633 394 1677 γὰρ
411 1632 632 1687 προέγνωστο
649 1633 696 1677 τῷ
716 1634 790 1665 Θεω
816 1632 869 1664 καὶ
886 1632 998 1673 Πατρι
1021 1632 1074 1664 καὶ
1098 1632 1164 1675 μὴν
1187 1632 1241 1665 καὶ
1263 1632 1352 1677 αὐτῷ
1377 1633 1422 1677 τῷ
1444 1632 1514 1677 Υἷῷ
1534 1632 1592 1674 τῆς
1616 1630 1708 1665 ε’ναν-

116 1678 325 1723 θρωπήσεως
340 1680 379 1713 τὸ
395 1678 594 1723 μυστήριον,
613 1667 854 1712 ενδοιάσειεν
837 1693 878 1712 αν
894 1678 1015 1717 οὐδεὶς,
1034 1692 1087 1711 και
1111 1678 1150 1720 ἐξ
1175 1679 1278 1712 αἰτοῦ
1296 1680 1356 1711 τοῦ
1373 1678 1502 1713 εἰκότος
1518 1678 1572 1711 καὶ
1591 1680 1649 1711 τοῦ
1666 1680 1707 1721 τῇ

115 1726 250 1769 θεότητι
265 1724 455 1770 πρέποντος
470 1725 770 1768 ἀναπεπεισμένος.
807 1724 840 1758 τί
860 1726 927 1769 γὰρ
947 1724 1100 1759 ἄποπτον
1117 1725 1223 1768 αὐτῇ·
1214 1750 1224 1764 ,
1251 1724 1285 1758 τί
1301 1725 1356 1758 δαὶ
1379 1728 1445 1758 τῶν
1462 1725 1586 1766 ἐσομέι
1588 1739 1633 1758 ων
1650 1725 1710 1758 οἰκ

117 1771 191 1816 ᾔδει
215 1786 269 1805 και
291 1772 371 1815 πρὶν
388 1771 435 1807 εἷς
456 1786 562 1817 περας
581 1770 747 1817 [ἑσπερας
766 1770 843 1816 CL]
864 1771 996 1811 ἐλθεῖν;
1022 1771 1257 1815 προσεμπεδοῖ
1274 1770 1343 1804 δὲ
1328 1773 1412 1814 ημᾶς
1429 1772 1483 1805 καὶ
1506 1773 1524 1804 6
1546 1771 1708 1814 μακάριος

115 1820 256 1854 Παῦλος
279 1819 360 1852 αυτὸ
385 1820 486 1852 τοῦτο
510 1819 655 1863 γράφων
677 1819 712 1851 ἐν
734 1820 774 1861 τῇ
797 1819 883 1862 πρὸς
898 1816 1108 1862 Ἐφεσίους’
1112 1823 1166 1851 Επ
1168 1819 1306 1861 ιστολῇ,
1324 1817 1384 1852 κᾶν
1400 1820 1440 1861 τῇ
1467 1818 1642 1861 δευτέρᾳμ
1623 1819 1710 1861 πρὸς

115 1865 278 1924 Τιμόθεον
304 1865 439 1909 ὁμοίως,
463 1865 707 1909 προωρίσμεθα
731 1865 797 1909 γὰρ
826 1864 919 1907 ἡμεῖς
949 1864 990 1898 δι’
1017 1864 1121 1898 αὐτοῦ
1148 1867 1208 1898 τοῦ
1233 1867 1387 1908 Χριστοῦ
1409 1865 1495 1908 πρὸς
1523 1864 1708 1898 ῑῖοθεσίαν·

115 1913 170 1946 καὶ
195 1911 335 1957 γέγονεν
363 1911 442 1954 ἡμῖν
469 1913 697 1955 πρωτότοκος,
724 1910 764 1945 ἵν’
791 1910 869 1955 ἡμῖν
896 1911 1113 1954 ἀνθρωπίνως
1146 1912 1384 1969 σιντάττηται,
1413 1912 1521 1945 καίτοι
1554 1912 1638 1945 Θεὸς
1664 1911 1711 1945 ὧν

114 1958 224 2003 φύσει
253 1959 307 1992 καὶ
331 1959 410 1993 Υἱὸς
437 1958 584 2001 ἀληθῶς.
618 1972 681 2003 ουχ
709 1956 898 2002 εὑρήσομεν
924 1957 961 1991 δε
985 1958 1068 1991 κατὰ
1093 1959 1290 2002 πρόγνωσιν
1313 1958 1491 2015 ἄνθρωπον
1507 1958 1609 1991 αι’-τὸν
1625 1957 1709 1991 ὦνο-

114 2004 291 2049 μασμένον
314 2004 443 2045 ἁπλῶς,
458 2006 596 2061 γυμνὸν
624 2004 664 2063 δὴ
688 2005 786 2063 λεγω
813 2005 867 2038 καὶ
894 2004 973 2048 δίχα
1002 2006 1062 2038 τοῦ
1090 2004 1270 2038 ενωθέντος
1288 2004 1388 2061 αἰτῲ
1415 2003 1490 2038 καθ’
1517 2004 1711 2038 υπόστασιν

115 2053 241 2109 Λόγου,
259 2066 313 2085 και
339 2051 378 2085 οὐ
406 2050 535 2095 μνήμης
561 2052 662 2085 αὐτὸν
685 2050 704 2094 ἦ
733 2052 922 2094 επισκοπῆς
946 2051 991 2085 ὧς
1016 2050 1073 2084 ἕια
1097 2053 1164 2085 τῶν
1185 2050 1261 2084 καθ’
1280 2050 1366 2094 ἡμᾶς
1389 2049 1558 2094 ἧξιῶσθαί
1582 2052 1707 2095 φαμεν·

114 2099 222 2132 ἐκεῖνο
247 2098 284 2132 δὲ
309 2099 443 2142 μᾶλλον
463 2097 718 2142 περινοὴσωμεν
734 2098 897 2137 εἰσεβῶς·
925 2096 1092 2141 εθελὴσας
1113 2098 1179 2142 γὰρ
1197 2099 1215 2131 ὁ
1236 2097 1271 2131 ἐκ
1290 2100 1378 2131 Θεοῦ
1395 2099 1506 2142 Λόγος
1524 2097 1558 2131 ἐν
1575 2097 1708 2141 είδοκίᾳ

114 2146 253 2189 Πατρὸς
277 2144 454 2188 ανθρωπος
477 2144 637 2189 γενέσθαι
663 2143 739 2178 καθ’
761 2144 857 2187 ἡμᾶς,
876 2148 900 2162 “
915 2143 1006 2179 ὅπως
1027 2145 1142 2188 χάριτι
1169 2146 1257 2177 Θεοῦ
1283 2144 1366 2199 υπέρ
1395 2145 1520 2179 παντὸς
1543 2143 1708 2189 γεύσηται

115 2191 293 2234 θανάτου,”
310 2190 431 2225 ιδιον’
414 2190 600 2234 εποιὴσατο
622 2194 721 2234 σῶμα
743 2192 782 2224 τὸ
806 2193 877 2226 τοῖς
901 2190 1046 2224 θανάτου
1072 2191 1212 2234 δεσμοῖς
1235 2191 1462 2234 ὑποκείμενον,
1480 2190 1532 2224 ἵνα
1551 2204 1604 2223 και
1622 2190 1708 2234 ὑπερ

115 2239 250 2274 πάντων
267 2238 314 2273 εἷς
331 2237 442 2281 ὀσμὴν
458 2237 631 2272 εὐωδίας’
614 2238 732 2271 εαυτόν
748 2237 893 2276 ἀναθείς,
911 2237 994 2270 διὰ
983 2238 1042 2280 τῆς
1059 2236 1144 2272 ἰδίας
1163 2238 1290 2280 σαρκὸς
1306 2237 1502 2295 καταργήσῃ
1521 2236 1675 2270 θάνατον.

161 2285 252 2319 Φασι
274 2284 312 2318 δε
334 2285 388 2318 καὶ
410 2286 510 2318 τοῦτο
534 2284 588 2317 καὶ
611 2283 836 2317 διατείνεσθαι
858 2282 1156 2328 τεθαρρὴκασιν,”’
1137 2297 1189 2317 οτι
1208 2283 1247 2326 δὴ
1265 2284 1403 2317 πάλιν“
1387 2298 1404 2317 ο
1422 2283 1458 2316 ἐκ
1477 2285 1566 2316 Θεοῦ
1584 2284 1707 2327 Λόγος,

116 2329 192 2364 63⁶
177 2346 216 2365 ον
232 2331 273 2365 τᾶ
290 2331 399 2365 πάντα
417 2344 470 2364 και
487 2329 527 2364 δι’
546 2330 585 2364 οῦ
602 2330 643 2364 τὰ
659 2330 778 2372 πάντα,
796 2331 855 2364 τὸν
871 2329 907 2363 ἐκ
923 2331 983 2373 τῆς
1005 2329 1103 2375 ἁγίας
1125 2329 1296 2374 παρθένου
1318 2344 1560 2386 γεγεννημενον
1577 2330 1708 2372 ἅνθρω-

114 2391 182 2411 πον
208 2378 402 2411 τετελείωκε
430 2377 485 2411 διὰ
513 2377 729 2420 παθημάτων,
757 2377 802 2411 ὧς
831 2378 890 2419 τῆς
919 2376 1088 2419 σωτηρίας
1116 2376 1208 2420 ἡμῶν
1237 2376 1400 2421 ἀρχηγόν·
1435 2376 1612 2420 ψευδοεπῆ
1642 2390 1708 2409 που

115 2424 249 2459 πάντως
277 2423 526 2479 ἀποφαίνοντες
552 2425 611 2457 τὸν
638 2422 820 2467 προφήτην
849 2422 996 2468 λέγοντα
1031 2427 1055 2441 “
1069 2423 1118 2456 Ου
1149 2422 1317 2468 πρεσβυς,
1344 2437 1404 2457 οικ
1419 2423 1594 2481 ἅγγελος,
1628 2421 1708 2455 ἀλλ’

116 2470 217 2505 αὖτὸς
233 2472 251 2503 ὁ
269 2469 427 2514 Κύριος*
409 2484 543 2505 εσωσεν
559 2469 690 2505 αὐτούς.
744 2471 810 2504 ποῦ
834 2470 900 2515 γὰρ
925 2470 974 2503 ἔτι
1000 2484 1154 2504 σεσωκεν
1179 2469 1264 2513 ἡμᾶς
1287 2469 1391 2527 αὐτὸς
1411 2471 1429 2502 6
1452 2469 1588 2513 Κιριος,
1612 2469 1641 2502 εἶ
1666 2468 1708 2502 δι’

116 2517 191 2552 ἑνὸς
214 2520 281 2551 τῶν
301 2516 381 2550 καθ’
400 2516 495 2560 ἡμᾶς,
515 2516 568 2550 καὶ
594 2516 629 2550 ἐν
653 2516 832 2561 ὁμοδουλῳ
858 2516 1089 2558 σεσώσμεθα;
1116 2517 1237 2550 ἑνώσει
1266 2530 1327 2559 μεν
1353 2516 1420 2561 γὰρ
1446 2518 1486 2559 τῇ
1520 2515 1597 2549 καθ’
1625 2515 1709 2549 ὑπό-

118 2577 245 2598 στασιν
270 2563 306 2597 ἐν
328 2565 467 2608 Χριστῷ
497 2563 536 2596 τὸ
565 2563 773 2606 ἀνθρώπινον
799 2565 838 2606 τῇ
871 2563 931 2606 τῆς
958 2563 1106 2605 ἀληθοις
1135 2564 1330 2618 κυριότητος
1357 2563 1588 2607 στεφανουται
1616 2563 1709 2605 τιμῇ.

117 2609 280 2653 καθήκετο
297 2611 364 2654 γάρ
383 2609 418 2643 ἐν
434 2611 474 2652 τῇ
491 2612 551 2643 τοῦ
576 2609 703 2643 δούλου
726 2611 859 2654 μορφῇ,
877 2610 984 2643 καίτοι
1010 2610 1094 2643 κατὰ
1117 2608 1228 2654 φυσιν
1253 2608 1473 2653 ἐλεύθερος
1455 2624 1501 2642 ων
1524 2611 1542 2642 6
1565 2609 1602 2642 ἐκ
1621 2610 1710 2641 Θεοῦ

118 2658 241 2701 Λόγος,
266 2655 319 2690 ἵνα
348 2655 479 2699 δοξάσῃ
508 2657 547 2690 τὸ
576 2656 711 2697 δοῦλον,
738 2670 792 2689 και
820 2657 879 2699 τῆς
907 2655 1049 2699 ἐνούσης
1078 2656 1245 2701 ευγενείας
1273 2656 1362 2700 αι’τῷ
1397 2656 1457 2699 τὴν
1484 2657 1709 2698 λαμπρότητα

116 2701 312 2746 προξενῆση
328 2704 368 2745 τῇ
386 2700 507 2746 φύσει.
541 2702 570 2736 εἷ
593 2702 630 2736 δε
654 2701 694 2745 δὴ
715 2717 766 2737 τις
786 2701 979 2745 ἀποστήσει
1002 2702 1038 2735 ἐκ
1055 2703 1112 2745 τῆς
1128 2703 1215 2746 πρὸς
1232 2702 1319 2736 Θεὸν
1337 2703 1490 2736 ἑνὼσεως
1506 2702 1655 2745 ἀληθοῦς
1671 2702 1710 2734 τὸ

117 2749 339 2793 ἀνθρώπινον,
354 2748 478 2792 ἕψεται
492 2748 532 2792 δὴ
545 2749 678 2784 πάντως
690 2762 750 2782 ουκ
764 2749 799 2782 ἐν
813 2751 995 2805 κυριότητι·
1013 2749 1138 2789 πόθεν;
1156 2747 1235 2782 ἀλλ’
1255 2749 1289 2782 ἐν
1301 2750 1396 2784 τοῖς
1385 2750 1443 2791 τῆς
1456 2749 1611 2782 δουλείας
1628 2748 1710 2781 αι’τὸ

117 2795 343 2839 καταθήσεται
367 2809 515 2838 μετροις.
549 2795 606 2828 ὅτε
630 2796 743 2829 τοίνυν
759 2798 913 2830 σέσωκεν
930 2795 1016 2838 ἡμᾶς
1039 2795 1140 2831 αὐτὸς
1157 2797 1175 2828 6
1193 2794 1316 2838 Κυριος
1333 2797 1416 2829 κατὰ
1432 2795 1493 2830 τὰς
1508 2795 1656 2839 γραφὰς
1676 2793 1711 2827 τί

116 2844 356 2886 παραιτοῦνται
380 2842 438 2875 τὸν
461 2843 640 2876 σεσωκότα
662 2843 722 2885 τῆς
743 2841 795 2875 ὅτι
820 2842 972 2886 μάλιστα
995 2841 1195 2885 πρεπούσης
1219 2842 1371 2877 ειῖκλείας
1375 2842 1508 2898 Ααίτῷ;
1529 2839 1708 2875 παύσασθε

119 2887 321 2932 διορίζοντες
336 2890 397 2921 τοῦ
414 2888 528 2932 Λόγου
544 2888 583 2921 τὸ
600 2887 853 2932 ἀνθρώπινον,”
840 2903 892 2922 ινα
915 2889 960 2932 μὴ
977 2889 1088 2922 κοινὸν
1103 2888 1282 2931 ἄνθρωπον
1299 2890 1435 2932 σωτῆρα
1459 2889 1511 2921 καὶ
1533 2886 1710 2930 λιτρωτὴν

117 2935 166 2981 τῷ
183 2935 249 2980 βίῳ
269 2933 353 2980 [τῶν
368 2934 454 2975 βίων
473 2932 550 2979 Cn]
571 2933 762 2979 κηρὺττητε.
