2027 3257
302 132 386 172 216
453 132 500 172 B.
536 131 780 172 CYRILLI
813 130 1158 173 ALEXANDR.
1194 131 1565 173 FRAGMENTA
1626 133 1709 174 viii.
1733 146 1794 187 19,
1816 145 1881 175 20.

91 205 105 246 [
126 204 162 235 28
181 204 229 236 M.
248 205 260 246 ]

235 303 280 339 19
311 288 364 328 ‘H
406 287 482 345 Γὰρ
521 287 847 345 ἀποκαραδοκία
885 292 960 329 τιῖιε
999 286 1177 329 κτίσεως
1214 287 1290 329 τέιν
1329 287 1601 340 ἀποκάλυψιν
1639 288 1724 330 τῶν
1763 286 1864 330 υἷῶν

815 373 888 411 τοῦ
927 369 1037 410 Θεοῦ
1076 369 1372 426 ἀπεκδέχεται.

374 479 747 551 Ἀποκοιροιὸοκιόι
780 482 865 545 μέν
892 484 1022 533 ἐστιν
1050 483 1075 546 ἡ
1106 485 1252 546 ἐλπὶς,
1280 485 1354 534 καὶ
1382 484 1409 548 ἡ
1438 487 1518 547 τῆς
1544 488 1637 534 τῶν
1662 482 1882 548 πραγμά-

301 587 396 614 των
419 562 657 623 ἐκβάσεως
683 565 947 629 προσδοκία
972 587 1020 614 τε
1048 566 1122 614 καὶ
1147 563 1434 630 ἐπιτήρησις·
1476 565 1708 630 ἐκδέχεται
1734 564 1882 629 γεμὴν

303 646 331 707 ἡ
359 645 509 699 κτίσις
541 644 608 704 τὴν
633 641 941 712 ἀποκάλυψιν
967 644 1045 696 τῶν
1075 644 1247 696 τέκνων
1272 648 1342 696 τοῦ
1369 648 1494 704 Θεοῦ,
1524 647 1606 696 οὐκ
1640 645 1755 709 αὐτή
1790 669 1882 696 που
1902 659 1924 696 5

301 726 490 780 πάντως
515 730 657 778 εἰδυῖα
681 727 735 777 τὸ
762 725 999 789 ἐσόμενον,
1025 731 1125 781 πῶς
1151 726 1245 794 γὰρ
1272 726 1298 792 ἦ
1325 726 1469 778 πόθεν
1492 749 1504 788 ;
1549 729 1657 777 ἀλλ’
1686 727 1757 777 ὅτι
1782 732 1882 780 ταῖς

303 807 582 875 ἀποῤῥήτοις
623 808 900 871 οἰκονομίαις
941 813 1024 858 τοῦ
1066 807 1221 859 πάντα
1261 808 1677 874 μεταρυθμίζοντος
1724 812 1786 862 εἷς
1827 809 1881 859 τὸ

303 889 490 951 ἄμεινον
515 893 655 951 Θεοῦ,
682 888 800 955 πρὸς
835 895 974 940 τοῦτο
1002 889 1100 957 ἥξει
1140 890 1194 940 τὸ
1232 889 1385 942 τέλος·
1428 890 1882 953 μεταπλαττομένων

303 971 395 1036 γὰρ
421 969 583 1038 ὥσπερ
610 975 672 1025 εἰς
706 970 851 1039 δόξαν
879 971 935 1039 ἐξ
959 971 1155 1034 ἀτιμίας,
1183 973 1256 1022 καὶ
1292 973 1340 1021 ἐκ
1374 976 1555 1040 φθορᾶς
1590 976 1652 1024 εἷς
1688 973 1875 1039 ἀφθαρ-

301 1053 424 1115 σίαν,
462 1057 559 1103 τῶν
598 1058 681 1103 τοῦ
721 1056 845 1103 Θεοῦ
892 1054 1078 1115 τέκνων,
1119 1052 1335 1103 τουτέστι
1374 1057 1467 1102 τῶν
1512 1052 1597 1116 τὴν
1641 1053 1881 1115 εὐδόκιμον
1905 1072 1953 1098 10

300 1133 678 1200 κατωρθωκότων
704 1133 837 1200 ζωὴν,
863 1136 938 1184 καὶ
977 1133 1093 1198 αὐτή
1128 1157 1220 1185 που
1245 1134 1433 1188 πάντως
1459 1135 1486 1198 ἡ
1515 1135 1666 1188 κτίσις
1700 1138 1876 1200 μεθαρ-

299 1215 595 1280 μοσθήσεται
633 1215 750 1280 πρὸς
788 1214 842 1265 τὸ
881 1215 1081 1276 ἄμεινον·
1142 1217 1217 1266 καὶ
1257 1214 1376 1282 πρός
1419 1239 1472 1281 γε
1515 1222 1654 1266 τοῦτο
1698 1212 1818 1280 ἡμᾶς
1857 1216 1882 1265 ὁ

1643 1305 1669 1327 66

81 1310 234 1341 zss-Pet.
301 1297 554 1350 θεσπέσιος
600 1296 782 1364 Πέτρος
826 1296 1069 1363 ἐνδοιάζειν
1113 1298 1196 1347 οὐκ
1242 1299 1294 1365 ἐᾷ
1341 1297 1483 1348 εἰπὼν
1529 1297 1599 1348 ὅτι
1699 1296 1882 1350 καινοὺς

77 1364 123 1384 ¹¹¹·
146 1362 192 1393 ¹3·
301 1385 327 1408 ιι
354 1378 577 1445 Οὐραμοὺς
627 1380 702 1429 καὶ
755 1378 918 1442 καινὴν
969 1381 1059 1444 γῆν
1110 1380 1185 1430 καὶ
1237 1379 1295 1430 τὰ
1346 1378 1688 1445 ἐπαγγέλματα
1738 1380 1881 1430 αὑτοῦ

729 1460 739 1476 ’

300 1467 327 1490 “
352 1459 725 1528 προσδοκῶμεν.’
1903 1479 1950 1516 15

160 1633 208 1659 20
224 1635 276 1672 sq.
620 1613 683 1671 Τῇ
723 1613 801 1670 Γὰρ
838 1613 1092 1662 μοιτοιιότΗτι
1130 1614 1153 1653 ἡ
1195 1614 1325 1655 κτίσις
1363 1614 1566 1661 ὑπετάῑῊ.

362 1726 673 1790 Ματαιότητα
693 1725 854 1778 ἐνθάδε
881 1729 1004 1795 φησὶ
1029 1727 1134 1781 τοὺς
1160 1727 1332 1794 ζῶντας
1358 1729 1405 1778 ἐν
1431 1726 1712 1795 ματαιότητι,
1737 1747 1876 1776 τουτ-

298 1808 427 1858 έστιν
453 1809 502 1858 ἐν
529 1807 793 1875 φρονήματι
828 1813 1056 1877 σαρκικῴ·
1119 1811 1224 1874 περὶ
1254 1807 1318 1859 ὧν
1341 1808 1399 1859 ἂν
1426 1807 1611 1873 λέγοιτο
1641 1809 1715 1857 καὶ
1748 1806 1880 1868 μάλα
2017 1829 2027 1890 NJ

517 1897 543 1918 ‘4
561 1889 580 1907 ,Ι

76 1909 281 1948 Ps.cxliii.4.
298 1888 483 1943 εἰκότως
585 1893 847 1956 Ανθρωπος
883 1888 1156 1955 ματαιότητι
1184 1890 1446 1954 ὡμοιώθη·”
1488 1890 1564 1939 καὶ
1587 1886 1681 1952 μὴν
1708 1890 1781 1938 καὶ
1809 1888 1879 1939 ὅτι

76 1987 244 2018 Ps.x1viii.
297 1978 325 2000 ‘⁶
349 1970 756 2037 παρασυνεβλήθη
793 1977 888 2024 τοῖς
928 1973 1117 2035 κτήνεσι
1156 1977 1250 2025 τοῖς
1290 1971 1500 2035 ἀνοήτοις
1543 1971 1618 2020 καὶ
1661 1970 1878 2035 ὡμοιώθη
1898 2001 1947 2026 20

79 2038 127 2070 13‘
298 2059 325 2083 “
351 2053 552 2106 αὐτοῖς·”
612 2051 864 2117 ματαιότης
913 2053 1006 2119 γὰρ
1053 2055 1243 2117 ἀληθῶς
1287 2058 1381 2104 τῶν
1423 2052 1644 2103 τοιούτων
1686 2052 1710 2100 ὁ
1754 2051 1875 2112 βίος·

295 2134 475 2189 τούτοις
508 2135 535 2198 ἡ
572 2135 722 2188 κτίσις
756 2133 1092 2197 ὑποτάσσεται,
1119 2137 1194 2186 καὶ
1223 2136 1320 2186 οὕτι
1346 2157 1439 2186 που
1468 2133 1656 2187 πάντως
1682 2134 1873 2184 ἑκοῦσα”

293 2215 468 2279 πόθεν;
509 2221 610 2270 πῶς
636 2216 683 2267 δὲ
712 2215 768 2280 δὴ
790 2216 882 2282 ἄρα
908 2218 982 2267 καὶ
1011 2216 1153 2267 τοῦτο’
1176 2221 1363 2284 φαμεν;
1406 2214 1498 2267 οἶδε
1525 2214 1609 2279 μὲν
1634 2214 1727 2280 γὰρ
1754 2214 1878 2268 ὅλως

293 2302 387 2347 τῶν
422 2299 528 2348 καθ’
558 2298 677 2361 ἡμᾶς
716 2297 897 2361 οὐδὲνὴ
934 2297 1138 2363 αἰσθητή
1174 2321 1222 2350 τε
1257 2300 1332 2349 καὶ
1371 2297 1579 2362 ὁρωμένη
1619 2297 1783 2349 κτίσις·
1824 2296 1877 2346 οὐ

294 2378 386 2444 γάρ
423 2380 525 2429 ἐστι
565 2378 749 2443 λογική·
794 2380 904 2429 ἀλλ’
934 2383 971 2430 εἰ
997 2381 1078 2430 καί
1100 2402 1168 2433 τις
1196 2380 1296 2444 δοίη
1322 2379 1375 2431 τὸ
1412 2379 1647 2429 δύνασθαί
1680 2400 1723 2428 τι
1759 2382 1877 2428 νοεῖν
1897 2404 1944 2441 25

142 2479 198 2513 29
218 2477 277 2513 Μ.
295 2459 456 2524 αὐτὴν,
485 2460 567 2510 οὐκ
602 2459 660 2510 ἂν
696 2459 923 2527 ἠνέσχετό
954 2465 1078 2530 φησι
1114 2464 1197 2525 τῆς
1233 2462 1380 2514 οὕτως
1415 2464 1616 2527 αἰσχρᾶς
1651 2460 1876 2521 δουλείας,

343 2612 377 2645 3.
404 2601 478 2635 Inc.
496 2600 764 2645 Ἀποκαραδοκία
781 2602 842 2646 μὲν
859 2601 916 2636 οὖν
934 2602 1028 2636 ἐστιν
1045 2603 1089 2637 A.
1289 2614 1322 2645 4.
1348 2616 1384 2636 τε
1402 2613 1472 2636 om.
1492 2601 1534 2635 A.
1733 2611 1766 2644 5.
1793 2600 1875 2644 αὐτή

295 2662 361 2682 που
377 2648 509 2682 πάντως
527 2658 596 2681 om.
616 2649 659 2682 A.
869 2648 901 2682 6.
929 2649 980 2682 ὅτι
997 2660 1068 2682 om.
1087 2650 1130 2682 A.
1336 2649 1368 2682 S.
1394 2649 1480 2692 πρὸς
1496 2648 1595 2681 τοῦτο
1612 2645 1684 2690 ἥξει
1702 2646 1740 2679 τὸ
1757 2646 1873 2691 τέλος]

294 2694 524 2738 προσδοκῶσα
541 2695 600 2737 τὴν
618 2694 664 2729 εἷς
680 2695 718 2728 τὸ
737 2696 886 2738 κρεῖττον
904 2694 992 2737 ἕξειν
1008 2694 1203 2737 μεταβολήν
1219 2694 1263 2729 Α.
1509 2705 1542 2737 9.
1568 2692 1651 2737 γὰρ]
1676 2697 1711 2732 -1-
1732 2696 1798 2726 τῶν
1814 2695 1875 2727 τοῦ

296 2743 384 2774 Θεοῦ
409 2740 531 2774 τέκνων
555 2744 620 2774 τῶν
645 2741 817 2780 θεοσεβῶς
843 2742 1014 2783 ζησάντων
1031 2741 1074 2774 Α.
1126 2740 1252 2774 Statim
1270 2741 1385 2783 ὥσπερ
1404 2751 1473 2773 om.
1494 2740 1537 2773 A.
1609 2739 1647 2783 ἐξ
1671 2737 1804 2781 ἀτιμίας
1828 2739 1875 2774 εἷς

295 2787 399 2830 δόξαν
415 2787 554 2821 inverso
574 2786 694 2820 ordine
713 2787 755 2820 A.
808 2786 935 2820 Statim
956 2786 1325 2830 καὶ-κατωρθωκότων
1343 2787 1428 2828 ζωὴν
1444 2797 1515 2819 om.
1534 2785 1577 2819 Α.
1730 2797 1742 2818 1
1754 2797 1783 2818 1.
1809 2799 1875 2819 που

295 2845 365 2867 om.
385 2834 428 2867 A.
675 2843 727 2867 12.
753 2831 903 2877 ἄμεινον]
928 2837 965 2872 -Ι-
986 2833 1045 2876 τὴν
1061 2833 1262 2876 πρέπουσαν
1279 2834 1348 2867 τοῖς
1365 2833 1439 2866 τότε
1460 2833 1585 2875 καιροῖς
1603 2831 1756 2875 αὐχοῦσα
1774 2832 1874 2865 κατά-

297 2894 422 2914 στασιν
439 2881 482 2913 A.
593 2890 645 2921 14.
673 2878 743 2924 καὶ]
767 2879 818 2913 Ita
836 2884 868 2912 et
888 2879 929 2912 B.
949 2878 994 2913 cf.
1011 2879 1045 2912 in
1065 2879 1110 2912 xii
1128 2878 1259 2923 Proph-
1278 2879 1340 2911 801
1364 2890 1395 2912 a.
1414 2879 1495 2912 κατὰ
1514 2878 1558 2912 Α.
1674 2878 1727 2912 16.
1756 2877 1873 2912 Schol.

295 2926 361 2960 hoc
379 2925 517 2961 exhibet
535 2934 567 2960 et
584 2927 627 2961 A.
819 2936 873 2959 20.
899 2925 1179 2969 παρεσυνεβλὴθη
1199 2926 1229 2959 Λ
1250 2924 1397 2969 (Alex.)-
