2012 3272
476 162 554 202 DE
587 160 939 202 DOGMATUM
979 160 1334 202 SOLUTIONE.
1617 163 1695 202 561

110 270 277 330 βαλὼν
318 274 383 339 τῷ
422 271 622 340 θανάτῳ,
663 275 721 338 τῇ
764 271 856 338 ἰδίᾳ
895 271 1037 335 σαρκὶ
1081 268 1387 335 καταργήσας
1430 267 1586 332 αὐτὸν,
1625 274 1699 321 καὶ

109 350 306 403 λέλυται
346 355 429 417 τῆς
470 353 667 420 ἀρχαίας
705 354 819 418 ἀρᾶς
857 352 885 415 ἡ
926 351 1119 414 δύναμις
1158 353 1206 402 ἐν
1248 352 1387 420 αὐτῷ.
1444 350 1517 402 διὰ
1561 352 1700 402 τοῦτό

110 438 261 502 φησιν
300 435 325 484 6
363 434 617 503 πάνσοφος
659 438 870 492 Παῦλος,
916 434 987 484 ὅτι
1030 432 1193 499 ὥσπερ
1241 440 1268 463 ‘⁶
1289 434 1343 484 δι’
1384 435 1636 499 ἀνθρώπου
1674 435 1699 484 ὁ
1762 435 1884 508 30⁴2ss

111 522 138 545 “
164 514 377 577 θάνατος,
405 517 525 567 οὕτω
564 519 638 567 καὶ
677 517 730 566 δι’
774 515 1024 581 ἀνθρώπου
1063 514 1329 569 ἀνάστασις
1370 517 1583 581 νεκρῶν,”
1624 518 1744 567 καὶῖ)

69 618 91 654 5
110 595 257 647 πάλιν
295 597 534 663 (((Ώσπερ
569 599 617 648 ἐν
644 601 710 667 τῷ
742 597 900 661 Ἀδὰμ
933 597 1105 650 πάντες
1143 597 1546 662 ἀποθνήσκουσιν,
1578 599 1699 649 οὕτω
1763 609 1812 640 1¹1·
1833 617 1881 639 22·

111 685 138 708 ‘⁶
164 681 239 728 καὶ
278 680 326 730 ἐν
363 682 430 748 τῷ
468 683 669 749 Χριστῷ
710 678 880 733 πάντες
925 678 1405 744 ζωοποιηθήσονται.”
1468 681 1635 730 οὐκοῦν
1672 681 1699 743 ἡ

111 759 319 812 καθόλου
345 764 420 812 καὶ
459 761 742 825 γενικωτάτη
778 762 880 825 δίκη
908 760 983 812 διὰ
1009 764 1092 823 τῆς
1119 762 1168 811 ἐν
1193 760 1351 824 Ἀδὰμ
1379 760 1702 827 παραβάσεως

113 842 327 910 ἡφθορά
367 845 441 893 καὶ
474 845 499 893 ὁ
536 842 735 897 θάνατός
766 844 913 894 ἐστιν·
963 842 1131 906 ὁμοίως
1171 843 1198 906 ἡ
1238 842 1356 894 κατὰ
1394 843 1586 894 πάντων
1626 845 1702 894 καὶ

112 923 396 989 γενικωτάτη
448 924 687 990 λύτρωσις
737 927 784 976 ἐν
831 928 1032 994 Χριστῷ
1078 924 1365 977 τετέλεσται.
1430 925 1703 975 ἀπεδύσατο

47 1028 93 1052 ιο
114 1005 207 1072 γὰρ
238 1006 266 1070 ἡ
301 1006 551 1072 ἀνθρώπου
590 1007 736 1075 φύσις
768 1009 816 1058 ἐν
853 1008 980 1075 αὐτῷ
1013 1005 1096 1057 τὸν
1121 1005 1420 1074 ἐπιῤῥιφέντα
1458 1007 1576 1074 αὐτῇ
1611 1006 1697 1058 θά-

113 1110 268 1150 νατον,
294 1088 369 1138 διὰ
402 1094 484 1139 τοῦ
523 1090 743 1154 γενέσθαι
778 1088 995 1156 φθαρτὸν
1025 1088 1107 1138 τὸν
1141 1093 1331 1153 πρῶτον
1357 1089 1624 1154 ἄνθρωπον.
1677 1090 1703 1139 ὁ

113 1169 161 1220 δὲ
186 1169 388 1221 ἑκάστου
425 1170 554 1234 ἡμῶν
581 1170 754 1237 πατὴρ,
786 1170 872 1221 κᾶν
898 1171 1113 1238 ἁγιασθῇ
1140 1169 1216 1220 διὰ
1242 1175 1324 1221 τοῦ
1349 1171 1517 1236 ἰΑγίου
1547 1170 1699 1231 Πνεύ-

113 1274 274 1316 ματος,
307 1253 382 1303 καὶ
418 1254 670 1317 κομίσηται
709 1257 802 1303 τῶν
840 1252 1267 1317 πλημμελημάτων
1301 1252 1387 1316 τὴν
1425 1252 1614 1319 ἄφεσιν,
1650 1255 1744 1304 οὑο

113 1335 423 1402 παραπέμψει
462 1337 536 1385 καὶ
576 1339 637 1389 εἰς
663 1334 784 1398 ἡμᾶς
808 1333 863 1384 τὸ
891 1337 1055 1400 δῶρον.
1104 1333 1167 1387 εἶς
1194 1334 1287 1400 γάρ
1313 1336 1444 1385 ἐστιν
1471 1335 1496 1384 ὁ
1522 1333 1704 1389 πάντας

48 1438 93 1476 15
115 1416 318 1483 ἁγιάζων
344 1418 420 1467 καὶ
446 1418 635 1467 δικαιῶν
665 1418 739 1467 καὶ
766 1416 1056 1482 ἀνακομίζων
1082 1419 1144 1470 εἰς
1171 1417 1448 1485 ἀφθαρσίαν
1475 1417 1500 1466 ὁ
1530 1417 1704 1482 Κύριος

114 1498 246 1562 ἡμῶν
270 1499 457 1561 Ἰησοῦς
496 1499 521 1549 ὁ
560 1499 786 1565 Χριστὸς,
827 1500 903 1548 καὶ
941 1502 1002 1552 εἱς
1040 1498 1222 1551 πάντας
1260 1500 1308 1549 ἐν
1346 1498 1437 1567 ἴσῷ
1477 1499 1532 1548 δι’
1560 1499 1703 1549 αὐτοῦ

115 1581 190 1630 καὶ
227 1580 335 1646 παρ’
364 1580 508 1631 αὐτοῦ
541 1579 596 1630 τὸ
623 1582 774 1646 δῶρον
800 1580 998 1648 ἔρχεται.
1047 1580 1203 1647 ἕτερον
1230 1581 1288 1630 δέ
1317 1581 1448 1630 ἐστιν
1475 1579 1703 1645 ἁμαρτίας

83 1661 300 1729 4ἄφεσις,
339 1663 415 1712 καὶ
461 1662 616 1728 ἕτερον
660 1663 864 1712 θανάτου
905 1661 1063 1715 λύσις.
1121 1665 1196 1713 καὶ
1242 1662 1440 1715 ἕκαστος
1485 1661 1571 1724 μὲν
1612 1665 1708 1711 τῶν

115 1743 242 1794 ἰδίων
278 1743 704 1808 πλημμελημάτων
742 1744 966 1811 κερδαίνει
1002 1743 1087 1807 τὴν
1114 1743 1290 1813 ἄφεσιν
1315 1745 1364 1794 ἐν
1391 1747 1594 1812 Χριστῷ
1631 1742 1707 1794 διὰ

49 1846 97 1872 20
117 1830 198 1875 τοῦ
235 1825 402 1890 ‘Ayc'ov
442 1825 735 1890 Πνεύματος·
800 1829 930 1893 κοινῇ
969 1825 1017 1876 δὲ
1056 1823 1257 1878 ἅπαντες
1297 1824 1707 1887 ἀπαλλαττόμεθα

114 1908 197 1970 τῆς
236 1908 283 1957 ἐν
321 1908 486 1974 ἀρχαῖς
526 1908 854 1975 ἐπενεχθείσης
904 1907 1015 1970 ἡμῖν
1059 1907 1202 1971 δίκης,
1247 1910 1330 1971 τῆς
1372 1912 1456 1958 τοῦ
1501 1904 1750 1959 θανάτουᾰ

116 1990 237 2055 φημὶ
277 1988 552 2054 δραμούσης
583 1993 645 2043 εἷς
683 1988 913 2049 ἅπαντας,
956 1990 1061 2040 καθ’
1103 1987 1356 2053 ὁμοιότητα
1395 1994 1477 2039 τοῦ
1516 1987 1707 2054 πρώτου

115 2069 347 2124 πεσόντος
373 2073 435 2123 εἰς
459 2070 677 2122 θάνατον.
729 2070 808 2121 διὰ
832 2075 970 2122 τοῦτο
1007 2070 1101 2137 γὰρ
1128 2093 1204 2121 και
1230 2071 1255 2120 ὁ
1280 2069 1535 2138 πάνσοφος
1567 2073 1701 2120 Παῦ-

117 2150 203 2205 λός
230 2155 394 2219 φησιν,
417 2151 525 2202 ὅτιὸ
529 2152 917 2213 6ἐβασίλευσεν
898 2175 922 2202 ο
949 2151 1150 2205 θάνατος
1177 2151 1272 2202 ἀπὸ
1297 2151 1443 2214 Ἀδὰμ
1469 2152 1545 2201 καὶ
1570 2151 1708 2247 μέχρι
1770 2157 1863 2232 {wm-
1883 2169 1913 2189 V

51 2254 98 2292 25
118 2239 145 2262 ‘⁴
174 2232 421 2286 Μωυσέως
453 2256 528 2284 και
563 2235 637 2285 ἐπι
663 2256 770 2287 τους
808 2231 872 2297 μὴ
912 2232 1282 2299 ἁμαρτήσαντας
1317 2234 1391 2283 ε’πι
1429 2236 1496 2300 τῷ
1535 2231 1706 2293 ὁμοιώ-
1791 2210 1810 2241 4

119 2321 283 2378 “ματι
309 2317 390 2378 τῆς
416 2314 736 2381 παραβάσεως
753 2313 943 2378 Ἀδάμμ
984 2336 1118 2382 μεχρι
1145 2313 1237 2380 γὰρ
1261 2313 1404 2377 νόμου
1431 2311 1710 2380 κεκράτηκεν

165 2461 199 2492 4.
226 2449 280 2483 διὰ
299 2448 340 2484 C.
414 2450 498 2494 ζωῆς
514 2461 576 2494 pro
595 2453 717 2494 νεκρῶν
737 2449 822 2494 (sic)
841 2449 883 2484 C.
1065 2461 1098 2494 9.
1065 2448 1177 2494 96’11]
1202 2453 1236 2488 -1-
1259 2451 1306 2494 τῷ
1326 2448 1367 2483 C.
1547 2460 1600 2484 10.
1625 2449 1708 2493 αὐτῇ

119 2496 263 2530 θάνατον
279 2496 346 2530 hoc
364 2496 486 2530 ordine
503 2497 546 2530 A.
552 2496 594 2531 C.
827 2507 880 2530 12.
906 2495 1056 2540 ἁγιασθῇ
1079 2496 1242 2541 [ἡγιάσθη
1263 2496 1304 2530 C.
1310 2495 1323 2540 ]
1345 2496 1399 2529 διὰ
1417 2497 1477 2529 τοῦ
1495 2495 1594 2540 ἆγιου
1611 2496 1710 2530 πνεύ-

119 2557 223 2586 ματος
241 2543 284 2576 Α.
288 2541 329 2576 C.
354 2543 408 2576 διὰ
427 2546 486 2577 τοῦ
505 2543 601 2588 ἁγιου
618 2542 804 2586 πνεύματος
826 2542 974 2587 ἁγιασθῇ
999 2542 1162 2588 [(ιγιάσθη
1186 2542 1284 2576 Vulc.
1302 2542 1449 2587 ἡγιάσθη
1470 2541 1554 2587 Ed.]
1577 2542 1623 2576 D.
1644 2542 1710 2576 Ed.

124 2600 177 2634 13.
205 2590 383 2632 κομίσηται
401 2589 444 2623 A.
449 2589 490 2624 C.
495 2590 540 2624 D.
560 2590 724 2633 κομίσατο
743 2590 846 2624 V.ulc
864 2589 1045 2633 ἐκομίσατο
1063 2600 1253 2633 corrlgens,
1270 2589 1366 2622 unde
1383 2588 1450 2623 Ed.
1515 2592 1582 2622 τῶν
1597 2590 1711 2632 πλημ-

121 2636 321 2678 μελημάτων
338 2635 397 2678 τὴν
414 2635 481 2669 hoc
499 2635 621 2670 ordine
638 2636 682 2671 A.
687 2636 728 2670 C.
922 2646 976 2677 14.
1003 2635 1056 2669 καὶ
1073 2636 1112 2670 οὐ
1128 2634 1377 2680 παραπέμψει
1370 2646 1510 2668 mverso
1527 2634 1649 2668 ordine
1668 2634 1710 2669 C.

126 2690 179 2723 15.
205 2681 412 2724 ἀνακομίζων
428 2682 474 2717 εἷς
491 2682 689 2727 ἀφθαρσίαν
707 2682 774 2716 hoc
791 2681 914 2716 ordine
931 2682 975 2716 A.
980 2680 1022 2716 C.
1197 2681 1251 2715 16.
1277 2683 1295 2714 6
1313 2689 1535 2724 assumptum
1554 2693 1595 2714 ex
1613 2681 1710 2714 A.D.

123 2727 245 2761 deest
237 2739 274 2761 ln
293 2727 335 2762 C.
406 2727 490 2774 ἰ’σῳ]
509 2728 569 2763 ἵδω
588 2730 668 2771 (sic)
686 2728 730 2764 A.
994 2737 1049 2772 17.
1075 2728 1128 2762 καὶ
1145 2728 1225 2771 παρ’
1245 2728 1347 2761 αὐτοῦ
1364 2733 1557 2772 assumpta
1552 2739 1602 2760 ex
1620 2727 1663 2760 A.
1668 2726 1709 2760 C.

126 2784 182 2808 20.
207 2774 350 2810 ἅπαντες
368 2774 411 2808 A.
416 2773 457 2808 C.
474 2775 595 2810 πάντες
613 2775 680 2810 Ed.
837 2785 892 2808 21.
918 2773 997 2818 ἡμῖν
1013 2775 1104 2817 δίκης
1122 2774 1189 2808 hoc
1207 2774 1329 2808 ordine
1346 2774 1390 2807 A.
1394 2773 1434 2807 C.
1592 2783 1646 2806 22.
1672 2773 1709 2805 ἅ-

123 2834 234 2854 παντα
252 2820 293 2855 C.
365 2819 442 2853 καθ’
469 2821 649 2864 ὁμοιότητα
673 2823 734 2855 τοῦ
758 2822 894 2865 πρώτου
912 2821 955 2855 Α.
960 2820 1001 2855 C.
1026 2823 1086 2854 τοῦ
1110 2823 1247 2865 πρώτου
1272 2822 1332 2854 τοῦ
1360 2819 1436 2863 [τοῦ
1456 2830 1526 2852 om.
1547 2818 1592 2851 D.
1596 2816 1612 2862 ]
1632 2818 1710 2852 καθ’

126 2867 305 2909 ὁμοιότητα
324 2866 369 2900 D
390 2865 457 2900 Ed.
601 2878 657 2911 23.
675 2882 727 2901 και
746 2869 763 2900 ὁ
781 2868 962 2911 πάνσοφος
978 2868 1109 2902 παῦλός
1125 2868 1215 2911 φησι
1231 2866 1273 2900 Α.
1289 2880 1341 2899 και
1359 2867 1377 2899 6
1394 2880 1461 2898 παυ
1447 2866 1523 2899 Ἶλός
1539 2866 1650 2907 φησιν
1668 2863 1710 2897 C.

126 2914 216 2955 φησι
234 2913 321 2946 καὶὸ
338 2913 518 2955 πάνσοφος
535 2915 664 2949 παῦλος
682 2913 749 2948 Ed.
872 2923 926 2954 24.
952 2912 1215 2953 ἐβασίλευσεν’
1200 2927 1217 2945 ο
1236 2913 1377 2946 θάνατος
1398 2913 1462 2945 hoc
1480 2910 1601 2944 urdine
1619 2911 1662 2944 A.
1668 2910 1709 2944 C.

127 2959 180 2992 καὶ
197 2964 420 3003 assumptum
439 2971 480 2992 ex
499 2959 593 2993 A.D.
787 2958 839 2992 26.
866 2960 931 3003 γὰρ
949 2965 1171 3004 assumptum
1190 2970 1230 2992 cx
1249 2960 1290 2992 A.
1296 2958 1336 2991 C.

183 3028 275 3057 vot..
299 3030 357 3057 111.
886 3028 911 3066 4
935 3028 955 3054 c

848 3134 864 3149 Q
