2017 3252
346 653 382 1001 ,ΦΨ-Ρωεοτ·

348 1102 381 1194 005

632 514 715 555 DE
760 513 1144 556 DOGMATUM
1191 514 1588 556 SOLUTIONE„

410 638 475 675 An
495 638 666 674 membra
684 636 823 675 habeat
841 637 958 675 Deus.

413 702 517 750 Quid
535 702 682 739 homini
702 701 838 739 efficiat
858 701 1091 751 spiraculum
1111 703 1222 740 vitae.

374 799 381 806 .
411 768 475 804 An
485 767 598 816 juxta
612 766 818 816 imaginem
834 771 872 804 et
881 767 996 816 juxta
1008 767 1299 804 similitudinem
1317 767 1448 804 eadem
1461 766 1659 804 diversave
1676 765 1906 814 significent.

412 833 558 884 Utrum
578 831 651 869 Dei
671 831 796 881 imago
817 831 946 877 simus,
968 845 1017 868 an
1036 832 1214 881 imaginis
1233 832 1370 881 imago.

412 897 477 934 An
496 897 677 946 proficere
696 896 817 945 possit
837 897 963 934 seculo
983 900 1146 934 venturo
1166 896 1306 933 anima.

412 963 491 1000 Cur
520 975 567 998 ex
599 961 726 998 Adam
754 961 1031 998 transmittitur
1062 974 1196 1010 poena,
1227 960 1381 998 Christo
1408 960 1623 998 vivificatus
1652 960 1738 1010 quis
1767 959 1906 997 sancti-

480 1030 602 1064 tatem
621 1039 697 1063 non
716 1025 957 1062 transmittit.

411 1091 474 1128 An
493 1090 720 1128 resurrectio
735 1089 816 1138 jam
836 1090 934 1126 facta
954 1089 1014 1126 sit.

375 1186 383 1194 .
413 1156 471 1194 De
491 1156 648 1193 Lazaro.
1780 1198 1782 1201 r

375 1250 382 1258 .
412 1220 473 1258 An
501 1220 623 1269 possit
651 1220 756 1257 Deus
789 1232 832 1256 ea
861 1231 956 1268 quae
989 1218 1196 1268 praeterita
1225 1219 1304 1268 jam
1339 1219 1417 1256 sint
1450 1218 1596 1256 efficere
1624 1222 1668 1256 ut
1698 1231 1908 1268 numquam

481 1284 713 1334 contigerint
727 1284 740 1320 2

484 1455 934 1496 RESPONSIONES
966 1456 1049 1495 AD
1080 1454 1385 1495 TIBERIUM
1417 1454 1747 1495 DIACONUM

942 1539 1291 1581 SOCIOSQUE.

378 1688 384 1695 .
415 1657 610 1695 Adversus
630 1657 797 1694 dicentes
816 1656 978 1694 formam
998 1656 1205 1694 humanam
1225 1661 1262 1693 et
1283 1656 1466 1694 Divinam
1487 1669 1577 1694 esse.

789 1721 934 1758 Filium
950 1735 1070 1771 quum
1086 1721 1136 1758 sit
1151 1721 1191 1758 in
1210 1726 1314 1759 terra
1334 1735 1419 1759 cum
1434 1721 1550 1759 Patre
1571 1721 1778 1760 seeundum
1794 1721 1912 1771 hypo-

863 1787 982 1824 stasin
1003 1800 1079 1824 non
1099 1785 1275 1824 adfuisse.

787 1851 933 1888 Filium
978 1851 1171 1888 hominem
1218 1851 1361 1889 factum
1399 1851 1522 1889 coelos
1559 1850 1786 1890 Divinitatis
1823 1864 1912 1890 suae

862 1928 1001 1953 vacuos
1028 1915 1238 1964 reliquisse.

789 1979 933 2016 Filium
954 1980 1055 2016 diem
1075 1980 1324 2017 novissimum
1343 1981 1498 2018 nescire.

791 2044 932 2081 Filium
952 2044 1136 2082 miracula
1155 2049 1354 2094 operatum
1374 2059 1484 2083 carne
1504 2059 1572 2083 sua
1590 2059 1666 2083 non
1687 2049 1913 2095 cooperante

791 2109 935 2146 Filium
955 2122 1043 2146 eum
1062 2122 1174 2146 earne
1193 2123 1270 2146 non
1289 2114 1542 2159 assumptum.

380 2205 387 2212 .
418 2174 615 2222 Quomodo
635 2173 930 2224 intelligendum
949 2173 1119 2210 Verbum
1138 2187 1225 2211 earo
1249 2174 1392 2212 factum
1413 2179 1480 2213 est.

381 2270 388 2277 .
417 2239 612 2276 Adversus
632 2238 800 2276 dieentes
819 2238 884 2275 An
910 2238 1054 2287 aliquid
1074 2239 1263 2276 humanae
1291 2244 1451 2278 naturae
1480 2239 1640 2289 largitus
1666 2239 1716 2278 sit
1738 2239 1914 2278 Christus

487 2303 527 2339 in
547 2316 672 2341 carne.

383 2398 390 2405 .
421 2368 531 2415 Quod
550 2381 619 2416 per
639 2381 789 2405 carnem
810 2381 915 2405 suam
936 2368 1118 2406 miracula
1138 2373 1337 2418 operatum
1358 2369 1540 2407 Verbum.

384 2460 392 2468 .
423 2432 623 2479 Quomodo
643 2432 691 2469 ad
712 2432 784 2469 Dei
805 2432 1010 2482 imaginem
1029 2433 1153 2471 homo.

383 2527 391 2535 .
423 2497 535 2544 Quod
554 2497 835 2535 Eucharistiam
856 2498 897 2535 in
916 2498 1006 2536 solis
1028 2498 1235 2536 Catholicis
1255 2498 1434 2536 Ecclesiis
1456 2499 1645 2536 celebrare
1666 2503 1852 2548 oporteat.

385 2591 392 2598 .
422 2562 534 2609 Quod
554 2562 722 2599 carnales
743 2562 959 2599 affectiones
979 2567 1158 2600 truncare
1176 2562 1365 2611 possimus
1385 2563 1577 2601 eradicare
1597 2577 1674 2602 non
1693 2564 1826 2602 adhuc.

385 2656 392 2665 .
421 2625 617 2664 Adversus
636 2626 804 2664 dieentes
823 2626 886 2664 An
906 2626 988 2664 fieri
1008 2627 1179 2675 potuerit
1198 2628 1299 2676 quod
1318 2632 1447 2676 peccet
1468 2628 1654 2666 Christus.

830 2690 895 2728 An
915 2696 952 2728 et
973 2691 1097 2740 angeli
1117 2692 1165 2729 ad
1185 2692 1389 2741 imaginem
1411 2693 1494 2730 Dei.

832 2756 1033 2803 Quomodo
1071 2756 1272 2795 daemones
1313 2757 1528 2808 incorporei
1565 2772 1653 2797 cum
1689 2758 1915 2796 mulieribus

894 2833 973 2858 rem
995 2820 1209 2859 habuerint.
