2012 3272
129 134 198 161 xx.
223 132 285 172 17.
367 120 440 160 lN
484 120 527 161 S.
558 119 897 160 JOANNEM.
951 118 1075 159 LIB.
1111 118 1216 159 XII.
1280 118 1412 158 CAP.
1448 118 1480 157 I.
1643 118 1723 157 123

129 227 256 291 ἡμεῖς
285 232 346 282 εἷς
371 227 425 279 τὸ
451 227 566 294 ὑπὲρ
597 227 748 297 φύσιν
773 228 961 297 ἀξίωμα
997 226 1072 278 διὰ
1108 229 1189 291 τῆς
1223 225 1343 292 πρὸς
1378 224 1520 276 αὑτὸν
1547 224 1719 288 ὁμοιώ-

128 332 251 363 σεως
295 310 628 374 ἀναβαίνομεν·
689 311 742 360 οὐ
793 309 887 376 γὰρ
939 308 1069 363 ὅντες
1122 311 1209 360 υἱοὶ
1260 307 1380 359 κατὰ
1432 307 1584 376 φύσιν
1636 310 1722 357 υἱοὶ

129 391 398 456 κεκλήμεθα
437 396 574 455 Θεοῦ,
615 391 767 458 κράζει
807 391 901 459 γὰρ
940 393 988 442 ἐν
1026 392 1137 456 ἡμῖν
1176 390 1252 441 διὰ
1290 395 1374 441 τοῦ
1415 391 1530 440 ἰδίου
1571 389 1722 439 Πνεύ-

128 497 275 538 ματος
317 476 529 536 “’Assssd
574 476 599 525 ὃ
644 473 848 541 πατήρ·”
909 475 1031 524 οὕτω
1083 475 1158 525 καὶ
1210 471 1350 527 αὐτὸς
1400 472 1587 538 ἐπείπερ
1636 469 1722 533 τὴν

87 556 355 623 5ἡμετέραν
399 557 591 626 ἐδέξατο
635 556 905 626 μόρφωσιν,
947 556 1111 623 γέγονε
1162 554 1256 622 γὰρ
1305 554 1552 621 ἄνθρωπος
1603 553 1723 604 κατὰ

131 637 214 692 τὰς
251 639 457 708 γραφὰς,
489 639 615 690 Θεὸν
653 638 737 707 ἔχῃ
776 638 860 690 τὸν
887 638 1027 703 Θεὸν,
1060 638 1209 689 καίτοι
1248 637 1371 691 Θεὸς
1412 635 1636 703 ὑπάρχων
1675 637 1724 686 ἐκ

130 724 256 771 Θεοῦ
293 721 413 772 κατὰ
452 721 601 790 φύσιν
634 723 710 772 καὶ
751 720 990 786 ἀληθινός.
1045 719 1110 785 μὴ
1149 720 1305 772 τοίνυν
1340 722 1721 786 σκανδαλισθῇς,

129 802 218 854 κᾶν
244 804 452 873 ἀκούσῃς
491 803 562 855 ὅτι
595 802 720 855 Θεὸν
745 805 910 855 ἑαυτοῦ
948 804 1031 855 τὸν
1059 802 1185 854 Θεὸν
1215 804 1458 864 ἀποκαλεῖ,
1485 799 1725 867 περιάθρει

130 883 178 936 δὲ
217 890 409 949 μᾶλλον
448 888 510 941 ὡς
551 885 838 955 φιλομαθὴς,
878 887 954 937 καὶ
995 884 1316 953 περισκέπτου
1362 884 1603 954 φρονίμως
1643 889 1726 934 τοῦ

63 988 111 1014 10
130 965 280 1034 λόγου
318 968 403 1033 τὴν
437 968 693 1036 ἀκρίβειαν.
748 970 914 1020 ἑαυτοῦ
952 967 1037 1032 μὲν
1074 967 1168 1035 γὰρ
1202 965 1387 1038 Hom-{poe
1426 967 1579 1034 φησὶν
1612 963 1726 1016 εἶναι

129 1050 213 1101 τὸν
248 1051 367 1114 Θεὸν,
402 1054 479 1102 καὶ
518 1052 651 1116 ἡμῶν
689 1049 738 1103 δὲ
778 1050 900 1114 Θεὸν,
936 1055 1138 1118 πρᾶγμα
1176 1049 1333 1115 λέγων
1368 1047 1476 1099 καθ’
1509 1045 1727 1115 ἑκάτερον

129 1133 320 1197 ἀληθές.
400 1134 544 1202 φύσει
600 1133 685 1199 μὲν
736 1132 829 1200 γὰρ
882 1135 958 1185 καὶ
1009 1133 1209 1201 ἀληθείᾳ
1263 1130 1432 1197 Πατήρ
1488 1132 1592 1181 ἐστι
1642 1135 1726 1180 τοῦ

129 1218 348 1282 Χριστοῦ
393 1217 417 1267 ὁ
462 1221 557 1268 τῶν
599 1216 727 1268 ὅλων
768 1216 904 1280 Θεὸς,
947 1216 1080 1280 ἡμῶν
1121 1215 1169 1267 δὲ
1214 1213 1364 1266 οὐκέτι
1409 1212 1529 1264 κατὰ
1575 1212 1726 1281 φύσιν

134 1297 317 1365 Πατὴρ,
361 1298 483 1352 Θεὸς
533 1298 581 1350 δὲ
631 1303 837 1362 μᾶλλον,
889 1300 950 1352 ὡς
998 1297 1194 1363 ποιητὴς
1241 1298 1318 1347 καὶ
1364 1295 1556 1362 Κύριος·
1611 1295 1722 1345 ἀλλ’

1784 472 1881 502 Rom.

1785 516 1851 547 viii.
1870 526 1878 545 1
1888 523 1916 555 5.

65 1378 296 1436 15ἑαυτὸν
338 1380 446 1444 ἡμῖν
487 1381 628 1431 οἱονεί
668 1403 770 1434 πως
815 1379 1065 1446 ἀνακιρνᾶς
1111 1380 1136 1430 ὁ
1185 1378 1315 1440 Υἱὸς,
1353 1376 1407 1427 τὸ
1452 1376 1537 1440 μὲν
1575 1378 1723 1446 ἑαυτῷ
1741 1386 1950 1422 31089Α.

132 1462 300 1527 κυρίως
325 1485 375 1513 τε
404 1464 479 1513 καὶ
512 1465 665 1516 ἰδικῶς
701 1460 914 1530 ὑπάρχον
942 1462 1128 1531 ἀξίωμα
1164 1462 1222 1529 τῇ
1257 1459 1457 1527 ἡμετέρᾳ
1493 1458 1726 1526 χαρίζεται

132 1543 291 1611 φύσει,
322 1544 505 1615 Πατέρα
544 1544 700 1596 κοινὸν
739 1543 980 1611 ὀνομάζων
1022 1543 1104 1595 τὸν
1144 1545 1309 1595 ἑαυτοῦ
1348 1540 1624 1608 γεννήτορα·
1672 1540 1726 1592 τὸ

133 1626 182 1677 δὲ
207 1631 265 1695 τῇ
291 1627 488 1697 ἡμετέρᾳ
517 1626 662 1696 φύσει
688 1625 1033 1697 προσπεφυκὸς
1060 1625 1241 1693 δέχεται
1267 1623 1414 1676 πάλιν
1441 1627 1504 1677 εἷς
1541 1622 1725 1687 ἑαυτὸν,

133 1707 210 1759 διὰ
249 1708 335 1774 τὴν
372 1709 491 1776 πρὸς
533 1710 655 1774 ἡμᾶς
701 1710 943 1774 ὁμοίωσιν.
1002 1706 1109 1760 Θεὸν
1148 1706 1241 1774 γὰρ
1284 1707 1450 1757 ἑαυτοῦ
1491 1705 1574 1757 τὸν
1613 1706 1730 1757 ’ίδιον

66 1815 116 1840 20
133 1790 344 1858 ὀνομάζει
396 1792 602 1858 Πατέρα,
649 1792 702 1842 οὐ
754 1791 966 1856 θελήσας
1018 1791 1250 1854 ἀτιμάσαι
1304 1787 1390 1853 τὴν
1439 1787 1559 1854 πρὸς
1610 1788 1730 1852 ἡμᾶς

134 1873 361 1937 ὁμοίωσιν
387 1874 462 1925 διὰ
486 1872 571 1938 τὴν
597 1876 799 1925 ἐνοῦσαν
827 1874 952 1943 αὐτῷ
978 1872 1344 1942 φιλανθρωπίαν
1369 1894 1419 1922 τε
1451 1873 1527 1921 καὶ
1553 1868 1726 1936 ἡμερό-

133 1978 267 2020 τητα.
325 1954 381 2007 ἂν
408 1956 564 2007 τοίνυν
594 1956 650 2025 ἐξ
684 1955 887 2020 ἀμαθίας
919 1957 1138 2022 ἐγκαλεῖν
1169 1952 1403 2021 ἐθελήσῃς
1441 1956 1500 2020 τῇ
1538 1951 1730 2020 τοιαύτῃ

136 2041 287 2106 φωνῇ,
329 2040 405 2089 καὶ
448 2037 693 2108 ἀφόρητόν
736 2061 837 2092 πως
885 2035 1003 2089 εἷναί
1049 2059 1130 2088 σοι
1183 2038 1296 2104 δοκῇ
1347 2034 1401 2086 τὸ
1449 2033 1598 2103 φάναι
1646 2035 1731 2085 τὸν

138 2119 316 2187 Κύριον
350 2120 458 2173 Θεὸν
492 2123 657 2172 ἑαυτοῦ
696 2119 778 2171 τὸν
817 2119 1011 2186 Πατέρα
1049 2120 1125 2169 καὶ
1165 2117 1303 2180 Θεὸν,
1336 2115 1529 2184 αἰτιάσῃ
1568 2139 1726 2182 παρα-

69 2220 118 2260 25
138 2202 325 2272 φρόνως
362 2203 448 2268 τὴν
475 2202 552 2253 διὰ
589 2200 647 2254 σὲ
686 2201 944 2268 γενομένην
970 2199 1252 2264 οἰκονομίαν,
1286 2201 1361 2250 καὶ
1400 2198 1504 2249 δέον
1539 2199 1722 2265 εὐχαρι-
1746 2209 1773 2249 b

137 2289 283 2349 στεῖν,
311 2283 554 2349 ἀτιμάσεις
589 2282 672 2335 τὸν
700 2283 960 2350 εὐεργέτην,
988 2283 1063 2333 καὶ
1098 2284 1182 2346 τῆς
1220 2279 1510 2346 ἀγαπήσεως
1548 2282 1631 2343 τῆς
1667 2283 1729 2334 εἷς

138 2367 259 2432 ἡμᾶς
302 2367 555 2434 γενομένης
598 2365 681 2417 τὸν
721 2364 899 2432 τρόπον
942 2363 1179 2417 ἀσυνέτως
1223 2366 1481 2424 διαβαλεῖς.
1555 2364 1592 2411 εἰ
1637 2360 1731 2427 γὰρ

138 2451 472 2501 τεταπείνωκεν
516 2446 680 2500 ἑαυτὸν
725 2446 956 2516 αἰσχύνης
1005 2444 1378 2514 καταφρονήσας
1429 2444 1506 2494 καὶ
1551 2441 1627 2493 διὰ
1673 2441 1730 2493 σὲ

139 2530 385 2596 γενόμενος
428 2531 690 2597 ἄνθρωπος,
733 2532 816 2593 τῆς
859 2532 965 2593 σῆς,
1007 2525 1045 2578 ὦ
1085 2527 1234 2590 οὗτος,
1274 2528 1377 2577 ἐστὶ
1416 2525 1471 2576 τὸ
1514 2524 1732 2590 ἔγκλημα

73 2642 124 2679 30
140 2612 487 2678 ταπεινότητος·
549 2616 616 2682 τῷ
659 2611 707 2662 δὲ
752 2612 827 2662 καὶ
873 2616 1012 2661 τοῦτο
1060 2612 1227 2661 παθεῖν
1271 2606 1479 2676 ἑλομένῳ
1526 2604 1602 2657 διὰ
1649 2604 1726 2669 σὲ,

141 2696 264 2762 μέγα
301 2719 350 2747 τε
387 2696 464 2746 καὶ
500 2693 711 2764 ἐξαίσιον
737 2693 979 2762 ὀφείλεται
1014 2695 1186 2754 θαῦμα.
1239 2687 1632 2753 καταπλήττομαι
1663 2685 1727 2747 δὲ,

195 2892 270 2926 1—3.
297 2880 489 2914 διὰ-Θεοῦ
506 2890 577 2913 om.
596 2878 639 2913 Ε.
755 2888 807 2912 ΙΙ.
834 2877 950 2921 ἕτερον
967 2876 1010 2911 E.
1135 2883 1189 2920 15.
1214 2874 1392 2918 ἀνακιρνὰς
1410 2872 1451 2907 Ε.
1470 2870 1646 2914 ἀνακρίνας
1663 2867 1731 2903 Ed.

149 2928 202 2962 16.
228 2927 381 2972 ὑπάρχον
399 2926 435 2961 F.
456 2925 522 2961 Ed.
542 2937 615 2970 mg.
634 2925 796 2971 ὑπάρχων
813 2923 880 2958 Ed.
1026 2922 1081 2957 26.
1108 2922 1274 2966 ἆτιμάσης
1292 2921 1334 2954 Ε.

911 2991 983 3020 R2

1790 2444 1879 2476 Heb.
1892 2444 1949 2475 xii.

1793 2497 1822 2519 2.
