2017 3252
301 512 323 537 Θ

63 1061 67 1063 ⁷
119 1083 204 1119 367
224 1082 276 1117 A.
302 1092 324 1116 a

296 1651 322 1689 b

340 141 424 180 550
772 141 823 181 B.
854 140 1100 181 CYRILLI
1137 140 1485 181 ALEXANDR.

340 247 394 297 τὸ
421 246 468 298 δὲ
496 249 639 301 οὕτως
667 249 774 315 ε”χον
801 250 849 299 ἐν
876 249 967 316 ἰδίᾳ
994 248 1153 315 φύσει,
1179 253 1278 301 πῶς
1305 247 1363 298 ἂν
1389 250 1438 298 ἐκ
1465 249 1641 314 μορίων
1669 253 1820 299 νοοῖτο
1847 251 1922 299 καὶ

339 334 529 392 μελῶν;
573 333 610 379 εἱ
646 330 738 396 γάρ
777 352 846 383 τις
885 331 985 393 δοίη
1020 335 1158 380 τοῦτο
1190 328 1415 396 ὑπάρχειν
1453 329 1637 393 ἀληθὲς,
1666 329 1923 389 ἀσώματον

341 412 423 461 οὐκ
463 411 528 461 ε”τι
564 416 747 463 νοεῖται.
801 412 854 460 τὸ
893 410 985 476 γὰρ
1014 410 1136 463 ὅλως
1176 412 1224 460 ἐν
1250 409 1477 477 σχήματι,
1503 410 1690 464 πάντως
1723 433 1815 461 που
1847 414 1922 461 καὶ

341 495 388 543 ἐν
413 496 567 561 ποσῷ,
594 491 647 543 τὸ
673 492 721 543 δὲ
749 494 796 543 ἐν
822 497 962 561 ποσῷ
993 496 1067 542 καὶ
1093 494 1141 542 ἐν
1167 492 1310 561 τόπῳ·
1365 495 1440 542 καὶ
1471 491 1524 542 τὸ
1552 495 1597 542 ἐν
1625 492 1755 561 τόπῳ
1783 493 1916 543 νοού-

340 597 492 637 μενον,
519 576 600 624 οὑκ
643 574 1082 644 ε’[ξω.περιγραφῆς.
1137 580 1284 624 ταῦτα
1323 573 1370 624 δὲ
1410 573 1647 638 σωμάτων
1681 574 1766 636 μὲν
1805 574 1896 625 ἰ’δια

340 659 423 719 τῆς
462 659 511 706 δε
549 655 806 719 ἀσωμάτου
833 655 1023 724 φύσεως
1050 655 1284 721 ἀλλότρια
1321 660 1581 708 παντελῶς.
1635 657 1740 706 οὕτε
1767 656 1923 706 τοίνυν

342 737 621 806 ὀφθαλμοὺς
648 737 676 802 ἦ
703 736 811 801 ὦτα,
839 739 942 789 οὔτε
974 737 1067 801 μὴν
1094 735 1251 803 χεῖράς
1276 760 1324 787 τε
1357 739 1432 787 καὶ
1459 737 1605 790 πόδας
1633 736 1661 801 ἢ
1688 738 1922 802 πτέρυγας

342 822 415 871 ἐπὶ
444 824 568 871 Θεοῦ
609 820 811 884 νοητέον,
838 820 923 870 κᾶν
950 824 986 870 εἷ
1018 819 1082 883 μή
1109 843 1177 872 τις
1213 820 1373 869 ἕλοιτο
1411 819 1554 886 τυχὸν
1582 821 1643 872 ὡς
1680 820 1727 868 ἐν
1759 820 1922 872 ἁπτοῖς

343 904 418 952 καὶ
455 902 633 969 παχέσι
671 901 868 965 σώμασι
906 901 965 952 τὰ
998 901 1151 952 τοιάδε
1191 905 1324 962 νοεῖν,
1352 900 1463 950 ἀλλ’
1493 902 1554 954 ὡς
1594 902 1641 950 ἐν
1670 905 1820 970 ἱσχνῴ
1846 902 1921 951 καὶ

342 983 489 1053 ἀΰλῳ,
516 986 590 1034 καὶ
626 983 749 1033 κατοί
783 1006 834 1048 γε
862 982 946 1047 τὴν
976 989 1058 1033 τοῦ
1088 986 1213 1033 Θεοῦ
1253 982 1416 1050 φύσιν·
1468 983 1624 1046 εὔηθες
1664 982 1757 1048 γὰρ
1795 1006 1917 1033 παν-

342 1069 491 1119 τελῶς
516 1064 569 1116 τὸ
596 1066 864 1126 βούλεσθαί
885 1088 929 1115 τι
953 1071 1163 1115 τοιοῦτον
1183 1066 1370 1115 ἐννοεῖν.
1413 1069 1597 1127 πνεῦμα
1623 1063 1717 1129 γὰρ
1743 1065 1767 1114 ὁ
1786 1064 1919 1117 Θεός·

342 1149 417 1198 καὶ
455 1153 592 1198 τοῦτο
627 1147 866 1214 ὑπάρχων,
894 1146 1084 1197 πάντων
1111 1146 1203 1212 ε”χει
1241 1146 1326 1209 τὴν
1358 1150 1552 1210 γνῶσιν,
1580 1147 1729 1214 ἐφορᾷ
1765 1146 1922 1198 πάντα

341 1230 416 1279 καὶ
455 1250 839 1290 κατασκεπτεται,
881 1226 1100 1278 λανθάνει
1135 1227 1182 1277 δὲ
1213 1224 1354 1277 αὐτόν
1386 1231 1479 1277 τῶν
1505 1226 1652 1277 ὅντων
1678 1227 1828 1277 οὐδέν.
1884 1251 1920 1278 ει

341 1309 389 1360 δε
428 1333 603 1376 μοριων
635 1309 737 1373 ἠτοι
774 1314 935 1371 μελῶν
966 1333 993 1373 η
1029 1310 1130 1360 θεια
1167 1331 1394 1372 μεμνηται
1433 1307 1609 1375 γραφὴ,
1645 1308 1763 1373 πρὸς
1801 1309 1922 1372 ἡμᾶς

340 1398 565 1443 λαλοῦσα
603 1391 662 1442 τὰ
699 1415 804 1457 περι
844 1393 998 1453 αὐτοῦ,
1027 1414 1184 1441 ιστεον
1210 1390 1280 1441 ότι
1314 1388 1434 1458 εξ
1401 1396 1466 1440 ὡν
1491 1389 1629 1453 ι’σμεν
1654 1412 1703 1440 τε
1730 1392 1806 1440 καὶ
1830 1413 1914 1441 πε-

341 1473 555 1542 φύκαμεν
600 1472 714 1524 εἶναι
763 1472 881 1538 πρὸς
925 1474 1045 1536 ἡμᾶς
1080 1472 1361 1538 διαλέγεται.
1422 1473 1476 1522 οὐ
1521 1471 1614 1538 γὰρ
1655 1471 1712 1536 ἧν
1757 1471 1922 1538 ἑτερως

341 1555 462 1618 ἡμᾶς
505 1560 623 1606 νοεῖν
650 1555 881 1606 δύνασθαι
912 1555 971 1606 τὰ
1003 1557 1108 1620 περὶ
1136 1558 1275 1605 Θεοῦ.
1329 1553 1451 1604 αἰτία
1490 1555 1645 1604 τοίνυν
1683 1555 1757 1604 καὶ
1796 1552 1918 1620 πρό-

343 1641 492 1705 φασις
530 1637 710 1702 ἀληθὴς
753 1643 835 1688 τοῦ
872 1641 1153 1700 σωματικῶς
1191 1640 1296 1701 περὶ
1336 1639 1459 1686 Θεοῦ
1498 1634 1604 1689 τοὺς
1644 1633 1763 1701 πρὸς
1803 1635 1923 1699 ἡμᾶς

342 1723 577 1770 ποιεῖσθαι
630 1718 803 1784 λόγους
853 1718 938 1782 τὴν
981 1718 1295 1769 θεόπνευστον
1345 1716 1552 1785 γραφὴν,
1598 1719 1672 1768 καὶ
1722 1722 1803 1767 νοῦ
1846 1718 1922 1767 καὶ

342 1801 561 1866 γλώττης
594 1802 643 1851 ἐν
668 1801 829 1865 ήμῖνὴ
861 1801 1082 1868 πτωχεία.
1122 1799 1301 1867 ἄῤῥητα
1336 1798 1428 1865 γὰρ
1455 1803 1699 1851 παντελῶς
1725 1797 1784 1849 τὰ
1817 1800 1921 1864 περὶ

343 1883 501 1933 αὐτοῦ·
550 1884 625 1934 καὶ
651 1884 733 1933 οὐκ
758 1882 814 1946 ἦν
840 1883 1047 1933 συνιέναι
1075 1905 1118 1932 τι
1144 1886 1238 1932 τῶν
1265 1880 1531 1946 ἀναγκαίων
1558 1880 1790 1931 δύνασθαι
1816 1878 1922 1933 τοὺς

342 1966 390 2014 ἐν
417 1965 577 2018 ἁπτοῖς
605 1967 680 2015 καὶ
706 1965 910 2030 παχέσιν
937 1963 1073 2016 ὄντας
1104 1963 1342 2025 σώμασιν,
1370 1966 1406 2012 εἷ
1442 1961 1506 2025 μὴ
1533 1963 1580 2012 ἐν
1606 1961 1735 2029 τάξει
1762 1984 1918 2027 παρα-

342 2045 603 2111 δειγμάτων
629 2045 688 2096 τὰ
714 2048 889 2096 ἑαυτῶν
917 2044 1154 2111 δεχόμενοι
1181 2043 1319 2108 με’λη,
1340 2042 1477 2108 μόλις
1504 2045 1650 2097 οὕτως
1675 2043 1835 2106 ἄνιμεν
1861 2045 1922 2096 εἶς

342 2129 517 2182 ἐννοίας
543 2129 712 2196 ἰσχνὰς
738 2126 820 2181 τὰς
847 2129 952 2193 περὶ
979 2130 1119 2177 Θεοῦ.

391 2256 422 2278 2.
448 2245 628 2298 ἀσώματος
645 2245 740 2279 Aub.
957 2255 989 2289 3.
1016 2245 1126 2278 νοοῖτο
1145 2255 1180 2277 n.
1253 2243 1312 2276 οὐκ
1330 2243 1377 2276 ἔτι
1396 2244 1517 2277 νοεῖται
1535 2248 1614 2276 ante
1631 2242 1741 2285 ἀσώμ.
1759 2248 1920 2287 transpo-

342 2297 432 2325 nunt
451 2291 496 2325 D.
517 2292 582 2326 Ed.
600 2292 716 2326 invitis
734 2292 777 2325 A.
783 2291 823 2325 C.
828 2303 862 2324 n.
1060 2303 1093 2332 4.
1118 2291 1156 2323 τὸ
1173 2289 1245 2323 δέ’
1229 2304 1262 2323 εν
1279 2292 1376 2334 ποσῷ
1395 2295 1575 2333 assumpta
1591 2301 1631 2322 ex
1650 2289 1744 2323 A.D.
1795 2289 1921 2323 Statim

343 2339 396 2371 καὶ
414 2338 448 2372 ἐν
464 2340 557 2395 τόπῳ
575 2351 645 2373 om.
665 2338 706 2372 C.
757 2338 842 2372 Post
858 2337 943 2371 haec
961 2351 1013 2370 και
1031 2338 1069 2370 τὸ
1087 2337 1131 2370 Α.
1137 2336 1176 2370 C.
1194 2337 1232 2370 τὸ
1251 2336 1287 2369 δὲ
1306 2336 1352 2369 D.
1372 2335 1438 2370 Ed.
1805 2336 1838 2370 8.
1865 2336 1920 2371 ἐπὶ

343 2387 430 2418 Θεου
457 2400 592 2429 νοητεον
617 2385 684 2420 hoc
704 2384 824 2418 ordine
843 2384 885 2418 A.
892 2383 931 2417 C.
935 2395 970 2417 n.
1021 2383 1147 2417 Statim
1165 2383 1222 2416 οὐκ
1240 2380 1280 2416 ἂν
1299 2394 1333 2415 n.
1353 2396 1406 2415 και
1425 2382 1465 2416 C.
1538 2383 1652 2417 αὐτοῖς
1669 2393 1731 2426 pro
1749 2381 1867 2417 ἁπτοῖς
1884 2394 1919 2418 n.

342 2442 374 2475 9.
401 2431 528 2465 πάθεσι
561 2444 623 2476 pro
655 2430 785 2475 παχέσι
814 2431 857 2464 A.
893 2430 1170 2475 repugnantibus
1205 2428 1334 2487 C..D.n
1407 2430 1481 2462 τοῖα
1513 2440 1576 2473 pro
1608 2429 1721 2462 τοιάδε
1757 2428 1841 2473 (sic)
1878 2428 1919 2463 C.

345 2488 399 2510 10.
425 2492 478 2511 και
496 2483 716 2521 assumptum
735 2489 776 2511 ex
794 2477 837 2510 A.
844 2476 883 2510 C.
890 2477 933 2511 D.
937 2488 972 2509 n.
1045 2477 1159 2519 εὔηθες
1183 2476 1249 2521 γὰρ
1273 2477 1446 2510 παντελῶς
1463 2475 1528 2508 hoc
1554 2474 1674 2508 ordine
1691 2475 1735 2509 A.
1740 2474 1779 2508 C.
1783 2487 1817 2508 n.
1836 2489 1920 2509 παν-

340 2525 447 2558 τελῶς
463 2525 528 2569 γὰρ
547 2526 659 2567 εὔηθες
678 2524 723 2558 D.
744 2523 809 2557 Ed.
996 2533 1049 2557 12.
1074 2537 1180 2556 τουτω
1198 2522 1350 2565 ὑπάρχον
1368 2521 1447 2564 (Slc)
1468 2521 1508 2554 C.
1581 2520 1711 2566 ἐφορᾷ]
1735 2525 1772 2561 -1-
1793 2522 1833 2554 τὰ
1852 2521 1919 2556 Ed.

340 2570 459 2603 invitis
478 2571 520 2603 A.
526 2570 565 2604 C.
572 2570 615 2603 D.
633 2570 738 2603 habet
755 2569 832 2604 cod.
853 2569 1054 2602 Basiliensis
1072 2569 1128 2602 A
1122 2569 1168 2602 1ii.
1187 2580 1220 2610 4.
1240 2579 1306 2602 sec.
1324 2567 1393 2601 xiv.
1646 2578 1697 2612 13.
1725 2568 1760 2601 δέ
1779 2570 1822 2623 A.
1827 2567 1867 2601 C.
1873 2568 1919 2603 D.

341 2616 419 2650 cod.
441 2616 521 2650 Bas.
539 2618 605 2661 γὰρ
625 2616 690 2649 Ed.
838 2626 960 2660 13-24.
987 2615 1068 2648 citat
1087 2615 1163 2649 Cat.
1182 2614 1357 2656 in4libb.
1377 2613 1526 2658 Regum.
1680 2625 1732 2656 14
1758 2614 1920 2658 μέμνηται

340 2663 457 2708 γραφὴ
477 2663 542 2696 hoc
539 2631 681 2696 γοΥᾱίηε
699 2662 741 2695 A.
748 2661 788 2695 C.
808 2661 883 2695 Cat.
939 2662 1041 2715 Απρὸς
1060 2661 1144 2704 ἡμᾶς
1160 2662 1318 2695 λαλουσα
1335 2661 1375 2693 τὰ
1392 2661 1470 2704 περὶ
1487 2661 1589 2694 αὐτοῦ
1606 2659 1672 2694 hoc
1690 2660 1811 2695 ordine
1828 2661 1873 2694 A.
1878 2659 1919 2695 C.

340 2710 382 2742 τὰ
398 2709 475 2752 περὶ
493 2709 595 2743 αὐτοῦ
612 2711 771 2742 λαλοῦσα
787 2709 872 2753 πρὸς
889 2707 973 2751 ἡμᾶς
992 2708 1036 2741 D.
1056 2708 1121 2742 Ed.
1304 2707 1356 2740 16.
1382 2706 1593 2752 πεφύκαμεν
1594 2704 1677 2741 εἶναι
1695 2713 1727 2741 et
1744 2705 1784 2750 ἧν
1800 2706 1922 2751 ἑτέρως

340 2755 408 2790 hoc
425 2755 547 2789 ordine
565 2756 607 2789 A.
614 2755 653 2789 C.
675 2754 751 2789 Cat.
945 2763 997 2799 17.
1024 2756 1110 2788 νοεῖν
1126 2752 1291 2787 δύνασθαι
1307 2753 1374 2787 hoe
1393 2753 1513 2787 οιάἰῃε
1531 2754 1573 2788 A.
1594 2752 1672 2788 Cat.
1690 2754 1807 2787 invitis
1828 2753 1867 2787 C.
1873 2753 1919 2788 D.

345 2803 398 2836 18.
424 2802 556 2845 ἀληθῶς
576 2802 653 2837 Cat.
800 2812 853 2845 19.
879 2801 1049 2835 ποιεῖσθαι
1067 2802 1192 2845 λόγους
1209 2800 1275 2834 hoc
1293 2799 1413 2834 Oldine
1431 2800 1474 2834 A.
1479 2799 1518 2834 C.
1540 2800 1615 2834 Cat.
1682 2802 1759 2834 νοῦν
1776 2799 1855 2855 (sic)
1874 2799 1919 2833 A.

343 2860 399 2883 20.
425 2848 443 2891 ἡ
463 2861 532 2882 om.
552 2849 595 2883 A.
751 2859 806 2882 21.
823 2862 854 2881 τι
872 2853 1093 2892 assumptum
1111 2859 1152 2881 ex
1170 2847 1212 2880 A.
1217 2846 1258 2880 C.
1279 2846 1354 2880 Cat.
1508 2858 1562 2902 ².ss
1590 2847 1765 2892 δεχόμενοι
1783 2844 1867 2891 μέλη
1886 2851 1920 2879 et

340 2897 439 2938 μόλις
462 2894 567 2985 οῗτωῖ
588 2896 654 2976 goe
673 2894 793 2929 ordine
811 2893 898 2928 A.C.
919 2894 995 2928 Cat.
1013 2893 1097 2938 μέλη
1116 2905 1183 2928 om.
1205 2894 1337 2938 Migne.
1415 2893 1583 2938 ἀνειμένης
1601 2905 1664 2938 pro
1680 2893 1795 2937 ἄνιμεν
1812 2892 1859 2927 εἷς
1877 2891 1917 2926 C.

343 2952 397 2983 24.
426 2943 465 2975 τὰ
502 2942 550 2976 sic
621 2968 628 2976 .

1906 615 1917 637 2
1942 594 1964 633 5

1945 1007 1993 1032 10

1941 1828 1991 1852 20
