2017 3252
309 126 393 167 472
740 127 790 166 B.
824 125 1070 167 CYRILLI
1112 126 1458 167 ALEXANDR.

1022 286 1173 334 XIV.

386 384 606 449 Διανέμει
657 387 732 436 καὶ
783 391 864 436 νῦν
909 386 934 435 ὃ
980 384 1148 451 Σωτὴρ
1192 384 1405 437 τάλαντα
1451 391 1546 440 τοῖς
1592 387 1720 440 ἰδίοις
1765 386 1884 437 οἰκέ-

311 488 410 519 ταις
436 467 554 517 κατά
579 489 633 531 γε
664 465 749 529 τὴν
776 468 823 516 ἐν
857 466 1145 531 εὐαγγελίοις
1182 466 1482 532 παραβολήν·
1525 469 1691 517 οὐκοῦν
1725 467 1890 518 ἀπλώ-

310 569 429 597 σατε
474 546 557 600 τὰς
602 547 791 612 καρδίας
848 548 922 597 καὶ
975 547 1270 615 ὑποδέξασθε
1320 546 1575 614 χαίροντες·
1635 555 1663 577 “
1689 548 1888 610 Δόκιμοι

311 634 337 656 “
363 628 557 692 γενέσθε
595 628 917 694 τραπεζῖται·”
966 627 1323 694 ἐμπορεύσασθε
1362 628 1415 679 τὸ
1454 629 1587 680 δοθὲν
1625 628 1882 693 ἐπιστημό-
1909 654 1930 692 5

310 727 415 761 νως·
463 708 896 760 πολυπλασιάσατε
940 713 1041 762 ταῖς
1081 708 1351 772 ε’πιεικείαις,
1391 710 1511 775 με’γα
1551 710 1626 760 καὶ
1666 711 1887 776 ἀγιοπρε-

307 789 390 842 πές
457 789 510 840 τὸ
575 790 793 857 καύχημα
856 792 931 841 καὶ
994 788 1100 843 τοὺς
1161 793 1244 853 τῆς
1306 791 1615 856 γνησιότητος
1678 792 1890 845 ἐπαίνους

307 871 542 939 προξενεῖ,
585 874 658 922 καὶ
697 873 745 922 τί
779 877 916 922 τοῦτο
961 871 1101 936 λε’γω,
1139 870 1193 921 τὸ
1231 871 1296 922 ἔτι
1338 872 1491 938 μεῖζον
1529 875 1692 939 ἀφείς;
1749 873 1889 938 οὐρα-

310 958 391 1003 νοῦ
452 954 654 1017 πολίτην
715 951 966 1019 ἐργάζεται,
1029 956 1090 1005 εἷς
1149 953 1402 1014 βασιλείαν
1462 954 1699 1022 ἀναφερει,
1767 955 1893 1023 αὐτῷ

309 1033 685 1102 συνδοξάζεσθαι
734 1039 860 1085 ποιεῖ
904 1038 969 1103 τῷ
1019 1033 1210 1084 πάντων
1259 1035 1390 1098 ἡμῶν
1442 1039 1626 1101 Σωτῆρι
1677 1038 1889 1104 Χριστῷ.
1914 1066 1961 1091 10

309 1114 478 1178 ἴδωμεν
509 1115 556 1165 δὲ
594 1121 732 1166 τοῦτο
760 1118 833 1166 καὶ
861 1116 916 1184 ἐξ
938 1116 1090 1165 αὐτῶν
1116 1119 1210 1166 τῶν
1235 1116 1551 1181 εὐαγγελικῶν
1580 1116 1887 1182 γραμμοίτων·

310 1197 336 1246 ὃ
362 1195 420 1247 τὰ
446 1196 582 1247 πέντε
615 1195 827 1247 τάλαντα
854 1194 1021 1257 λαβὼν
1047 1194 1176 1261 παρὰ
1202 1202 1283 1247 τοῦ
1314 1196 1660 1259 οἰκοδεσπότου,
1686 1220 1892 1263 προσερ-

309 1277 581 1342 γασοίμενος
632 1276 679 1328 δὲ
730 1280 804 1328 καὶ
855 1278 987 1344 ἕτερα
1035 1277 1186 1341 πὲντε,
1237 1277 1286 1329 τί
1334 1278 1647 1346 προσέρχεται
1700 1278 1887 1344 λέγων,

89 1376 259 1408 SMatth.
310 1365 337 1389 ‘⁶
366 1358 522 1424 Κύριε,
573 1360 709 1410 πέντε
761 1358 972 1409 τάλαντά
1026 1381 1106 1423 μοι
1154 1359 1342 1418 ἔδωκας,
1395 1359 1460 1410 ’ίδε
1510 1360 1710 1423 ἐποίησα
1761 1360 1892 1410 ἄλλα

88 1429 230 1450 xxv.20.
326 1448 337 1470 ‘
362 1440 547 1492 πέντε.”
594 1443 704 1507 ὁρᾶς
732 1440 849 1492 ὅσον
879 1443 980 1491 ἐστὶ
1008 1443 1090 1504 τῆς
1116 1441 1398 1508 φιλοπονίας
1435 1440 1489 1492 τὸ
1527 1440 1775 1509 καύχημα;
1817 1442 1891 1492 καὶ
1915 1468 1961 1505 15

88 1542 137 1573 lb.
157 1551 208 1574 21.
309 1524 358 1573 τί
383 1523 502 1587 πρὸς
535 1522 675 1573 αὐτὸν
701 1523 792 1591 ἔφη
817 1521 1061 1588 Χριστός;
1107 1529 1133 1552 “
1154 1523 1225 1572 Εὖ
1259 1524 1397 1573 δοῦλε
1435 1522 1582 1588 ἀγαθὲ
1619 1525 1695 1573 καὶ
1732 1523 1889 1586 πιστὲ,

311 1611 337 1633 “
361 1606 434 1655 ἐπὶ
469 1605 612 1670 ὀλίγα
645 1603 699 1669 ἧς
731 1603 917 1662 πιστὸς,
944 1605 1017 1655 ἐπὶ
1051 1607 1250 1655 πολλῶν
1283 1626 1341 1654 σε
1370 1602 1680 1668 καταστήσω,
1711 1604 1893 1656 ε’ίσελθε

310 1692 338 1714 “
364 1689 426 1739 εἷς
463 1684 549 1749 τὴν
587 1685 739 1753 χαρὰν
776 1690 859 1736 τοῦ
899 1684 1057 1750 κυρίου
1095 1684 1225 1736 σου.”
1263 1685 1312 1734 τί
1347 1685 1514 1735 τούτου
1551 1683 1605 1735 τὸ
1642 1684 1795 1750 μεῖζον
1831 1690 1895 1739 εἰς

310 1766 480 1834 δόξαν,
524 1768 573 1817 τί
601 1767 654 1817 τὸ
682 1766 983 1833 αἱρετώτερον
1012 1770 1073 1820 εἰς
1099 1766 1375 1832 εὐημερίαν·
1365 1807 1376 1827 ,
1421 1766 1597 1816 ἐπαινοι
1623 1765 1750 1833 παρὰ
1776 1770 1894 1834 Χρι-

309 1854 430 1898 στοῦ
467 1871 542 1898 και
577 1851 744 1917 ψῆφος
779 1847 1034 1911 δεσποτικὴ
1062 1851 1372 1914 στεφανοῦσα
1409 1847 1491 1898 τὸν
1517 1847 1892 1915 φιλεργήσαντα,
1914 1877 1964 1902 20

310 1928 484 1980 πιστὸν
515 1929 726 1995 ὀνομάζει
764 1952 846 1980 τον
881 1928 1321 1997 καρποφορήσαντα
1360 1933 1551 1992 νοητῶς·
1593 1928 1657 1992 μὴ
1696 1929 1789 2025 γὰρ
1827 1952 1894 1980 τω

312 2008 542 2078 Δεσπότῃ
581 2010 634 2061 τὸ
675 2010 835 2076 κε’ρδος
879 2009 1207 2077 προσήνεγκε,
1249 2008 1313 2073 μὴ
1355 2009 1449 2077 γὰρ
1489 2010 1646 2078 χρῄζει
1684 2010 1807 2064 τινὸς
1846 2012 1894 2061 ἐν

311 2095 407 2145 τοῖς
431 2090 540 2142 καθ’
568 2091 762 2154 ἑαυτόν;
806 2091 944 2145 αὐτός
971 2092 1074 2142 ἐστι
1110 2090 1163 2141 τὸ
1200 2089 1390 2142 πάντων
1414 2091 1652 2157 πλήρωμα
1678 2093 1753 2142 καὶ
1780 2094 1841 2145 ὡς
1867 2094 1893 2143 ὁ

996 2174 1007 2190 Ι

90 2189 232 2238 SJoan.
311 2173 565 2240 ποίνσοφος
613 2172 833 2237 Ἰωάννης
878 2178 1031 2241 φησιν
1075 2173 1213 2222 “'Ex
1259 2178 1342 2222 τοῦ
1384 2172 1701 2238 πληρώματος
1751 2174 1915 2225 αὐτοῦ,

91 2243 112 2263 L
133 2232 182 2263 16.
313 2261 342 2283 ‘⁶
367 2253 539 2308 πάντες
583 2255 710 2318 ἡμεῖς
750 2254 1034 2317 ε’λοίβομεν.”
1086 2252 1196 2304 ἀλλ’
1237 2252 1350 2304 ὅταν
1389 2253 1516 2317 ἡμεῖς
1561 2253 1750 2308 ἑαυτοὺς
1790 2277 1891 2321 κερ-
1913 2282 1961 2321 25

310 2334 534 2398 δάνωμεν,
573 2340 967 2403 προσωφελῶμεν
1006 2334 1054 2385 δὲ
1101 2337 1175 2384 καὶ
1215 2334 1410 2400 ἑτέρους,
1443 2333 1547 2385 τότε
1587 2336 1736 2402 χαίρει
1774 2338 1894 2401 Χρι-

310 2414 440 2477 στὸς,
478 2422 690 2467 πλοῦτον
728 2418 905 2482 ἡγεῖται
952 2415 1038 2479 τὴν
1074 2417 1206 2479 ἡμῶν
1247 2416 1561 2479 εὐδοκίμησιν·
1613 2418 1689 2466 καὶ
1732 2415 1786 2467 τὸ
1827 2417 1893 2467 ε”τι

309 2497 463 2562 μεῖζον
488 2499 592 2562 ἐρῶ·
635 2497 818 2565 τροφὴν
844 2499 1009 2562 ὥσπερ
1034 2501 1232 2548 ποιεῖται
1258 2495 1312 2546 τὸ
1337 2500 1550 2561 πρᾶγμα.
1593 2496 1663 2546 ὅτι
1689 2496 1743 2546 δέ
1762 2499 1893 2548 ἐστιν

310 2577 482 2642 ἀληθὲς
517 2577 542 2628 ὅ
577 2582 712 2645 φημι,
737 2578 884 2628 πάλιν
911 2579 959 2627 ἐκ
985 2582 1079 2627 τῶν
1105 2578 1420 2642 εὐαγγελικῶν
1444 2576 1640 2644 μαθήσῃ
1671 2578 1889 2643 γραμμά-

309 2681 420 2710 των·
476 2659 769 2721 νενουθέτηκε
807 2657 891 2720 μὲν
918 2657 1010 2723 γὰρ
1045 2657 1130 2720 τὴν
1162 2659 1210 2707 ἐκ
1238 2658 1501 2722 Σαμαρείας
1541 2663 1754 2723 γυναῖκα·
1796 2657 1892 2709 εἶτα
1912 2688 1963 2723 30

91 2758 141 2789 11).
158 2757 201 2789 iv.
222 2765 272 2798 25·
310 2740 545 2805 λεγούσης
595 2740 765 2802 ἐκείνης
816 2737 983 2789 “⁶07⁶
1044 2736 1161 2806 ἐ’λθῃ
1215 2739 1403 2791 Μεσίας
1463 2740 1730 2805 ἀπαγγελεῖ
1783 2740 1892 2803 ἡμῖν

359 2864 390 2888 2.
417 2865 435 2887 e
453 2853 549 2887 Maio
568 2865 601 2897 p.
616 2864 683 2898 390
703 2853 834 2886 contuli
853 2864 933 2886 cum
954 2852 982 2886 L
999 2852 1058 2886 fol.
1079 2862 1146 2897 315
1167 2851 1263 2897 [vide
1282 2864 1388 2896 supra
1404 2865 1463 2897 pp.
1483 2862 1563 2897 4,0‚
1582 2851 1667 2897 403]
1688 2852 1746 2897 qui
1764 2851 1799 2885 in
1817 2864 1889 2895 mg.

310 2906 343 2933 et
368 2901 441 2944 ipse
459 2900 599 2934 titulum
618 2899 779 2943 κυρίλλου
797 2899 912 2942 ομιλιά
929 2899 1079 2932 exhibet.
1205 2910 1238 2943 3.
1265 2898 1316 2943 ἐν]
1342 2904 1377 2940 ἦ»
1399 2902 1468 2935 τοῖς
1487 2900 1525 2933 L.
1658 2910 1708 2943 13.
1734 2897 1888 2943 προσήρ-

310 2946 449 2990 XeroL.
573 2958 624 2991 19.
651 2946 753 2989 δόιξιιι
774 2945 810 2980 L.
830 2944 966 2989 διἰιιιομιι
985 2945 1068 2979 Mu
