2017 3252
315 148 397 187 552
754 145 801 184 B.
837 142 1081 183 CYRILLI
1117 138 1461 181 ALEXANDR.

94 270 179 304 368
198 269 249 305 A.
274 279 296 303 a
315 254 537 321 παρήχθη
577 253 695 319 πρὸς
723 252 925 320 ὕπαρξιν
954 250 1147 316 οὐρανός
1173 271 1221 299 τε
1249 249 1324 298 καὶ
1347 249 1408 312 γῆ
1437 247 1511 295 καὶ
1546 243 1605 294 τὰ
1641 243 1771 307 ἕτερα
1805 245 1898 292 τῶν

315 336 588 399 κτισμάτων
626 337 1040 399 πολυπραγμονεῖν
1084 332 1166 381 οὐκ
1213 328 1423 395 ἀζήμιον·
1475 327 1527 376 οὑ
1566 324 1659 390 γὰρ
1699 327 1769 374 δεῖ
1803 327 1898 375 τοῖς

315 418 588 483 βαθυτέροις
640 414 898 480 ἐγκαθιέναι
950 413 1032 463 τὸν
1075 417 1197 463 νοῦν.
1270 410 1365 460 ὅσα
1406 408 1561 459 τοίνυν
1599 404 1663 469 μὴ
1704 402 1898 471 σφόδρα

315 503 488 567 σαφῶς
526 499 554 561 ἡ
593 498 693 548 θεία
729 497 854 560 λε’γει
893 494 1070 561 γραφὴ,
1110 498 1257 544 ταῦτα
1297 488 1387 558 χρὴ
1430 486 1691 549 λανθάνειν,
1730 487 1806 536 καὶ
1850 486 1898 535 ἐν

316 584 477 647 σιωπῇ
515 578 837 645 παρατρέχειν.
885 580 921 626 εἰ
955 575 1003 626 δὲ
1030 574 1120 643 χρὴ
1163 571 1613 636 κατατεκμαίρεσθαι
1650 565 1767 631 μετὰ
1807 573 1891 616 λο-
1917 576 1940 615 5

319 667 496 728 γισμοῦ
542 660 804 723 βλέποντος
843 662 904 712 εἷς
943 656 1188 723 ὀρθότητα,
1228 652 1396 723 φαμὲν,
1444 652 1514 703 ὅτι
1559 651 1583 700 ὁ
1627 653 1722 700 τῶν
1773 647 1900 698 ὅλων

319 742 600 810 δημιουργὸς
651 742 835 793 ε”πλασε
879 739 963 804 μὲν
1007 737 1099 789 ἀπὸ
1143 741 1231 804 γῆς
1271 735 1355 787 τὸν
1397 734 1658 799 ἄνθρωπον,
1700 729 1803 794 ἤτοι
1844 727 1899 779 τὸ

319 830 477 889 σῶμα·
532 823 771 893 ψυχώσας
803 821 849 873 δὲ
882 820 994 872 αὐτὸ
1026 824 1163 888 ψυχῇ
1191 818 1320 886 ζώσῃ
1345 840 1395 867 τε
1427 816 1503 866 καὶ
1529 816 1680 881 νοερᾷ,
1709 809 1817 862 καθ’
1846 809 1899 860 ὃν

274 911 302 952 b
321 906 414 958 οἶδε
440 906 629 973 τρόπον,
646 904 822 957 παντὸς
848 906 1027 969 ἀγαθοῦ
1052 901 1329 968 πράγματος
1356 897 1521 967 ε”φεσίν
1547 918 1596 946 τε
1623 895 1698 945 καὶ
1719 897 1899 958 γνῶσιν

322 987 665 1055 ἐγκατεβάλετο
706 990 919 1055 φυσικῶς
958 985 1099 1053 αὐτῷ.
1147 988 1286 1034 τοῦτο
1326 979 1419 1047 γὰρ
1462 977 1588 1041 οἶμαι
1629 980 1804 1041 δηλοῦν
1845 972 1899 1025 τὸ
1921 992 1971 1018 10

98 1090 130 1121 S
143 1088 241 1120 Joan.
323 1068 561 1137 εἰρημένον
589 1067 666 1119 διὰ
690 1074 772 1118 τοῦ
803 1067 1032 1132 μακαρίου
1058 1066 1399 1130 εὐαγγελιστοῦ
1425 1058 1644 1111 Ἰωάννου
1676 1065 1702 1087 “
1718 1055 1821 1107 ςΗν
1846 1055 1900 1107 τὸ

99 1143 170 1173 1'9'
323 1160 350 1182 ‘⁶
377 1157 478 1220 φῶς
504 1151 557 1201 τὸ
584 1149 823 1214 ἀληθινὸν,
849 1147 874 1199 ὃ
901 1147 1086 1215 φωτίζει
1110 1146 1266 1198 πάντα
1292 1145 1540 1209 ἄνθρωπον
1566 1138 1815 1207 ἐρχόμενον
1839 1141 1902 1191 εἷς

323 1241 351 1264 “
378 1233 460 1284 τὸν
499 1231 728 1296 κόσμον.”
776 1230 977 1281 τίκτεται
1016 1227 1108 1294 γὰρ
1143 1226 1198 1279 τὸ
1233 1226 1349 1295 ζῷον
1376 1221 1585 1292 φυσικὴν
1610 1221 1718 1289 ε”χον
1743 1221 1900 1283 ἐπιτη-

324 1314 537 1378 δειότητα
560 1312 678 1380 πρὸς
705 1311 758 1363 τὸ
784 1310 979 1378 ἀγαθόν.
1035 1312 1109 1361 καὶ
1135 1315 1273 1361 τοῦτο
1304 1305 1479 1374 διδάξει
1503 1303 1704 1371 γράφων
1729 1302 1754 1352 ὁ
1779 1299 1900 1352 πάν-

102 1404 237 1480 {3³¹¹stss
325 1402 480 1463 σοφος
522 1399 729 1457 Παῦλος,
772 1392 843 1444 ὅτι
885 1393 1073 1443 έςαὐτοῦ
1112 1393 1254 1454 ἐσμεν
1291 1388 1487 1452 ποίημα,
1527 1383 1791 1437 κτισθέντες
1829 1383 1905 1433 ἐπὶ
1926 1402 1973 1440 15

148 1473 154 1479 ¹
326 1487 353 1509 “
380 1479 531 1545 ε”ργοις
578 1478 788 1542 ἀγαθοῖς,
830 1473 897 1528 οῖς
935 1473 1286 1539 προητοίμασεν
1326 1471 1350 1520 ὁ
1390 1466 1512 1522 Θεὸς
1554 1467 1630 1517 ἵνα
1667 1467 1714 1516 ἐν
1751 1465 1906 1517 αὐτοῖς

327 1569 353 1591 “
378 1557 815 1627 περιπατήσωμεν.”
872 1558 1104 1606 διοικεῖται
1142 1553 1227 1617 μὲν
1256 1551 1349 1619 γὰρ
1388 1552 1413 1601 ὁ
1452 1550 1698 1614 ἅνθρωπος
1734 1568 1900 1611 προαι-

288 1667 310 1694 c
326 1646 515 1710 ρετικῶς
548 1643 623 1692 καὶ
651 1638 733 1693 τὰς
759 1638 889 1702 ἡνίας
915 1636 1220 1689 πεπίστευται
1256 1637 1338 1698 τῆς
1374 1633 1514 1683 αὐτοῦ
1543 1629 1757 1691 διανοίας,
1783 1626 1908 1679 ὥστε

330 1726 401 1793 ἐφ’
431 1724 543 1788 ὅπερ
570 1721 627 1773 ἂν
652 1720 877 1782 βούλοιτο
916 1719 1108 1786 τρέχειν,
1135 1717 1221 1768 εἴτε
1260 1715 1378 1782 πρὸς
1410 1712 1464 1765 τὸ
1503 1710 1696 1777 ἀγαθὸν,
1723 1709 1800 1761 εἴτ’
1828 1710 1910 1760 οῦν

329 1806 447 1872 πρὸς
478 1805 532 1856 τὸ
560 1804 782 1855 ἐναντίον.
839 1802 929 1869 ε”χει
965 1799 1013 1852 δὲ
1039 1800 1067 1863 ἡ
1094 1799 1240 1868 φύσις
1266 1791 1739 1863 ἐγκαταβεβλημένην
1772 1794 1910 1859 ἑαυτῇ
1931 1808 1980 1834 20

332 1890 407 1938 καὶ
433 1887 517 1951 τὴν
544 1890 605 1939 εἷς
632 1889 727 1937 πᾶν
754 1885 908 1934 ὁτιοῦν
934 1887 1028 1933 τῶν
1049 1883 1240 1947 ἀγαθῶν
1267 1878 1431 1946 ε”φεσίν
1456 1898 1506 1927 τε
1533 1876 1609 1926 καὶ
1633 1873 1911 1939 προθυμίαν,

334 1973 409 2022 καὶ
460 1969 514 2021 τὸ
559 1969 881 2031 ἐπιμελεῖσθαι
934 1963 1087 2015 θέλειν
1138 1961 1429 2027 ἀγαθότητος
1480 1959 1555 2008 καὶ
1601 1955 1911 2020 δικαιοσύνης.

335 2054 456 2104 οὕτω
495 2049 589 2116 γὰρ
629 2049 711 2099 τὸν
750 2048 999 2113 ἄνθρωπον
1025 2045 1121 2096 κατ’
1150 2042 1301 2094 εἰκόνα
1326 2043 1398 2092 καὶ
1434 2040 1660 2103 ὁμοίωσιν
1698 2040 1916 2103 γενεσθαι

389 2253 420 2276 2.
449 2242 488 2275 οὐ
508 2242 573 2286 γὰρ
592 2240 643 2274 δεῖ
660 2241 730 2275 τοῖς
746 2237 946 2282 βαθυτέροις
962 2235 1030 2269 hoc
1047 2234 1168 2269 ordine
1185 2234 1228 2269 A.
1246 2234 1316 2269 τοῖς
1331 2233 1367 2274 β,
1386 2232 1451 2277 γὰρ
1469 2230 1508 2264 οὐ
1525 2230 1576 2263 δεῖ
1593 2227 1659 2263 Ed.
1810 2237 1844 2271 3.
1866 2226 1919 2261 ε’ν-

342 2289 488 2323 καθιέναι
503 2289 545 2322 Α.
620 2287 761 2331 σφόδρα
779 2289 1002 2328 assumptum
1020 2293 1062 2316 ex
1079 2282 1123 2315 A.
1372 2290 1406 2320 4.
1432 2278 1497 2322 χρὴ
1514 2275 1691 2310 λανθάνειν
1707 2278 1740 2308 et
1757 2272 1792 2307 ἐν
1808 2275 1920 2316 σιωπῇ

340 2334 566 2380 παρατρέχειν
582 2333 649 2367 hoc
667 2333 788 2366 ordine
806 2331 849 2364 A.
1057 2338 1090 2373 5.
1116 2327 1182 2373 χρὴ
1201 2324 1521 2369 κατατεκμαίρεσθαι
1538 2323 1581 2356 A.
1599 2319 1922 2364 κατατεκμαίρεσθαι

343 2383 394 2416 δεῖ
414 2382 459 2415 D.
479 2381 531 2414 καὶ
549 2377 786 2423 τεκμαίρεσθαι
805 2378 855 2411 δεῖ
873 2376 939 2410 Ed.
1167 2384 1197 2419 7.
1224 2374 1357 2407 ἔπλασε
1373 2371 1434 2416 μὲν
1450 2370 1515 2404 ἀπὸ
1532 2371 1594 2413 γῆς
1610 2369 1668 2402 τὸν
1684 2367 1860 2409 ἄνθρωπον
1876 2366 1921 2400 Α.

342 2430 400 2462 τὸν
417 2428 594 2471 ἄνθρωπον
611 2427 742 2460 ἔπλασε
760 2425 820 2467 μὲν
837 2424 902 2457 ἀπὸ
919 2424 976 2466 τῆς
992 2423 1052 2467 γῆς
1070 2420 1137 2455 Ed.
1466 2417 1499 2450 8.
1525 2430 1561 2449 τε
1579 2418 1798 2457 assumptum
1817 2424 1859 2446 ex
1876 2412 1921 2446 A.

343 2486 375 2519 9.
401 2472 470 2508 οἶδε
488 2475 612 2517 τρόπον
629 2472 694 2505 hoc
713 2471 833 2504 ordine
851 2471 894 2503 A.
1053 2480 1073 2512 9
1092 2473 1125 2501 et
1145 2477 1269 2511 13—p.
1288 2472 1367 2509 553,
1390 2474 1418 2498 1.
1444 2462 1526 2496 citat
1543 2461 1689 2494 Niketas
1707 2459 1743 2492 in
1762 2458 1798 2493 S.
1816 2458 1921 2492 Joan.

346 2521 434 2554 cod.
456 2518 680 2564 Mosquensis
701 2517 788 2551 Cod.
808 2528 853 2561 93
870 2516 953 2549 olim
971 2527 1014 2557 94
1036 2514 1083 2547 fol
1102 2525 1140 2547 21
1158 2527 1165 2547 ι
1194 2513 1293 2557 cujus
1310 2510 1474 2545 lectiones
1492 2520 1522 2542 a.
1540 2506 1685 2552 signavi.
1782 2516 1816 2549 9.
1837 2504 1922 2549 ἀφε-

347 2568 404 2601 σίν
421 2567 464 2600 Α.
483 2566 590 2599 invito
608 2577 637 2598 a.
825 2574 877 2596 10.
901 2561 1172 2606 ἐγκατεΒάλλετο
1190 2559 1282 2592 A.D.
1301 2557 1409 2590 invito
1424 2567 1454 2589 a.
1648 2563 1700 2597 13.
1727 2551 1924 2597 φυσικὴν-

346 2614 473 2659 ἀγαθόν
491 2612 556 2645 hoc
575 2610 695 2644 ordine
715 2610 788 2643 Λα.
807 2610 892 2653 πρὸς
909 2609 946 2642 τὸ
965 2607 1090 2651 ἀγαθὸν
1108 2608 1187 2639 ante
1204 2603 1354 2648 φυσικὴν
1371 2600 1566 2646 transponit
1584 2598 1651 2633 Ed.
1762 2609 1815 2640 14.
1841 2597 1924 2642 γρά-

344 2662 421 2705 φων
439 2660 515 2692 A.a.
534 2658 678 2702 γράφων
695 2657 817 2700 σαφῶς
836 2655 881 2688 D.
902 2655 1024 2698 σαφῶς
1040 2653 1185 2697 γράφων
1203 2650 1270 2685 Ed.
1416 2657 1468 2692 15.
1494 2645 1544 2681 ἐπ’
1563 2658 1594 2680 a.
1741 2643 1794 2678 16.
1819 2657 1925 2687 προη-

345 2706 507 2750 τοίμασεν
525 2706 542 2737 ὁ
560 2704 635 2738 θεὸς
651 2703 717 2736 hoc
735 2702 857 2736 ordine
874 2701 953 2734 A.a.
1226 2706 1279 2741 17.
1306 2695 1477 2729 διοικεῖται
1494 2693 1623 2727 A.D.a.
1642 2690 1839 2725 διοικεῖσθαι
1857 2688 1925 2724 Ed.

352 2753 403 2787 18.
431 2752 484 2785 καὶ
509 2755 730 2794 assumptum
758 2761 798 2782 ex
826 2747 956 2781 A-D.a.
1028 2745 1120 2788 ἡνίας
1143 2744 1363 2778 πεπίστευται
1388 2742 1445 2784 τῆς
1469 2740 1571 2774 αὐτοῦ
1597 2737 1741 2773 διανοίας
1765 2737 1842 2770 A.a.
1868 2736 1927 2779 τῆς

347 2800 466 2833 ἑαυτοῦ
482 2797 628 2832 διανοίας
645 2796 735 2839 ἡνίας
751 2795 971 2829 πεπίστευται
988 2792 1053 2826 Ed.
1186 2802 1239 2833 19.
1267 2791 1365 2833 ἤτουν
1383 2789 1425 2821 A.
1444 2785 1509 2821 ε’ίτε
1527 2798 1557 2821 a.
1679 2795 1734 2818 21.
1759 2782 1812 2816 καὶ
1829 2782 1926 2827 prius

348 2850 570 2889 assumptum
590 2855 631 2876 ex
650 2844 691 2876 A.
846 2851 899 2874 22.
926 2837 1158 2883 ἐπιμελεῖσθαι
1176 2836 1286 2870 θέλειν
1302 2835 1368 2868 hoc
1386 2833 1506 2868 Ordine
1523 2833 1600 2867 A.a.
1758 2840 1814 2874 23.
1839 2826 1927 2862 οὕτω

352 2893 419 2936 γὰρ
437 2893 495 2925 τὸν
513 2890 688 2934 ἄνθρωπον
706 2888 771 2922 hoc
796 2886 917 2922 ordine
936 2886 1011 2920 A.a.
1030 2886 1087 2920 τὸν
1104 2884 1279 2928 ἄνθρωπον
1294 2882 1359 2927 γὰρ
1378 2879 1463 2915 οὕτω
1481 2879 1548 2914 Ed.
1621 2876 1782 2922 ὁμοίωσιν
1798 2874 1927 2909 A.D.a.

348 2938 420 2973 καθ’
440 2937 602 2981 ὁμοίωσιν
619 2938 706 2970 Θεοῦ
725 2933 790 2968 Ed.
