1986 3282
98 144 213 186 xviii.
239 158 300 185 11.
359 145 433 186 IN
478 147 520 186 S.
555 145 893 187 JOANNEM.
956 146 1080 186 LIB.
1115 145 1193 186 XI.
1256 145 1390 186 CAP.
1416 144 1520 185 XII.
1630 145 1682 183 25

98 257 318 320 μαθηταί·
373 256 402 321 ἢ
442 255 536 323 γὰρ
576 257 679 323 οὐχὶ
718 256 936 320 δώσομεν
974 258 1050 307 καὶ
1089 256 1259 323 ἄρτους
1294 258 1343 307 ἐκ
1382 256 1530 307 λίθων
1568 257 1686 306 ἀπο-

98 343 249 388 τελεῖν
286 339 519 389 δύνασθαι
553 337 634 389 τὸν
669 338 902 404 Χριστὸν,
942 343 1017 389 καὶ
1053 340 1102 389 ἐκ
1142 345 1225 389 τοῦ
1261 338 1457 402 μηδενὸς
1496 339 1679 388 ἀναδει-

97 419 249 470 κνύειν
269 420 506 487 ἀργύριον,
526 419 579 472 τὸ
606 419 724 487 πρὸς
753 420 965 485 δαπάνην
992 422 1148 474 αὐτοῖς
1174 419 1371 486 ἀρκέσαι
1398 420 1683 483 δυνάμενον;

97 501 229 552 ἀλλὰ
269 505 344 553 καὶ
389 504 557 569 ἄρτους
609 503 947 570 ἐπεκομίζοντο,
992 505 1067 554 καὶ
1113 501 1469 568 γλωσσόκομον
1511 502 1680 570 ἐπεφέ-

56 602 78 641 5
95 607 248 649 ροντο,
276 584 335 636 τὰ
373 585 503 651 παρὰ
541 590 634 637 τῶν
667 584 1042 654 προσφερόντων
1076 586 1412 650 συλλέγοντες.
1465 588 1687 636 διαπλεῦ-

96 689 182 716 σαι
220 668 278 718 δέ
306 691 419 718 ποτε
452 668 544 718 σὺν
571 670 725 722 αὐτοῖς
759 667 1076 733 ἐθελήσαντος
1106 673 1188 718 τοῦ
1215 671 1446 734 Χριστοῦ,
1472 667 1687 718 συνεισέ-

95 754 259 812 βησαν
285 754 346 803 εὶς
372 755 555 813 πλοῖον,
583 751 730 801 καίτοι
761 753 835 801 καὶ
861 751 1060 811 βαδίσαι
1086 751 1140 800 δι’
1172 751 1327 800 αὐτῶν
1355 749 1537 801 ὑδάτων
1563 749 1683 818 ἐξὸν,

97 830 220 898 ε’ίπερ
246 832 387 897 ἤθελε
416 835 490 883 καὶ
517 839 655 884 τοῦτο
675 831 904 899 Χριστός.
953 836 1122 883 εἰκαῖον
1148 833 1229 883 οὖν
1255 832 1347 899 ἄρα
1372 831 1426 883 τὸ
1452 832 1678 895 ἐπισκήπ-
1700 854 1723 882 ο

95 936 190 964 τειν
228 919 327 969 ταῖς
366 915 483 966 κατὰ
521 915 772 981 ἄνθρωπον
814 916 1124 977 ἀκολουθίαις,
1176 913 1218 965 εἴ
1257 938 1351 967 που
1397 938 1466 969 τις
1511 915 1684 977 βλέποι

29 1023 78 1050 10
96 998 406 1064 κεχρημένους
430 996 537 1051 τοὺς
563 997 791 1062 μαθητάς.

169 1080 450 1130 Ἀποκόπτει
476 1079 524 1130 δὲ
551 1080 576 1130 ὁ
605 1080 763 1149 Πέτρος
789 1080 834 1131 τὶ
865 1076 997 1149 δεξῖον
1023 1085 1106 1131 τοῦ
1132 1080 1297 1134 παιδὸς
1326 1079 1513 1148 ὠτάριον,
1543 1081 1685 1143 ἀκοῆς

94 1159 258 1228 ὥσπερ
291 1161 488 1229 ἐρήμους
523 1165 606 1226 τῆς
641 1162 796 1231 δεξιᾶς
835 1161 944 1216 τοὺς
976 1167 1071 1213 τῶν
1095 1163 1335 1214 Ἰουδαίων
1361 1160 1519 1224 λαοὺς,
1549 1163 1611 1215 ὡς
1637 1162 1685 1212 ἐν

93 1242 226 1313 τύπῳ
255 1244 582 1308 συμβεβηκότι
609 1244 870 1299 δεικνύντος
905 1250 988 1296 τοῦ
1021 1244 1317 1312 πράγματος.
1374 1245 1428 1295 οὐ
1452 1242 1546 1311 γὰρ
1571 1243 1680 1307 ἤθε’-

94 1334 256 1389 λησαν
299 1326 506 1378 συνιέναι
550 1326 610 1378 τὰ
654 1326 730 1377 διὰ
773 1331 1008 1394 Χριστοῦ.
1064 1326 1274 1391 ὑπακοὴν
1316 1326 1364 1378 δὲ
1408 1325 1684 1390 τετιμήκασι

28 1433 74 1472 15
94 1405 179 1471 τὴν
204 1407 454 1472 εὐώνυμον,
480 1407 645 1473 μόναις
683 1414 783 1464 ταῖς
822 1414 965 1478 σφῶν
997 1411 1236 1463 ἀπονοίαις
1275 1406 1679 1472 καταπειθόμενοι,

95 1495 122 1517 “
148 1489 421 1545 πλανῶντές
472 1514 520 1542 τε
569 1494 647 1542 καὶ
696 1491 1031 1557 πλανώμενοι”
1075 1491 1195 1542 κατὰ
1245 1490 1299 1542 τὸ
1342 1489 1865 1557 γεγραμμένον,ᾱΞ.Τῑω.

91 1571 193 1621 ἐπεί
226 1594 297 1622 τοι
336 1574 412 1623 καὶ
450 1572 533 1623 τὸν
563 1573 716 1625 πάλαι
751 1574 1047 1640 διορισθέντα
1077 1579 1334 1627 πατοῦντες
1373 1572 1517 1637 νόμον
1541 1571 1675 1639 ἐτρά-
1742 1557 1854 1590 m'13'

89 1675 238 1704 ποντο
262 1653 379 1721 πρὸς
407 1661 433 1684 “
453 1656 764 1710 διδασκαλίας
791 1654 1063 1720 ἐντάλματα
1087 1656 1390 1722 ἀνθρώπων.”
1743 1655 1906 1743 {fyth-

96 1822 223 1869 Εἶπεν
254 1825 326 1869 οὖν
359 1828 382 1870 ὁ
408 1828 577 1870 ἸΗσοῡε
604 1830 666 1883 τῷ
698 1829 853 1886 Πέτρῳ
888 1828 1000 1870 Βάλε
1037 1828 1114 1870 τὴν
1152 1827 1366 1885 μάχαιράν
1395 1842 1469 1868 σου
1508 1824 1569 1868 εἰς
1605 1826 1681 1868 τήν
1706 1848 1750 1873 11

24 1936 74 1962 20
161 1911 294 1952 θι-ἰκΗν
338 1911 483 1954 αὐτῆς·
546 1912 595 1955 τὸ
639 1914 849 1970 Ποτήριον
893 1913 915 1956 ὃ
960 1912 1127 1954 δέδωκέ·
1170 1927 1242 1961 μοι
1281 1912 1303 1955 ὁ
1342 1909 1492 1968 Πατὴρ
1533 1911 1581 1952 οὐ
1624 1910 1680 1960 μὴ

157 1993 242 2036 Πίω
279 1995 383 2038 αὐτό
403 2016 413 2048 ;

167 2111 420 2164 Πολιτείας
453 2110 536 2174 μὲν
561 2111 868 2176 εὐαγγελικῆς
894 2110 1044 2160 ὠδίνει
1071 2107 1251 2172 θεσμὸν
1282 2107 1335 2160 τὸ
1361 2108 1684 2175 παράγγελμα

92 2213 168 2241 και
208 2192 405 2256 δύναμιν
429 2194 636 2256 ἐντολῆς,
664 2193 718 2243 οὐ
755 2195 837 2256 τῆς
878 2192 997 2242 κατὰ
1036 2190 1180 2255 νόμον
1213 2191 1297 2242 τὸν
1331 2190 1408 2241 διὰ
1434 2189 1722 2243 Μωυσέωςθ

91 2277 188 2327 τοῖς
214 2274 531 2341 ἀρχαιοτεροις
557 2275 899 2338 λελαλημενης,
927 2273 1057 2324 ἀλλα
1083 2277 1164 2338 τῆς
1192 2272 1266 2324 δια
1291 2276 1509 2338 Χριστοῦ
1534 2275 1679 2322 τεθει-

25 2382 74 2421 25
92 2377 245 2420 μενης,
289 2354 319 2420 ὴ
364 2379 440 2407 και
481 2379 712 2407 τοσουτον
757 2357 965 2422 ἀπείργει
1016 2361 1098 2407 τοῦ
1149 2358 1359 2423 χρῆσθαι
1409 2354 1679 2422 μαχαίραις,

91 2441 283 2500 μᾶλλον
310 2437 359 2488 δε
394 2461 469 2488 και
495 2437 549 2489 τὸ
577 2438 927 2501 ἀνταμύνεσθαι
954 2440 1062 2501 δεῖν,
1091 2439 1153 2491 ὡς
1188 2460 1224 2488 ει
1252 2437 1333 2488 καί
1354 2459 1424 2491 τις
1456 2435 1683 2497 βούλοιτο

90 2519 297 2586 ῥαπίζειν
331 2521 452 2584 ἡμᾶς
490 2524 552 2574 εἷς
590 2520 675 2584 τὴν
710 2525 804 2572 τῶν
835 2519 1074 2587 σιαγόνων
1112 2520 1237 2583 μίαν,
1278 2521 1354 2571 καὶ
1393 2518 1611 2585 δευτέραν
1646 2521 1683 2568 εἰ
1744 2533 1796 2565 Ib.
1812 2544 1846 2565 v.

91 2601 226 2669 τύχοι
262 2607 607 2669 προσαπαιτεῖν
645 2603 942 2671 στρέφοντας
982 2604 1056 2654 καὶ
1094 2600 1180 2666 τὴν
1219 2602 1393 2666 ἄλλην,
1433 2599 1683 2668 πρόρῥιζον
1743 2587 1797 2619 39·

92 2681 257 2750 ὥσπερ
292 2687 375 2749 τῆς
406 2685 583 2736 ἑαυτῶν
608 2688 770 2754 ψυχῆς
800 2685 887 2749 τὴν
913 2685 1211 2751 ἀνθρωπίνην
1246 2684 1551 2748 ἐκτέμνοντας
1583 2684 1684 2732 ὀλι-

24 2785 75 2821 30
93 2767 352 2834 γοψυχίαν.
419 2765 549 2832 πλὴν
588 2771 625 2818 εἰ
662 2769 736 2818 καὶ
774 2767 916 2832 μήπω
952 2790 1020 2821 τις
1063 2768 1168 2833 περὶ
1207 2771 1290 2817 τοῦ
1329 2766 1502 2833 χρῆναί
1533 2774 1684 2833 φησιν

141 2910 174 2944 3.
200 2899 342 2944 ἀρκέσαι
359 2901 472 2937 αὐτοῖς
489 2901 629 2936 inverso
649 2899 771 2936 ordine
790 2900 831 2935 E.
968 2911 1000 2945 9.
1027 2900 1108 2934 κατὰ
1128 2900 1170 2934 Ε.
1191 2899 1260 2934 κατ’
1282 2898 1348 2934 Ed,
1499 2908 1554 2940 24.
1580 2898 1683 2931 λελα-

74 2953 76 2956 “
93 2945 251 2990 λημένοις
270 2947 348 2991 (pro
366 2950 477 2992 more)
497 2948 539 2982 E.
684 2956 740 2993 25.
765 2947 929 2993 μαχαίρες
947 2947 1002 2992 (ut
1020 2947 1141 2992 Supra)
1161 2946 1202 2980 Ε.

155 3013 246 3040 VOL.
272 3014 338 3041 HI.
908 3014 933 3041 E
