2001 3257
273 133 354 171 138
672 135 723 175 B.
756 133 1036 174 CYRILLI
1078 131 1460 173 ALEXANDR.
1610 141 1764 178 xx.22,
1785 140 1852 182 23.

271 248 354 290 τοῦ
384 242 658 305 Πνεύματος
685 242 886 293 κάθοδον
912 244 1252 305 ἀπομιμεῖσθαι
1277 238 1664 305 παρασκευάσας.
1709 236 1779 288 ὅτι
1806 236 1854 287 δὲ

272 323 485 389 καθάπερ
527 326 573 374 ἐν
611 322 741 392 τάξει
783 324 981 387 σημείου
1027 327 1101 373 καὶ
1143 328 1282 373 τοῦτο
1324 321 1437 372 αὐτὸ
1481 326 1578 375 τοῖς
1614 318 1856 372 Ἰουδαίοις

272 405 424 468 ἐδόθη,
451 404 675 469 συνήσεις
710 403 926 465 εὐκόλως,
955 403 1068 455 ὅταν
1100 403 1307 470 ἀκούσῃς
1341 409 1424 453 τοῦ
1456 403 1647 454 πάντων
1674 400 1853 451 δεσπό-

52 486 171 559 ζίῗοζ·1
274 509 356 537 του
382 490 506 537 Θεοῦ
542 485 617 537 διὰ
652 489 733 550 τῆς
771 492 852 537 τοῦ
891 485 1141 554 προφήτου
1174 485 1398 551 λέγοντος
1434 487 1593 554 φωνῆς
1621 481 1779 533 ““Ὀτι
1810 484 1858 532 ἐν

52 572 167 645 ἓξὲξ·
275 576 301 597 “
329 569 707 633 ἑτερογλώσσοις
747 570 822 618 καὶ
861 569 907 618 ἐν
946 568 1156 634 χείλεσιν
1196 567 1363 632 ἑτέρων
1402 564 1607 629 λαλήσω
1647 568 1713 633 τῷ
1755 568 1901 632 λαῷ5

58 667 107 689 11.
275 657 301 678 ‘⁶
331 649 518 718 τούτῳ,”
549 652 624 700 καὶ
658 650 711 699 οὐ
745 648 809 712 μὴ
845 649 1190 700 πιστεύσωσιν.
1245 649 1411 698 οὐκοῦν
1436 649 1511 698 ἵνα
1544 645 1857 707 πιστεύωμεν,

236 730 347 781 θὸτι
394 754 482 797 περ
527 733 717 796 ἀληθῶς
763 730 953 798 μέτοχοι
997 737 1080 781 τοῦ
1123 731 1290 796 (Αγίου
1336 728 1610 792 Πνεύματός
1653 732 1773 778 εἰσιν
1818 730 1861 777 οἱ

276 812 493 877 μακάριοι
530 815 748 876 μαθηταὶ,
777 815 851 863 καὶ
888 813 1067 864 ἄνωθεν
1092 816 1150 880 τῇ
1184 811 1314 878 παρὰ
1345 815 1562 878 Χριστοῦ
1597 832 1855 872 κατεστεμ-

276 894 405 958 μένοι
441 894 596 962 χάριτι
629 896 799 946 λοιπόν
823 899 929 957 εἱσι,
958 898 1032 946 καὶ
1071 897 1219 945 ἱκανοὶ
1256 892 1374 960 πρὸς
1413 893 1498 957 τὴν
1525 895 1607 956 τῆς
1641 891 1862 956 ἀληθείας

278 975 523 1044 ἐξήγησιν,
558 979 632 1027 καὶ
669 976 988 1045 ἀξιοζήλωτον
1023 977 1186 1044 ε”χουσι
1225 979 1306 1040 τῆς
1347 976 1462 1029 ἰδίας
1496 976 1772 1036 ἀποστολῆς
1809 971 1863 1023 τὸ
1886 997 1935 1023 10

279 1058 513 1125 καύχημα,
539 1063 597 1126 τῇ
624 1058 680 1127 ἐξ
702 1061 854 1127 ὕψους
880 1059 1281 1125 μεμαρτυρημένοι
1308 1060 1470 1126 δωρεᾷ,
1491 1055 1864 1124 καταπεφοίτηκε

278 1140 332 1191 τὸ
359 1146 454 1206 πῦρ
478 1143 526 1190 ἐν
553 1140 658 1191 ε’ίδει
687 1145 950 1206 γλωσσῶν.

355 1227 574 1288 Διαρκῶς
610 1222 695 1286 μὲν
719 1224 802 1273 οῦν
830 1222 1155 1286 ὑπολαμβάνω
1190 1224 1322 1273 ταυτὶ
1357 1220 1466 1287 παρ’
1493 1221 1625 1284 ἡμῶν
1651 1222 1866 1285 εἰρῆσθαι

280 1305 377 1354 νυνὶ
407 1302 526 1369 πρὸς
552 1305 863 1370 παράστασιν
890 1306 1061 1370 ἀκριβῆ
1088 1307 1171 1368 τῆς
1197 1309 1291 1355 τῶν
1317 1303 1630 1370 προκειμένων
1657 1301 1864 1366 θεωρίας·

279 1385 434 1448 ἐπειδὴ
475 1386 522 1436 δέ
561 1391 726 1437 πᾶσαν
758 1387 878 1450 ἡμᾶς
916 1392 999 1437 τοῦ
1035 1386 1185 1452 λόγου
1217 1390 1455 1437 ποιεῖσθαι
1489 1383 1717 1449 προσήκει
1751 1381 1868 1448 πρό-
1891 1399 1938 1437 15

59 1482 224 1518 1100A.
242 1491 264 1515 a
282 1490 423 1528 νοιαν,
451 1470 514 1521 ὡς
541 1466 597 1518 ἂν
624 1469 688 1532 μή
717 1491 760 1519 τι
786 1474 882 1522 τοῖς
909 1471 1136 1535 ἀδελφοῖς
1166 1468 1368 1536 ἀναφύοι
1403 1466 1457 1518 τὸ
1492 1465 1766 1517 σκάνδαλον
1792 1463 1868 1515 διὰ

282 1552 364 1612 τῆς
389 1572 530 1600 τινων
555 1552 892 1619 συκοφαντίας,
921 1550 1033 1618 φερε
1068 1555 1161 1603 τοῖς
1199 1550 1450 1616 εἰρημένοις
1479 1548 1767 1614 προσθέντες
1793 1547 1870 1596 καὶ

282 1636 435 1694 τοῦτο,
480 1634 555 1682 καὶ
604 1631 688 1687 τὰς
735 1632 934 1683 ἔσεσθαι
978 1632 1376 1698 προσδοκωμένας
1420 1630 1550 1697 παρά
1593 1652 1677 1680 του
1727 1627 1872 1696 τυχὸν

284 1713 669 1779 ἀθυρογλωττιας
716 1714 1121 1779 διακρουσώμεθα-
1182 1712 1441 1778 εὑρήσομεν
1486 1712 1642 1763 τοίνυν
1684 1712 1732 1761 ἐν
1775 1713 1871 1764 τοῖς

64 1796 203 1879 ξὲῗλη.
285 1795 456 1863 ἐφεξῆς
483 1818 826 1861 γεγραμμενον,
858 1796 928 1846 ὅτι
955 1803 984 1825 “
1003 1799 1180 1860 Θωμᾶς
1215 1797 1240 1845 ὁ
1272 1795 1525 1861 λεγόμενος
1552 1795 1761 1857 Δίδυμος
1787 1793 1870 1843 οὐκ
1892 1812 1943 1836 20

287 1875 398 1940 “ἧν
435 1877 552 1940 μετὰ
592 1882 687 1928 τῶν
725 1882 949 1941 μαθητῶν
992 1877 1067 1928 ότε
1107 1877 1252 1942 ἦλθεν
1294 1879 1318 1928 ὁ
1352 1877 1586 1942 Ἰησοῦς.”
1633 1880 1734 1928 πῶς
1771 1875 1870 1933 οὖν,

288 1960 381 2023 ε’ρεῖ
411 1982 478 2013 τις
513 1983 587 2010 και
622 1959 756 2023 μάλα
794 1960 991 2022 δικαίως,
1025 1959 1151 2026 ε’ίπερ
1187 1962 1326 2023 ἀπῆν,
1357 1962 1547 2023 ἀληθῶς
1585 1964 1668 2009 τοῦ
1705 1959 1873 2024 ΗΑγιου

290 2040 566 2104 Πνεύματος
594 2043 837 2109 ἀνεδείχθη
864 2041 1076 2109 με’τοχος,
1104 2041 1179 2092 ὅτε
1211 2046 1306 2095 τοῖς
1341 2045 1570 2105 μαθηταῖς
1596 2040 1876 2108 ἐπέλαμψεν

291 2125 315 2174 ὁ
343 2122 525 2189 Σωτὴρ,
555 2122 795 2193 ἐνεφόσησέ
815 2146 865 2174 τε
902 2125 1056 2189 λέγων
1084 2122 1265 2183 Λάβετε
1297 2125 1474 2191 Πνεῦμα
1498 2121 1677 2188 ’Άγιονς
1720 2121 1877 2190 φαμὲν

246 2217 274 2257 b
292 2206 387 2267 οὖν,
415 2204 486 2256 ὅτι
511 2205 630 2256 κατὰ
665 2205 842 2259 παντὸς
875 2206 1038 2272 ἐχώρει
1075 2211 1158 2256 τοῦ
1195 2205 1431 2266 λαβόντος
1465 2204 1551 2269 τὴν
1577 2203 1715 2272 χάριν
1740 2204 1768 2268 ἡ
1794 2209 1877 2254 τοῦ
1897 2218 1946 2257 25

296 2287 570 2350 Πνεῦματος
604 2287 809 2350 δύναμις,
838 2289 912 2338 καὶ
947 2287 1030 2338 τὸν
1061 2292 1144 2338 τοῦ
1182 2286 1390 2341 διδόντος
1427 2286 1636 2351 ἐπλήρου
1675 2284 1873 2337 σκοπόν.

295 2369 463 2420 δέδωκε
502 2369 550 2420 δὲ
589 2371 613 2420 ὁ
653 2369 864 2433 Χριστὸς
901 2371 959 2420 οὔ
992 2393 1118 2420 τισιν
1157 2369 1245 2419 ἀνὰ
1283 2370 1434 2435 μέρος,
1470 2370 1582 2419 ἀλλ’
1617 2367 1743 2421 ὅλοις
1783 2372 1878 2421 τοῖς

295 2455 541 2514 μαθηταῖς.
613 2452 778 2502 οὐκοῦν
817 2452 1032 2518 δέχονται
1070 2453 1146 2502 καὶ
1185 2455 1222 2501 εἰ
1260 2449 1324 2514 μὴ
1363 2450 1587 2517 παρῆσάν
1624 2472 1756 2512 τινες,
1797 2451 1880 2513 τῆς

298 2537 380 2582 τοῦ
432 2532 639 2586 διδόντος
690 2534 962 2600 φιλοτιμίας
1021 2533 1103 2583 οὐκ
1154 2537 1216 2586 εἷς
1267 2532 1437 2595 μόνους
1485 2531 1593 2586 τοὺς
1641 2529 1880 2598 παρόντας

299 2613 701 2676 συστελλομένης,
729 2613 839 2664 ἀλλ’
869 2618 931 2667 εἷς
969 2612 1157 2664 ἅπαντα
1198 2613 1449 2677 διηκούσης
1487 2613 1570 2663 τὸν
1606 2618 1698 2664 τῶν
1733 2614 1881 2679 ἁγίων
1900 2634 1950 2671 30

300 2695 588 2745 ἀποστόλων
630 2694 788 2762 χορόν.
855 2695 927 2746 ὅτι
971 2695 1019 2745 δὲ
1062 2694 1217 2756 βιάιον
1256 2694 1388 2745 οὐδὲν
1428 2693 1790 2763 πεφρονήκαμεν
1833 2697 1882 2746 ἐν

299 2778 494 2840 τούτοις,
539 2778 647 2827 ἀλλ’
690 2776 794 2827 οὐδὲ
839 2778 1150 2843 ἀναίσχυντος
1195 2777 1304 2840 ἡμῖν
1346 2778 1370 2827 ὁ
1415 2782 1621 2831 τοιοῦτος
1669 2781 1881 2845 φανεῖται

905 2927 939 2961 6.
964 2927 1215 2963 πιστεύσουσιν
1234 2928 1274 2963 Ε.
