2017 3252
76 169 264 211 [114M·]

58 791 108 821 (⁴f.
125 793 240 821 contra

58 834 153 865 Nost.
172 834 217 864 iii.

60 876 101 907 66
115 887 141 908 e.

58 1034 146 1065 Heb.
165 1033 233 1067 viii.

51 1076 87 1114 ἰ,
102 1087 129 1109 2,

59 1738 109 1771 Ib.
125 1738 170 1771 iii.
185 1749 196 1770 1
206 1749 232 1770 2.

59 1902 129 1933 Col.
149 1901 183 1932 ii.
201 1901 231 1933 6.

281 104 367 143 468
711 105 763 145 Β.
798 104 1047 145 CYRILLI
1088 103 1439 144 ALEXANDR.

285 217 313 240 ‘⁶
340 210 636 276 Πιστεύομεν
662 211 754 278 γὰρ
779 215 842 265 εἰς
877 212 956 262 ἕνα
983 210 1107 262 Θεὸν
1135 211 1324 277 Πατέρα
1348 209 1717 276 παντοκράτορα,
1745 210 1862 261 πάν-

285 300 311 322 “
337 315 431 343 των
465 294 645 359 ὁρατῶν
678 316 727 344 τε
768 295 844 344 καὶ
884 292 1097 357 ἀοράτων
1134 291 1332 356 ποιητὴν
1370 295 1445 342 καὶ
1484 295 1545 344 εἷς
1586 292 1666 342 ἕνα
1707 290 1864 357 κύριον

284 380 311 404 “
336 375 528 439 Ἰησοῦν
553 373 771 440 Χριστὸν
796 374 879 424 τὸν
906 375 1048 424 αὐτοῦ
1074 372 1238 424 Υὶόν.”
1284 373 1450 423 οὐκοῦν
1476 376 1517 422 οἱ
1552 373 1770 437 λέγοντες
1794 372 1866 422 ὅτι

282 456 472 521 γέγονεν
497 455 657 522 ἱερεὺς,
687 455 762 506 διά
797 478 846 506 τε
878 460 1017 505 τοῦτο
1051 453 1483 520 σκανδαλιζόμενοι,
1511 452 1868 504 διδασκέτωσαν

281 537 402 600 ἡμᾶς
451 542 582 590 ποῖος
634 536 774 603 ἱερεὺς
825 538 973 605 ἑαυτῷ
1023 540 1219 587 ποιεῖται
1267 534 1353 598 τὴν
1398 535 1672 601 ἱερουργίαν,
1719 534 1866 602 ἑαυτῷ
1888 553 1910 591 5

279 618 542 687 προσφέρει
585 618 670 681 τὴν
711 618 912 674 θυσιάνς
953 622 1085 671 ποῖος
1129 616 1270 683 ἱερεὺς
1311 618 1359 666 ἐν
1400 616 1482 683 ἰ’σῃ
1526 615 1657 684 τάξει
1698 617 1773 666 καὶ
1819 616 1868 665 ἐν

280 697 398 767 δόξῃ
438 699 652 767 φαίνεται
694 703 760 768 τῷ
799 699 908 764 παρ’
951 700 1093 750 αὐτοῦ
1135 697 1369 767 δεχομένῳ
1413 697 1499 761 τὴν
1538 697 1863 762 λειτουργίαν;

281 779 413 830 ἀλλὰ
439 780 585 830 καίτοι
622 780 828 845 γεγονὼς
861 779 1098 847 ἀρχιερεὺς
1138 782 1162 830 ὁ
1197 778 1312 833 Υἱὸς
1351 779 1426 829 διὰ
1463 778 1519 829 τὸ
1558 778 1867 844 ἀνθρώπινον,

281 862 429 929 ἑαυτῷ
456 860 812 926 προσκεκόμικε,
840 863 914 911 καὶ
947 862 1000 911 δι’
1030 861 1194 911 ἑαυτοῦ
1220 864 1286 929 τῷ
1314 862 1469 925 Πατρὶ
1500 858 1585 923 τὴν
1612 857 1870 923 ὁμολογίαν

280 943 425 1006 ἡμῶν,
453 944 528 993 καὶ
562 944 610 992 ἐν
635 947 729 996 τοῖς
769 945 851 1005 τῆς
884 940 1102 1006 θεότητος
1141 943 1303 1008 ὁρᾶται
1336 939 1534 1006 θρόνοις·
1578 941 1654 990 καὶ
1684 938 1867 991 πιστώ-
1893 961 1941 985 10

279 1047 414 1075 σεται
440 1023 641 1092 γράφων
668 1024 692 1073 ὁ
721 1027 916 1076 Παῦλος
944 1030 970 1052 “
994 1022 1272 1092 Κεφάλαιον
1299 1022 1346 1072 δὲ
1372 1024 1445 1073 ἐπὶ
1474 1026 1570 1074 τοῖς
1596 1019 1866 1087 εἰρημένοις,

281 1111 309 1135 “
334 1111 545 1156 τοιοῦτον
570 1105 736 1172 ἔχομεν
762 1103 974 1171 ἀρχιερέα
1010 1102 1059 1157 ὸς
1094 1103 1309 1154 ἐκάθισεν
1335 1105 1382 1153 ἐν
1415 1103 1546 1171 δεξιᾷ
1579 1108 1663 1153 τοῦ
1701 1100 1871 1166 θρόνου

280 1194 309 1217 “
335 1190 418 1250 τῆς
452 1184 798 1252 μεγαλωσύνης
825 1186 874 1235 ἐν
901 1190 998 1239 τοῖς
1032 1186 1257 1250 οὐρανοῖς,
1285 1188 1378 1235 τῶν
1405 1185 1553 1248 ἁγίων
1578 1183 1866 1248 λειτουργὸς,

281 1275 308 1299 “
333 1271 408 1318 καὶ
443 1270 525 1331 τῆς
559 1269 738 1331 σκηνῆς
770 1269 854 1330 τῆς
888 1267 1114 1329 ἀληθινῆς
1138 1265 1196 1329 ἢν
1221 1265 1394 1334 ἔπηξεν
1419 1266 1443 1315 ὁ
1474 1265 1647 1330 Κύριος
1681 1266 1756 1315 καὶ
1788 1265 1871 1314 οὐκ

281 1357 309 1379 “
336 1349 628 1416 ἄνθρωπος.”
673 1349 839 1399 οὐκοῦν
875 1347 1093 1414 ἱερατεύει
1130 1346 1216 1410 μὲν
1242 1348 1544 1413 ἀνθρωπίνως
1580 1346 1650 1396 ὅτι
1677 1346 1871 1412 γέγονεν
1893 1369 1940 1408 15

282 1431 544 1497 ἄνθρωπος,
570 1429 837 1496 συνεδρεύει
864 1428 913 1480 δὲ
940 1432 1102 1483 θεϊκῶς
1128 1427 1199 1480 ὅτι
1224 1428 1451 1493 μεμένηκε
1478 1428 1649 1494 Λόγος.

1023 1603 1120 1651 XI.

358 1720 483 1772 Θεὸν
520 1720 677 1784 μέντοι
716 1719 864 1785 ζῶντά
899 1722 1023 1787 φησι
1064 1717 1146 1769 τὸν
1172 1717 1401 1784 Χριστὸν,
1429 1717 1483 1768 οὗ
1521 1716 1676 1782 πάντη
1710 1739 1761 1767 τε
1796 1717 1871 1767 καὶ

282 1801 470 1856 πάντως
501 1803 789 1870 ἀφίστανται
823 1805 917 1852 τῶν
942 1802 1025 1863 τῆς
1061 1799 1283 1864 ἀληθείας
1318 1798 1567 1864 δογμάτων
1593 1800 1872 1862 ἀποπηδῶν-

281 1884 356 1937 τές
398 1906 533 1935 τινες·
591 1881 722 1933 ἀλλὰ
768 1883 818 1933 τί
857 1886 1009 1948 φησιν
1053 1881 1077 1930 ὃ
1122 1882 1264 1931 αὐτοῦ
1307 1880 1548 1945 μαθητής;
1604 1887 1632 1909 “
1657 1881 1744 1934 ”Ως
1790 1881 1871 1931 οὖν
1893 1904 1942 1929 20

282 1971 310 1994 ‘⁶
336 1962 631 2031 παρελάβετε
657 1962 739 2014 τὸν
766 1961 982 2029 Χριστὸν
1012 1961 1203 2027 Ἰησοῦν
1233 1960 1421 2028 Κύριον,
1447 1963 1495 2012 ἐν
1521 1962 1646 2030 αὐτῷ
1670 1984 1867 2026 περιπα-

282 2053 310 2076 “
335 2046 495 2098 τεῖτε.”
537 2044 874 2111 παρελάβομεν
902 2042 949 2093 δὲ
971 2043 1121 2109 ζῶντα
1140 2042 1264 2093 Θεὸν
1288 2045 1362 2094 καὶ
1383 2042 1558 2110 Κύριον
1578 2044 1767 2107 ἀληθῶς
1787 2041 1870 2093 τὸν

282 2126 516 2195 Χριστόν.

329 2287 363 2321 3.
389 2276 491 2309 αὐτοῦ
508 2276 580 2309 υἱόν
597 2273 664 2308 hoc
682 2272 804 2307 Ordine
822 2284 852 2307 a.
1042 2285 1075 2314 4.
1101 2272 1155 2306 διά
1172 2271 1226 2316 τε]
1247 2273 1301 2306 διά
1317 2287 1357 2317 γε
1374 2283 1404 2306 3.
1621 2272 1674 2307 18.
1699 2283 1740 2306 ex
1759 2282 1778 2306 a
1795 2277 1829 2306 et
1845 2271 1868 2306 b

281 2322 341 2357 fol.
370 2333 432 2356 211
454 2334 484 2361 ν,
512 2322 571 2366 qui
600 2320 774 2364 Κυρίλλου
799 2319 915 2363 ὁμιλία
945 2319 998 2352 καὶ
1025 2319 1238 2363 θησαυρικῶν
1267 2320 1316 2359 λβ
1342 2318 1527 2352 exhibent:
1564 2318 1755 2362 posteriora
1782 2330 1870 2363 quae

282 2369 319 2402 in
343 2369 421 2412 θησ.
447 2368 502 2407 λβ’
532 2367 653 2413 [Thes.
681 2377 744 2408 292
772 2365 795 2399 d
821 2364 967 2410 scilicet]
999 2365 1239 2407 inveniuntur,
1270 2365 1481 2404 omittentes,
1511 2365 1626 2409 priora
1651 2364 1868 2399 exhibemus.

285 2426 339 2449 22.
364 2414 803 2459 παρελάβομεν-Χριστόν
830 2412 925 2446 Maio
950 2411 1123 2446 omissum
1148 2423 1166 2446 e
1193 2411 1359 2446 Cramero
1384 2410 1543 2452 exhibeo,
1569 2416 1649 2455 post
1674 2411 1757 2445 haec
1781 2410 1867 2444 inci-

285 2461 400 2506 piente
418 2473 436 2494 e
451 2460 634 2494 Thesauro
652 2458 826 2493 citatione.
