2012 3272
111 117 280 167 xix.42.
473 109 546 150 IN
590 107 631 147 S.
666 99 1002 146 JOANNEM.
1066 95 1193 137 LIB.
1226 92 1331 133 XII.
1615 83 1694 123 107

107 257 225 302 Ἐκεῖ
263 256 335 300 οὖν
373 257 440 298 διὰ
479 255 555 297 τήν
595 249 871 309 Παρασκευέιν
910 247 995 288 τῶν
1027 241 1264 290 Ἰουδαίων,
1303 238 1366 278 ὅτι
1404 231 1522 280 &ff-Oc
1560 226 1610 270 ἦν
1648 226 1764 274 1842

534 333 753 387 μνΗμεῖον,
790 334 949 374 {mmm}
986 328 1059 370 τὸν
1092 326 1269 366 Ἰιιοοῦψ

189 457 315 523 Οὐχι
340 453 486 520 μόνον
512 454 677 504 ἁπλῶς
704 448 776 500 ὅτι
800 441 1071 510 κεκήδευταί
1094 444 1259 508 φησιν,
1285 435 1432 501 ἤγουν
1460 431 1530 482 ὅτι
1557 450 1704 492 κηπος

116 537 158 601 ἧν
200 537 339 605 ἐγγυς
379 542 462 587 τοῦ
502 537 725 598 σταυροῦ,
763 553 837 582 και
877 524 1036 578 καινὸν
1077 525 1125 574 ἐν
1161 521 1287 589 αὐτῷ
1325 518 1564 582 μνημεῖον,
1590 510 1701 561 ἀλλ’

72 644 94 681 5
117 622 187 674 ὅτι
222 622 296 672 καὶ
331 617 552 681 κατετεθη
580 619 729 680 δηλοῖ,
757 610 860 663 οὐδὲ
890 608 944 661 τὸ
970 604 1128 674 βραχὺ
1154 608 1248 655 τῶν
1272 596 1537 667 γεγονότων
1563 614 1706 643 κατα-

117 703 271 756 λιπὼν
310 700 615 770 ἀνεξήγητον.
668 690 1015 761 ἀναγκαιοτάτη
1062 687 1156 754 γὰρ
1205 684 1349 736 ὅντως
1390 684 1451 733 εἷς
1497 675 1583 740 τὴν
1623 697 1706 725 του
1725 679 1751 719 b

117 807 380 852 μυστηριου
412 780 686 834 συναίνεσιν
711 800 761 830 τε
794 799 869 827 και
895 772 1154 832 σύστασιν,
1181 768 1209 832 ἡ
1236 788 1340 832 περι
1374 767 1457 814 τοῦ
1493 757 1710 811 τεθνάναι

119 867 336 936 Χριστὸν
366 863 599 963 ὁμολογία
631 884 707 913 και
745 862 940 926 γνῶσις.
996 852 1071 904 διὰ
1103 856 1241 903 τοῦτο
1275 870 1349 898 και
1377 847 1401 896 6
1427 840 1713 912 σοφώτατος

124 955 321 1004 Παῦλος
365 947 448 1000 τὸν
489 949 572 1010 τῆς
613 945 821 996 πίστεως
866 939 976 1004 ἡμῖν
1022 932 1196 987 κανόνα
1241 925 1549 995 διοριζόμενος
1590 924 1713 974 οὕτω

55 1060 103 1086 10
124 1034 275 1103 φησίν
303 1038 330 1061 “
353 1028 533 1096 Ἐγγύς
567 1050 659 1079 σου
685 1023 739 1077 τὸ
771 1021 902 1091 ῥημα
933 1021 1078 1080 ἐστιν,
1104 1017 1152 1066 ἐν
1178 1018 1244 1084 τῶ
1281 1008 1490 1074 στόματί
1519 1028 1610 1057 σου
1637 1027 1713 1055 και
1776 1010 1911 1085 {OQ-x·

124 1124 150 1147 “
175 1118 224 1167 ἐν
247 1116 305 1183 τῇ
333 1112 499 1181 καρδια
525 1133 631 1172 σου,
657 1128 874 1159 τουτεστι
899 1102 954 1154 τὸ
987 1103 1114 1169 ῥῆμα
1138 1100 1221 1161 τῆς
1248 1115 1452 1147 πιστεως
1479 1089 1503 1141 6
1530 1086 1709 1154 κηρύσ-
1865 1075 1870 1081 ’

126 1207 152 1229 “
179 1220 343 1261 σομεν,
371 1195 442 1247 ὅτι
476 1193 556 1245 ἐὰν
582 1213 714 1259 ειπῃς
746 1191 793 1240 ἐν
825 1191 892 1257 τῷ
926 1182 1136 1247 στόματί
1170 1203 1262 1231 σου
1300 1176 1474 1242 Κύριος
1507 1174 1714 1237 Ἰησοῦς,

127 1289 154 1312 “
182 1303 258 1332 και
291 1278 553 1345 πιστεύσῃς
580 1298 627 1326 εν
653 1276 712 1340 τῇ
744 1270 912 1338 καρδία
937 1290 1028 1318 σου
1056 1264 1126 1316 ὅτι
1153 1264 1178 1314 6
1206 1260 1326 1314 Θεὸς
1367 1257 1550 1324 ἠγειρεν
1577 1251 1719 1304 αὐτὸν

130 1371 156 1395 “
182 1365 231 1414 ἐκ
267 1365 457 1428 νεκρῶν,
498 1355 720 1423 σωθήσῃ
783 1351 949 1420 καρδία
990 1348 1083 1415 γὰρ
1120 1341 1391 1398 πιστεύεται
1435 1362 1497 1392 εις
1540 1338 1715 1386 δικαιο-

61 1470 109 1509 15
131 1453 158 1476 “
184 1445 358 1509 σύνην,
414 1441 621 1505 στόματι
673 1436 721 1487 δὲ
780 1436 1082 1499 ὁμολογεῖται
1138 1432 1200 1482 εἷς
1251 1421 1531 1489 σωτηρίαν,”
1589 1414 1723 1468 ἀλλὰ

132 1552 208 1580 και
246 1525 438 1592 ἑτερωθί
470 1546 563 1575 που
601 1518 750 1573 πάλιν
791 1525 817 1547 “
842 1515 1103 1581 Παρεδωκα
1135 1509 1229 1576 γὰρ
1256 1509 1363 1572 ὑμῖν
1389 1506 1437 1555 ἐν
1467 1500 1671 1569 πρώτοις
1698 1495 1723 1548 ’ὃ
1742 1523 1763 1550 c
1784 1504 1915 1586 {sgr-4

131 1619 158 1640 ‘⁶
186 1633 262 1662 και
300 1605 634 1675 παρέλαβον,
621 1602 692 1653 ότι
719 1597 933 1666 Χριστὸς
968 1596 1196 1647 ἀπεθανεν
1223 1589 1337 1656 ὑπερ
1363 1592 1458 1638 τῶν
1484 1585 1725 1650 ἁμαρτιῶν
1831 1572 1837 1578 ’
1872 1571 1880 1585 ’
1920 1570 1926 1576 ’

133 1701 160 1723 “
187 1693 319 1757 ἡμῶν
345 1687 465 1741 κατὰ
495 1686 580 1741 τὰς
614 1682 837 1785 γραφὰς,
848 1703 924 1732 και
964 1678 1035 1730 ὅτι
1073 1674 1238 1772 ἐτάφη,
1266 1673 1340 1723 καὶ
1368 1670 1439 1721 ὅτι
1477 1665 1725 1733 ἐγήγερται

136 1783 162 1806 “
186 1779 244 1843 τῇ
283 1772 431 1872 ημέρα
467 1775 525 1838 τῇ
557 1769 690 1835 τρίτῃ
725 1763 844 1816 κατὰ
874 1761 958 1814 τὰς
985 1756 1221 1827 γραφάςΪ
1272 1754 1439 1806 οὐκοῦν
1465 1752 1720 1815 ἀναγκαιο-

68 1878 118 1903 20
136 1857 281 1922 τάτην
321 1858 396 1906 καὶ
434 1852 519 1918 τὴν
556 1873 662 1918 περι
700 1846 880 1899 τούτων
921 1844 1031 1908 ἡμῖν
1070 1839 1300 1910 ἐξήγησιν
1339 1837 1364 1887 6
1403 1839 1485 1885 τοῦ
1532 1831 1728 1893 βιβλιου

137 1944 333 1992 ποιεῖται
367 1931 692 2002 συγγραφεύς.
749 1929 838 1981 ε’δει
873 1926 967 1993 γὰρ
1007 1925 1096 1975 ἔδει
1134 1920 1372 1974 πιστεύειν
1399 1916 1471 1968 ὅτι
1509 1937 1582 1965 και
1617 1911 1730 1964 ἀπέ-

140 2027 250 2074 θανε
297 2043 369 2071 και
415 2017 584 2085 ετοίφη.
654 2010 824 2064 λοιπὸν
870 2008 965 2108 γὰρ
1012 2003 1291 2068 εἶσβήσεται
1336 1998 1454 2062 μετὰ
1495 2001 1635 2048 τοῦτο
1676 1992 1731 2044 τὸ

139 2102 377 2157 πιστεύειν
404 2103 608 2164 ἀληθῶς,
636 2096 706 2147 ὅτι
738 2117 814 2144 και
839 2090 899 2143 τὰ
924 2094 1008 2141 τοῦ
1035 2083 1240 2139 θανάτου
1267 2080 1520 2150 διαρρήξας
1553 2076 1728 2141 δεσμὰ,

142 2186 260 2254 πρὸς
286 2208 371 2248 την
398 2183 515 2234 ἶδιαν
542 2183 604 2233 ὡς
623 2177 745 2230 Θεὸς
765 2173 1048 2242 ἀνεφοῖτησε
1070 2167 1206 2236 ζωην.
1253 2167 1306 2217 οὐ
1333 2164 1426 2230 γὰρ
1451 2161 1508 2226 ἠν
1535 2159 1733 2210 δυνατὸν
1796 2140 1957 2229 ζιζῗζ

77 2289 123 2327 25
145 2270 419 2337 κρατεῖσθαι
447 2261 588 2314 αὐτὸν
615 2259 705 2311 ὑπὸ
731 2262 814 2309 τοῦ
841 2251 1061 2306 θανάτου.
1111 2249 1202 2316 ζωη
1224 2247 1317 2315 γὰρ
1344 2246 1408 2296 ὠν
1429 2243 1548 2295 κατὰ
1570 2242 1734 2311 φύσιν,

144 2356 246 2405 πῶς
281 2350 338 2400 ἂν
366 2349 574 2410 ὑπεμεινε
610 2341 695 2406 τὴν
730 2333 950 2407 φθοράν·
941 2377 952 2396 ,
1001 2335 1024 2384 6
1053 2332 1099 2384 δὲ
1127 2334 1175 2383 ἐν
1211 2329 1248 2381 ὡ
1283 2330 1430 2396 ζῶμεν
1463 2349 1539 2377 και
1580 2323 1732 2375 κινού-
1754 2337 1848 2378 dIb.
1868 2336 1945 2367 xvii.

147 2437 268 2498 μεθα
293 2454 367 2482 και
393 2426 551 2491 ἐσμὲν,
576 2428 676 2477 πῶς
704 2420 762 2472 ἂν
788 2424 884 2473 τοῖς
910 2420 993 2480 τῆς
1027 2414 1251 2480 ἡμετέρας
1279 2411 1470 2480 φύσεως
1498 2407 1736 2501 ὑπηνεχθη
1801 2383 1849 2413 28'

150 2514 321 2579 νόμοις,
358 2513 433 2563 καὶ
474 2510 576 2575 οὐχὶ
616 2510 807 2570 μᾶλλον
847 2503 909 2554 ὡς
937 2497 1057 2552 Θεὸς
1095 2493 1414 2564 ἐζωογόνησεν
1449 2489 1650 2544 εὐκόλως
1684 2487 1737 2539 τὸ

151 2597 268 2664 ζωῆς
293 2591 501 2647 ἐπιδεες·
491 2633 503 2653 ,

203 2719 255 2753 18.
282 2717 334 2751 καὶ
351 2715 402 2750 ὅτι
420 2715 529 2759 ἐτάφη
548 2716 773 2755 assumptum
790 2720 832 2743 ex
852 2707 892 2741 Ε
1177 2714 1228 2746 19.
1257 2702 1295 2744 τῇ
1316 2699 1409 2743 τρίτῃ
1429 2697 1533 2741 ἡμέρᾳ
1554 2695 1594 2729 Ε.
1615 2693 1674 2728 sed
1694 2693 1737 2726 cf,

157 2765 283 2811 Glaph.
309 2774 371 2809 135
391 2775 409 2797 e
429 2762 463 2807 (a
478 2760 597 2796 Tisch.
617 2758 704 2802 cit).
