2027 3257
320 129 404 170 262
556 128 607 168 B.
636 127 884 168 CYRILLI
919 125 1269 167 ALEXANDR.
1305 125 1677 166 FRAGMENTA
1738 124 1791 165 vi.
1815 137 1905 178 1-3.

122 199 287 241 [55M-]

357 239 376 249 Α

320 260 403 301 της
456 236 841 299 τεθαυμασμένης
893 235 968 284 καὶ
1017 232 1234 296 δοθείσης
1291 233 1470 283 ἄνωθεν
1524 233 1648 300 αὐτῷ
1707 230 1908 296 μήνυσις

319 317 535 384 ἐναργής.
590 317 804 382 τετίμηκε
839 315 932 382 γὰρ
965 314 1071 368 τοὺς
1107 314 1266 380 ἁγίους
1297 315 1322 364 ὁ
1352 314 1525 380 Κύριος
1563 315 1695 378 ἡμῶν
1720 314 1907 378 Ἰησοῦς

323 401 349 450 ὁ
379 398 608 466 Χριστός.

103 569 202 618 Κεφ.
227 564 273 612 ς’.
458 563 678 622 Κρίνεσθαι
714 560 781 605 ἐπὶ
820 563 905 604 τῶν
943 561 1106 603 ἀδίκων
1146 562 1213 602 καὶ
1251 560 1342 617 οὐχὶ
1379 561 1449 602 ὲΠί
1486 560 1571 602 τῶν
1610 559 1769 611 ἁΓίων;

1927 688 1948 726 01

397 679 584 744 Ἄγιους
624 681 761 727 καλεῖ
793 675 900 729 τοὺς
936 674 1248 741 ἡγιασμένους
1279 675 1327 724 ἐν
1351 672 1596 736 πνεύματι,
1635 669 1830 725 ἀδίκους
1859 671 1906 722 δὲ

322 757 430 812 τοὺς
473 760 602 810 οὔπω
646 757 1016 811 πεπιστευκότας
1062 759 1123 810 ὡς
1166 755 1441 820 ἑτοιμότατα
1487 755 1596 805 λίαν
1643 753 1761 820 πρὸς
1810 758 1907 804 πᾶν

324 842 478 891 ὁτιοῦν
516 839 669 894 ἰόντας
707 844 801 891 τῶν
836 844 1008 890 κακῶν
1058 837 1413 902 ἀνεπιτήδευτον
1451 836 1545 902 γὰρ
1583 840 1678 887 τῶν
1716 834 1906 886 ἀτόπων

324 923 455 974 οὐδὲν
480 928 575 976 τοῖς
601 924 730 974 οὔπω
756 919 838 973 τόν
866 920 1009 989 φύσει
1034 922 1110 971 καὶ
1136 922 1325 985 ἀληθῶς
1351 917 1499 969 εἰδόσι
1527 917 1664 969 Θεὸν.

285 1115 303 1139 2
525 1084 612 1126 Οὐκ
650 1082 798 1126 οἷ’ὃατε
835 1084 900 1126 ὅτι
937 1081 976 1125 οἶ
1012 1085 1123 1131 ἅΓιοι
1161 1083 1234 1125 τὸν
1274 1083 1430 1131 κόσμον
1470 1083 1709 1138 κρινοῦσιν;

402 1203 439 1249 Κ
450 1201 596 1268 ρινοῧσι
637 1198 685 1248 δὲ
724 1197 866 1248 αὐτὸν
892 1197 946 1247 οὐ
979 1196 1133 1260 πάντη
1160 1219 1209 1247 τε
1236 1198 1311 1246 καὶ
1341 1195 1529 1248 πάντως
1563 1193 1908 1260 προκαθήμενοι
1931 1219 1979 1244 10

100 1289 218 1363 {saa
238 1290 281 1322 iv.
324 1281 560 1332 δικασταί·
611 1287 638 1309 “
659 1278 742 1333 Εἷς
767 1278 860 1345 γὰρ
888 1279 912 1329 ὁ
940 1278 1192 1342 νομοθέτης
1220 1279 1294 1328 καὶ
1331 1276 1534 1344 κριτής””
1583 1274 1715 1326 ἀλλὰ
1741 1279 1798 1343 τῇ
1824 1280 1908 1326 τοῦ

145 1357 153 1365 ’
323 1363 430 1424 βίου
457 1359 709 1426 σεμνότητι
737 1363 811 1411 καὶ
837 1364 894 1428 τῇ
924 1358 1043 1426 πρὸς
1068 1364 1163 1410 πᾶν
1190 1360 1415 1427 εὐπειθείᾳ
1441 1359 1689 1425 μονονουχὶ
1719 1358 1906 1423 καθορί-

322 1444 476 1511 ζοντες
514 1450 596 1494 τοῦ
636 1443 818 1507 κόσμου
857 1442 943 1506 τὴν
974 1442 1220 1507 ἁμαρτίαν,
1249 1441 1319 1493 ὅτι
1358 1440 1421 1504 μὴ
1461 1439 1717 1506 γεγόνασιν
1755 1440 1909 1489 αὐτῶν

321 1526 534 1590 μιμηταί.
601 1529 708 1588 μιᾶς
749 1524 834 1588 μὲν
880 1524 973 1590 γὰρ
1019 1523 1211 1592 φύσεως
1255 1526 1296 1573 οἱ
1340 1522 1511 1575 πάντες
1553 1519 1707 1584 ἐσμὲν,
1754 1524 1791 1571 εἰ
1832 1524 1908 1571 καὶ

321 1598 499 1673 μητέρα
534 1606 761 1674 λαχόντες
793 1605 879 1670 τὴν
905 1608 995 1672 γῆν
1022 1609 1096 1656 καὶ
1122 1607 1170 1656 ἐν
1195 1605 1375 1659 τούτοις
1401 1609 1497 1658 τοῖς
1522 1602 1754 1668 ἐπικήροις
1779 1601 1908 1656 ὄντες
1931 1623 1978 1662 15

322 1688 559 1752 σώμασιν,
588 1689 699 1739 ἀλλ’
728 1692 769 1739 εἰ
798 1686 1055 1754 γεγόνασίν
1093 1710 1210 1740 τινες
1245 1687 1302 1755 ἐξ
1334 1687 1465 1750 ἡμῶν
1496 1683 1717 1754 φιλόθεοί
1744 1707 1792 1734 τε
1831 1685 1908 1734 καὶ

322 1772 503 1836 ἀγαθοὶ,
528 1775 659 1823 ποῖος
689 1769 780 1836 ἄρα
816 1768 985 1820 λοιπὸν
1016 1767 1312 1833 ἐπικουρήσει
1338 1768 1483 1832 λόγος
1514 1771 1609 1819 τοῖς
1641 1765 1726 1829 τὴν
1761 1766 1908 1815 ἀκλεᾶ

322 1854 397 1903 καὶ
431 1851 664 1916 ἐπάρατον
690 1851 927 1911 ἑλομένοις
961 1850 1080 1917 ζωὴν
1114 1852 1188 1901 ἐπὶ
1227 1856 1309 1901 τοῦ
1349 1849 1473 1900 θείου
1508 1847 1756 1911 βήματος;
1798 1846 1907 1915 ἐξὸν

321 1934 415 2000 γὰρ
449 1935 497 1984 ἐν
528 1933 618 2002 ἰ’σῳ
657 1937 753 1987 τοῖς
792 1933 961 1986 ἄλλοις
1000 1931 1452 1995 κατασεμνύνεσθαι,
1480 1929 1597 1996 πρὸς
1631 1933 1725 1980 πᾶν
1752 1929 1908 1979 ὁτιοῦν

321 2020 415 2066 τῶν
439 2014 647 2066 ἐκτόπων
672 2016 911 2066 ἐθελονταὶ
939 2012 1281 2080 κεχωρήκασιν.
1928 2034 1977 2058 20

281 2200 302 2235 3
423 2177 510 2218 Οὐκ
548 2174 695 2219 οἴδατε
732 2178 797 2220 ὅτι
834 2176 1038 2224 ‹im-&oue
1077 2178 1329 2231 κρινοῦμεν;
1381 2173 1480 2221 μήτι
1520 2187 1562 2219 se
1602 2172 1804 2224 βιωτικά,

392 2290 795 2357 Ἀναγνωσόμεθα
833 2290 880 2341 δὲ
918 2290 1001 2340 τὸν
1035 2287 1203 2355 στίχον
1230 2289 1291 2340 ὡς
1323 2288 1370 2337 ἐν
1398 2284 1623 2351 ἐρωτήσει
1662 2286 1737 2335 καὶ
1778 2285 1896 2335 ὑπο-

321 2374 519 2439 στιγμῇ,
559 2375 621 2426 ὡς
664 2371 783 2423 κατὰ
821 2372 1052 2438 ἐρώτησιν
1091 2368 1422 2435 ἀναγνωστέον
1460 2373 1598 2418 τοῦτο
1637 2367 1742 2417 καθ’
1786 2368 1901 2417 ὑπο-

323 2453 532 2518 στιγμήν
571 2455 655 2507 Τίς
695 2454 788 2519 γὰρ
825 2455 849 2504 ὁ
889 2457 1082 2516 τολμῶν
1126 2455 1283 2513 εἰπεῖν,
1326 2449 1396 2501 ὅτι
1437 2448 1624 2516 ἀνάξιοί
1659 2450 1766 2498 ἐστε
1811 2452 1905 2498 τῶν

323 2536 468 2588 οὕτως
507 2535 856 2586 εὐτελεστάτων
887 2533 1151 2601 κριτηρίων,
1183 2536 1224 2583 οἱ
1259 2537 1316 2599 τῇ
1351 2536 1432 2581 τοῦ
1471 2531 1578 2590 βίου
1605 2528 1903 2594 λαμπρότητι
1927 2552 1974 2590 25

323 2617 555 2681 κρίνοντες
590 2616 672 2667 τὸν
700 2617 910 2679 κόσμον;
951 2613 1048 2666 εἶτα
1087 2617 1161 2665 καὶ
1201 2612 1439 2678 λογισμὸν
1471 2611 1631 2677 ἐπάγει
1661 2617 1744 2661 τοῦ
1775 2615 1899 2676 εἰρη-

322 2697 462 2760 μένου
501 2702 560 2765 τῇ
604 2703 687 2748 τοῦ
725 2698 928 2764 μείζονος
965 2696 1222 2762 παραθέσει
1262 2698 1503 2745 συνιστῶν
1541 2693 1595 2743 τὸ
1634 2699 1716 2744 τοῦ
1755 2691 1903 2758 λόγου

321 2780 531 2842 βέβαιον.
587 2778 815 2845 ἀγγέλους
848 2777 896 2829 δὲ
935 2776 1021 2828 ὧδε
1061 2779 1147 2844 οὐχ
1183 2777 1355 2843 ἁγίους,
1394 2774 1500 2828 τοὺς
1539 2773 1817 2828 ἀποστάτας
1856 2772 1903 2824 δὲ

471 2936 550 2969 9-p.
564 2923 641 2969 263,
660 2932 689 2969 7.
719 2923 815 2958 Haec
835 2922 904 2957 duo
923 2934 1010 2967 quae
1029 2927 1225 2967 sequuntur
1244 2921 1373 2956 scholia
1392 2925 1614 2956 accesserunt
1633 2930 1673 2953 ex
1696 2919 1743 2953 H.
