2017 3252
80 1182 203 1213 Heb.i.
215 1192 241 1213 1.

80 1390 130 1420 Il».
149 1400 177 1428 5.

86 2057 181 2086 Rom.
204 2055 246 2085 ix.
262 2064 290 2093 5.

89 2388 143 2418 Es.
158 2386 226 2417 xlii.
246 2387 294 2416 18.

300 133 385 171 534
605 131 654 171 B.
688 129 934 170 CYRILLI
972 128 1322 169 ALEXANDR.
1358 128 1583 168 FRAGM.

301 239 631 292 conjunctionem
664 238 715 278 ad
746 238 882 278 Deum
913 237 1114 287 Verbum,
1146 237 1227 276 nisi
1258 237 1372 290 prius
1401 235 1692 293 immaculatus
1723 235 1892 275 effectus

301 310 417 355 esset,
449 306 648 359 plurimas
679 306 802 345 simul
834 305 1112 345 accusationes
1143 304 1337 344 adversus
1367 318 1440 343 sua
1469 303 1612 343 scribit
1641 302 1890 355 vaniloquia.

301 374 415 414 Nam
446 374 625 427 primum
657 373 824 427 quidem
854 372 1091 412 indecenter
1112 372 1226 421 dicit,
1248 372 1471 411 meruisse:
1510 371 1656 411 deinde
1687 369 1893 423 disjungit

302 442 345 481 in
368 441 544 482 alterum
575 441 798 494 separatim
829 440 973 489 filium,
997 439 1069 493 qui
1106 454 1155 479 ex
1177 439 1331 479 semine
1356 442 1419 478 est
1441 438 1591 487 David,
1613 453 1736 491 quem
1756 438 1892 490 ipsum

303 509 434 549 solum
456 509 677 562 separatim
697 508 723 547 J
726 522 842 548 esum
860 507 1073 547 nominare
1095 506 1358 560 impudenter
1374 506 1588 546 contendit
1648 505 1716 545 Ad
1732 505 1831 545 haec
1852 507 1894 544 et
1914 504 1935 542 5

303 576 615 616 immaculatum
647 576 751 616 effici
779 590 873 616 eum
895 575 1040 624 dicere,
1062 580 1275 628 tamquam
1296 575 1371 614 hoc
1392 573 1614 626 aliquando
1636 587 1717 612 non
1737 571 1891 612 haben-

302 648 403 693 tem,
439 644 660 697 plurimam
700 645 777 685 hoc
812 644 936 684 habet
972 647 1014 684 et
1048 643 1360 695 blasphemiam.
1435 641 1592 681 Unitus
1632 640 1744 680 enim
1779 639 1893 680 Deus

303 713 490 753 Verbum
520 727 569 752 ex
599 712 688 765 ipso
719 715 834 752 utero
865 711 979 751 carni
1010 725 1118 760 suae,
1141 725 1247 750 unus
1278 713 1377 759 erat,
1400 713 1442 750 et
1463 709 1518 749 sic
1540 712 1582 748 et
1603 705 1893 748 immaculatus

305 782 448 830 Filius,
473 781 651 820 Sanctus
679 783 929 829 sanctorum,
952 783 994 819 et
1015 779 1064 819 de
1086 793 1159 819 sua
1178 778 1438 831 plenitudine
1461 776 1666 830 Spiritum
1687 776 1789 815 dans
1809 790 1893 815 non

304 849 436 890 solum
479 848 731 897 hominibus,
775 848 845 888 sed
894 847 1017 887 etiam
1060 862 1221 886 sursum
1262 849 1304 886 et
1345 846 1388 885 in
1428 845 1538 885 coelo
1579 843 1893 884 rationabilibus

304 916 546 957 virtutibus.

931 989 990 1029 Et
1009 991 1103 1042 post
1122 1002 1263 1042 pauca.

987 1082 1223 1122 Tnnonom.

363 1171 386 1187 ‘⁴
410 1164 656 1217 sssultijfarie
696 1163 922 1217 multisque
961 1164 1096 1203 modis
1130 1163 1230 1202 olim
1265 1162 1379 1202 Deus
1421 1161 1581 1201 locutus
1607 1159 1813 1213 patribus
1848 1157 1894 1196 in

307 1238 329 1255 ‘⁶
344 1234 577 1287 prophetis,
610 1233 657 1271 in
687 1232 928 1272 novissimis
958 1231 1104 1271 (liebus
1134 1231 1202 1270 his
1235 1230 1395 1270 locutus
1423 1236 1481 1269 est
1513 1228 1632 1268 ‘nobis
1664 1228 1710 1267 in
1737 1225 1892 1266 Filioss’

306 1303 394 1342 Per
426 1301 595 1341 Fz'lz'mn
635 1301 741 1340 euim
784 1300 943 1340 locutus
983 1306 1042 1339 est.
1077 1299 1224 1344 nobi&
1269 1305 1427 1338 certum
1463 1304 1521 1337 est
1556 1310 1663 1344 vero,
1698 1295 1809 1349 quod
1844 1294 1894 1334 de

308 1377 524 1422 assumpto
554 1369 730 1408 homine.
794 1372 816 1389 “
837 1367 916 1407 Oui
946 1367 1055 1407 enim
1086 1367 1200 1406 dimit
1220 1366 1457 1419 aliquando
1483 1364 1728 1417 anyelorum
1749 1361 1896 1402 Filius

311 1443 332 1459 “
356 1452 469 1477 'meas
503 1451 544 1477 es
581 1445 635 1485 tu,
668 1451 740 1489 690
776 1436 899 1476 hodie
929 1435 1056 1489 qenai
1090 1433 1193 1474 te?”
1254 1434 1448 1482 Nullum,
1483 1433 1603 1480 dicit,
1632 1431 1896 1485 participem

293 1507 407 1559 fecit
427 1505 658 1559 (liquitatis
673 1504 799 1544 Filii.
850 1503 942 1543 Hoc
963 1504 1073 1543 enim
1094 1503 1206 1556 quod
1227 1501 1347 1550 dixit,
1366 1500 1494 1555 genui
1514 1502 1567 1548 te,
1584 1500 1709 1554 quasi
1721 1511 1801 1550 per
1821 1498 1896 1538 hoc

297 1573 665 1627 participationem
676 1572 907 1625 filiationis
928 1571 1044 1612 dedit
1059 1586 1072 1610 .·
1093 1571 1261 1612 omnino
1282 1583 1375 1610 vero
1392 1576 1536 1622 aperte
1556 1568 1718 1607 nullam
1738 1566 1895 1607 habens

305 1643 365 1682 ad
386 1642 522 1682 Deum
547 1642 587 1682 V
581 1641 724 1682 erbwn
745 1640 1084 1688 commzmz‘onem,
1108 1646 1291 1693 apparet
1312 1638 1388 1678 hoc
1408 1637 1519 1691 quod
1539 1637 1701 1676 dictum
1722 1642 1795 1676 est.

914 1753 1071 1793 SANcm
1101 1753 1294 1793 CrmLLI.

367 1835 488 1874 Certe
517 1837 559 1874 et
580 1834 625 1873 in
645 1833 975 1882 allocutionibus,
998 1848 1099 1886 quas
1120 1832 1217 1873 fecit
1237 1832 1289 1872 ad
1310 1831 1594 1885 baptizandos,
1616 1830 1767 1870 iterum
1789 1829 1897 1869 dixit

310 1903 415 1942 idem
448 1901 707 1942 Theodorus:
745 1934 768 1950 ‚,
786 1902 878 1941 Hoc
908 1915 1004 1941 vero
1035 1916 1116 1940 non
1148 1915 1198 1940 ex
1231 1900 1348 1940 nobis
1379 1899 1479 1952 ipsis
1512 1898 1746 1938 invenimus
1777 1897 1896 1937 testi-

312 2002 335 2019 „
359 1969 556 2018 monium,
579 1969 647 2008 scd
670 1984 719 2008 ex
741 1969 883 2008 divina
908 1969 1042 2009 edocti
1073 1983 1214 2008 sumus
1239 1967 1455 2020 scriptura,
1477 1967 1668 2020 quoniam
1692 1968 1733 2006 et
1753 1965 1897 2005 beatus

313 2071 334 2087 „
358 2037 511 2077 Paulus
542 2038 602 2077 ita
632 2037 733 2076 dicit
766 2037 856 2076 ‘Ex
887 2036 1036 2090 quibus
1059 2036 1249 2076 Christus
1280 2034 1505 2076 secundum
1534 2049 1711 2083 carnem,
1737 2033 1808 2087 qui
1836 2035 1899 2073 est

313 2139 334 2156 ,,
359 2112 370 2129 ‘
389 2121 509 2158 super
540 2105 677 2145 onmia
708 2104 848 2154 Deus‚'

886 2119 968 2144 non
999 2104 1107 2158 quod
1138 2119 1188 2144 ex
1209 2104 1235 2143 J
1240 2103 1378 2144 udaeis
1408 2107 1450 2143 et
1480 2102 1704 2143 secundum
1735 2115 1899 2141 carnem

313 2207 336 2224 ,,
357 2178 432 2224 est,
454 2173 523 2227 qui
553 2188 674 2226 super
702 2173 839 2213 onmia
862 2172 974 2213 Deus
1000 2176 1084 2213 est:
1118 2173 1187 2212 sed
1209 2172 1283 2211 hoe
1304 2171 1470 2225 quidem
1501 2171 1552 2210 ad
1579 2168 1898 2223 significandum

313 2275 337 2292 ,,
358 2243 581 2282 humanam
605 2245 796 2281 naturam
821 2241 942 2289 dixit,
964 2255 1088 2294 quam
1116 2241 1166 2280 ab
1189 2239 1418 2280 Israelitico
1440 2253 1588 2292 genere
1616 2252 1702 2278 esse
1730 2237 1896 2285 sciebat,

1916 846 1964 871 10

1917 1233 1963 1271 15

1918 1578 1966 1602 20

314 2342 337 2360 ‚‚
360 2311 464 2350 illud
485 2314 621 2350 autem
645 2309 696 2349 ad
717 2310 1013 2350 ostendendam
1034 2308 1218 2349 divinam
1240 2311 1446 2356 naturam,
1468 2321 1592 2360 quam
1618 2321 1740 2359 supra
1761 2305 1896 2345 omnia
1919 2314 1970 2351 30

316 2411 336 2427 ‚‚
360 2382 402 2418 et
433 2378 622 2418 omnibus
654 2377 936 2417 dominantem
967 2375 1162 2417 sciebat.”
1194 2381 1220 2399 “
1239 2376 1275 2415 O
1308 2375 1419 2415 surdi
1449 2373 1602 2424 audite,
1631 2378 1673 2414 et
1703 2373 1809 2413 caeci
1836 2372 1898 2413 vi-

314 2452 339 2470 “
362 2445 495 2495 dete‚'’
526 2445 770 2486 acclamavit
799 2445 948 2498 aliquis
980 2448 1217 2485 sanctorum
1247 2443 1305 2484 eis
1334 2443 1406 2496 qui
1426 2442 1596 2482 fuerunt
1617 2457 1666 2482 ex
1696 2441 1900 2495 sanguine

363 2556 395 2580 2.
422 2545 572 2589 plurima
589 2545 693 2578 simul
714 2544 759 2578 D.
833 2555 914 2577 suas
935 2543 1067 2577 Bellov.
1086 2554 1165 2576 eum
1187 2542 1232 2576 D.
1394 2549 1426 2584 5.
1451 2541 1564 2574 solum
1583 2551 1646 2573 om.
1666 2539 1713 2573 D.
1787 2540 1900 2574 nomi·

316 2592 390 2625 nari
407 2591 634 2635 inprudenter
653 2591 699 2630 D,
719 2593 740 2607 “
755 2590 896 2623 Veteres
914 2589 993 2623 libri
1005 2590 1027 2604 ''
1049 2589 1170 2622 Baluz.
1220 2594 1253 2622 et
1272 2591 1477 2632 assumptum
1496 2598 1546 2620 eoe.
1566 2587 1612 2620 D.
1676 2595 1706 2630 7.
1724 2592 1758 2620 et
1776 2599 1839 2621 om.
1853 2587 1899 2627 D,

316 2643 337 2656 ‘⁶
354 2637 555 2682 conjunctio
573 2636 668 2670 deest
686 2636 721 2669 in
740 2636 886 2669 vetustis
905 2635 1161 2679 exemplaribus
1173 2634 1194 2649 ’³
1212 2635 1234 2668 i.
1248 2646 1276 2667 e.
1298 2634 1343 2674 D,
1367 2633 1511 2673 Bellov„
1532 2632 1653 2666 Baluz.
1765 2634 1798 2667 8.
1826 2644 1901 2667 car-

317 2685 370 2718 nis
391 2684 437 2718 D.
510 2690 543 2717 et
561 2683 623 2716 alt.
642 2695 704 2716 om.
726 2683 770 2716 D.
905 2692 957 2715 10.
976 2689 1009 2715 et
1027 2693 1089 2715 om.
1109 2681 1155 2715 l).
1287 2691 1340 2724 13.
1366 2679 1542 2713 Theodori
1561 2680 1607 2719 D,
1628 2678 1767 2719 Surius‚
1785 2679 1901 2713 Theo-

317 2731 424 2765 dorus
444 2729 512 2764 Ed.
799 2739 851 2769 14.
877 2728 1024 2773 loquens
1045 2728 1091 2760 D.
1362 2726 1417 2760 16.
1442 2725 1484 2759 de
1502 2725 1536 2759 id
1555 2732 1736 2770 assumpto
1754 2726 1834 2769 (sic)
1855 2726 1901 2760 D.

322 2787 374 2821 17.
400 2777 604 2821 angelornm
623 2787 686 2809 om.
707 2775 753 2809 D.
822 2775 874 2808 18.
901 2773 1118 2818 participem]
1139 2773 1342 2815 angelorum
1361 2772 1562 2817 participem
1585 2772 1627 2806 D.
1696 2784 1749 2806 20.
1768 2773 1901 2805 nullam

317 2830 505 2867 —apparet
528 2834 590 2856 om.
611 2822 656 2855 D.
942 2831 995 2854 22.
1024 2819 1141 2854 Sancti
1161 2818 1280 2863 Cyrilli
1302 2820 1344 2855 Ι),
1368 2819 1488 2864 Cyrilli
1508 2818 1643 2858 Surius,
1663 2818 1814 2863 Cyrillus
1834 2817 1900 2852 Ed.

319 2881 373 2914 23.
400 2876 433 2903 et
451 2882 513 2903 om.
535 2869 579 2902 1).
725 2877 780 2911 25.
807 2866 898 2900 docti
920 2867 964 2901 D.
1105 2875 1160 2910 27.
1187 2872 1219 2899 et
1238 2877 1300 2899 om.
1321 2866 1367 2899 D.
1500 2866 1554 2898 28.
1581 2870 1633 2898 est
1653 2865 1749 2898 Deus
1767 2865 1900 2898 inverso

318 2917 434 2950 ordine
454 2916 499 2950 D.
566 2914 850 2959 significandum]
881 2914 932 2948 Ita
950 2920 1080 2947 veteres
1099 2913 1187 2946 libri.
1212 2912 1331 2945 Baluz.
1359 2911 1623 2956 significandam
1643 2911 1779 2951 Surius‚
1799 2910 1866 2945 Ed.
