2017 3252
321 154 339 175 Γ

320 155 404 196 094
749 153 798 193 B.
832 152 1080 193 CYRILLI
1126 152 1470 194 ALEXANDR.

318 264 444 331 αὐτῷ
483 260 536 311 τὸ
579 261 740 329 ἄρχειν
782 261 1004 312 ἁπάντων
1046 265 1140 311 τῶν
1183 263 1258 312 ἐπὶ
1299 264 1382 324 τῆς
1422 263 1521 326 γῆς.
1575 262 1650 311 καὶ
1689 260 1901 326 δεύτερος

317 344 452 397 οὗτος
490 346 574 407 τῆς
609 343 728 409 πρὸς
770 343 912 394 αὑτὸν
953 343 1222 407 ὁμοιώσεως
1263 343 1422 408 λόγος.
1478 346 1516 393 εἰ
1551 343 1599 393 δὲ
1634 344 1682 393 ἐν
1723 348 1780 410 τῇ
1819 350 1902 394 τοῦ

318 425 569 490 ἀνθρώπου
601 425 825 488 σώματος
865 423 1010 492 φύσει
1048 447 1095 475 τε
1135 426 1209 474 καὶ
1246 424 1353 474 ε’ίδει
1387 425 1596 487 κείμενον
1630 423 1687 488 ἧν
1728 425 1782 475 τὸ
1820 448 1902 476 πε-

317 507 535 557 πλάσθαι
561 506 589 570 ὴ
610 505 664 557 τὸ
680 509 972 570 πεποιῆσθαι
994 507 1092 556 κατ’
1116 506 1269 556 εἰκόνα
1291 512 1373 557 τοῦ
1391 511 1710 572 Δημιουργοῦ,
1727 511 1827 560 πῶς
1846 506 1903 570 ἧν

318 591 554 641 δύνασθαί
581 614 709 644 τινας
736 589 999 641 ἀπολλύειν
1025 589 1144 640 αὐτό
1164 612 1176 652 ;
1220 590 1620 654 ἀποβεβλήκαμεν
1645 590 1738 657 γὰρ
1772 589 1903 641 οὐδὲν
1923 609 1945 645 5

318 677 411 722 τῶν
450 671 647 723 ἐνόντων
687 673 938 724 οὐσιωδῶς.
991 672 1146 735 ἐπειδὴ
1182 671 1229 722 δὲ
1267 672 1386 735 ἡμᾶς
1426 673 1451 722 ὁ
1492 671 1728 737 ἁγιασμὸς
1768 674 1842 723 καὶ
1875 674 1903 736 ἡ

274 759 300 798 d
319 754 589 817 δικαιοσύνη
616 756 876 822 διαμορφοῖ
901 752 1021 820 πρὸς
1049 752 1188 816 Θεὸν,
1216 752 1322 806 τοὺς
1348 752 1511 817 μηκέτι
1539 752 1774 819 ζήσαντας
1801 755 1901 805 κατ’

318 835 488 903 ἀρετὴν
515 839 589 886 καὶ
616 838 677 889 ὡς
705 837 752 886 ἐν
773 837 1012 904 ἁγιασμῷ,
1030 834 1186 903 φαμὲν
1207 837 1472 896 ἀποβαλεῖν
1497 833 1551 886 τὸ
1578 836 1698 886 οὕτω
1725 835 1905 887 σεπτὸν

317 919 393 968 καὶ
436 918 673 986 ἐξαίρετον
714 916 913 970 κάλλος.
990 916 1060 967 διὸ
1104 918 1178 967 καὶ
1222 915 1609 979 ἀναλαμβάνεται
1652 917 1803 968 ποῖλιν
1846 917 1902 968 δι’

318 1000 558 1065 ἁγιασμοῦ
600 1001 675 1050 καὶ
716 1000 880 1064 ἀρετῆς
923 1000 1000 1048 καὶ
1044 1001 1127 1061 τῆς
1168 998 1267 1048 κατ’
1313 997 1557 1058 εὐσέβειαν
1599 999 1728 1064 ζωῆς.
1779 1001 1816 1049 εἰ
1855 997 1904 1049 δὲ
1928 1018 1974 1042 10

317 1081 496 1131 οἴονταί
531 1104 650 1134 τινες
691 1083 740 1131 ἐκ
777 1083 966 1143 πολλῆς
1012 1080 1135 1145 ἄγαν
1177 1080 1409 1147 ἐλαφριάς
1453 1081 1775 1145 ἀνθρωποειδῆ
1819 1078 1906 1144 τὴν

318 1165 446 1214 θείαν
472 1160 584 1213 εἶναι
617 1161 779 1230 φύσιν,
806 1166 907 1214 πῶς
930 1163 1173 1215 Ἰουδαίοις
1209 1161 1419 1229 ε”φασκεν
1447 1163 1471 1211 ὁ
1500 1161 1666 1228 Σωτὴρ
1691 1162 1795 1227 περὶ
1822 1167 1906 1212 τοῦ

96 1248 236 1332 §gan
319 1248 445 1296 Θεοῦ
489 1246 565 1295 καὶ
609 1242 798 1309 Πατρός
839 1251 866 1273 “
886 1242 1041 1307 Ἀμὴν
1085 1243 1211 1309 λε’γω
1256 1244 1376 1306 ὑμῖν,
1416 1244 1520 1293 οὕτε
1562 1242 1726 1311 φωνὴν
1764 1243 1907 1294 αὐτοῦ

334 1334 345 1355 ί

280 1349 301 1375 e
319 1333 330 1355 ⁶
372 1325 600 1390 ἀκηκόατε
634 1325 837 1387 πώποτε,
866 1326 969 1376 οὔτε
1002 1323 1120 1378 εἶδος
1147 1326 1288 1375 αὐτοῦ
1315 1322 1547 1390 ἑωράκατε
1567 1325 1605 1384 ;”
1652 1328 1689 1374 εἶ
1716 1323 1808 1390 γὰρ
1833 1323 1904 1388 ἦν,

318 1411 380 1462 ὡς
401 1409 534 1477 ἔφην,
555 1406 915 1473 ἀνθρωποειδὴς,
936 1411 1036 1459 πῶς
1060 1407 1113 1457 οὐ
1139 1406 1379 1457 τεθεάνται
1400 1407 1482 1456 οὐκ
1506 1407 1722 1457 Ἰουδαῖοι
1747 1405 1905 1470 μόνον,
1928 1431 1974 1468 15

317 1490 448 1541 ἀλλὰ
474 1489 567 1555 γὰρ
595 1491 669 1540 καὶ
696 1487 868 1541 πάντες
895 1491 939 1538 οἱ
966 1488 1206 1555 ἄνθρωποι
1233 1486 1286 1539 τὸ
1313 1486 1432 1542 εἶδος
1459 1488 1631 1548 ath-003

370 1683 400 1706 Ι.
426 1671 508 1705 αὐτὸ
527 1670 568 1705 C.
641 1672 700 1714 τῆς
717 1682 786 1705 om.
807 1670 848 1704 C.
1048 1681 1080 1705 2.
1107 1672 1153 1716 τῷ
1171 1682 1235 1715 pro
1252 1672 1291 1714 τῇ
1312 1670 1393 1714 (Sic)
1412 1670 1456 1703 A.
1669 1680 1702 1713 3.
1728 1667 1906 1712 ἀνθρώπου

319 1718 408 1752 A.C.
430 1717 642 1762 ἀνθρωπείου
662 1717 708 1751 D.
727 1717 937 1761 ἀνθρωπίνου
952 1717 1020 1752 Ed.
1093 1716 1173 1751 ε’ίδει
1192 1717 1280 1751 A.C.
1305 1716 1387 1762 ὄψει
1407 1717 1454 1750 D.
1474 1715 1540 1750 Ed.
1593 1715 1718 1750 Statim
1740 1715 1847 1759 μένων
1865 1715 1905 1749 C.

321 1778 354 1808 4.
381 1764 399 1808 ἢ
426 1766 729 1810 τὸ-Δημιουργοῦ
757 1763 824 1798 hoc
850 1764 972 1798 ordine
999 1763 1088 1799 A,C.
1116 1762 1186 1797 κατ’
1208 1764 1318 1797 εἰκόνα
1342 1766 1402 1798 τοῦ
1428 1764 1635 1808 δημιουργοῦ
1655 1768 1734 1796 ante
1755 1761 1773 1805 ἢ
1792 1768 1906 1795 trans-

320 1823 417 1867 ponit
437 1821 503 1856 Ed.
659 1830 692 1865 5.
718 1820 904 1855 ἀπολλύειν
920 1821 963 1855 Α.
984 1820 1144 1855 ἀπολύειν
1163 1820 1255 1856 C-D.
1274 1820 1341 1856 Ed.
1368 1815 1592 1860 duom}
1620 1825 1657 1854 Γ.
1822 1819 1905 1853 ἀπο-

319 1876 779 1921 βεβλήκαμεν-οὐσιωδῶς
804 1876 886 1910 citat
911 1876 1068 1909 collectio
1098 1876 1380 1910 testimoniorum
1412 1876 1549 1921 Syriace
1577 1874 1665 1909 Cod.
1692 1874 1789 1908 Mus.
1818 1873 1906 1909 Brit.

321 1943 402 1978 add.
425 1952 535 1987 14532
554 1942 613 1976 fol.
632 1951 674 1987 37
696 1954 777 1976 curn
803 1942 906 1976 titulo
936 1950 1082 1981 xasa
1114 1947 1198 1978 om
1231 1934 1387 1982 &aiz
1424 1947 1492 1999 (3³
1526 1922 1652 1979 tva-La
1686 1948 1748 1980 δὲ
1781 1922 1905 1979 αλλ-..Ἰ

321 2025 503 2056 ma
524 2023 717 2075 ..Quo
739 2015 986 2053 dum
1006 1999 1234 2072 mmiassv
1256 2014 1363 2057 uz<
1379 1997 1543 2054 Ave-2³
1564 1996 1791 2052 &Ac-&cm
1812 2024 1906 2083 ,τι-ς

321 2091 490 2130 &hm
529 2081 715 2140 7-1.ωᾶῧᾶ
751 2090 993 2129 ‹Ocu-uzu
1031 2088 1165 2164 ὝΚ
1194 2098 1256 2129 ³2
1328 2089 1492 2134 Ejusdem
1521 2101 1538 2123 e
1562 2090 1778 2134 responsione
1806 2101 1906 2135 quam

310 2171 404 2213 fecit
421 2170 468 2203 ad
484 2169 697 2214 quaestiones
714 2180 799 2213 quae
818 2168 1043 2211 interroyavz't
1064 2168 1217 2201 Tiberius
1235 2167 1372 2212 quidam
1390 2167 1566 2200 Diaeonus
1582 2167 1673 2211 iique
1691 2167 1749 2211 qui
1765 2178 1839 2199 eum
1856 2178 1904 2206 eo,

321 2217 454 2262 quando
469 2221 630 2260 tanquam
648 2215 694 2248 ad
710 2226 840 2248 canona
861 2215 990 2258 definiit
1007 2214 1069 2247 ita.
1130 2212 1415 2257 ἀποβεβλήκαμεν
1433 2214 1499 2258 γὰρ
1517 2213 1614 2247 οὐδέν
1631 2213 1696 2246 hoc
1712 2212 1833 2246 ordine
1846 2213 1903 2254 A.,

319 2270 353 2297 et
370 2263 483 2301 (οὐδὲν
508 2274 569 2307 per
594 2261 842 2306 negligentiam
868 2261 1048 2303 omittens)
1071 2259 1111 2294 C.
1133 2260 1230 2294 οὐδέν
1253 2266 1285 2294 et
1309 2259 1594 2303 ἀποβεβλήκαμεν
1616 2259 1705 2292 inter
1731 2271 1766 2293 se
1791 2265 1904 2293 trans·

320 2310 420 2354 ponit
438 2308 505 2343 Ed.
627 2309 659 2341 6.
687 2308 829 2341 ἐνόντων
846 2307 889 2342 Α.
907 2308 1094 2341 ἑνωνόντων
1112 2307 1192 2350 (Sic)
1212 2306 1252 2340 C.
1269 2306 1374 2340 ὄντων
1392 2306 1458 2340 Ed.
1510 2306 1636 2340 Statim
1654 2304 1731 2349 ἡμῖν
1748 2305 1843 2339 addit
1863 2305 1904 2340 C.

321 2357 428 2390 invito
455 2354 532 2400 Syr.
631 2362 662 2398 7.
688 2354 874 2398 διαμορφοῖ
889 2355 974 2397 πρὸς
993 2354 1079 2386 Θεὸν
1095 2353 1162 2387 hoc
1181 2352 1303 2386 ordine
1321 2352 1410 2388 A.C.
1476 2353 1559 2386 κατὰ
1578 2351 1671 2386 C.D.
1771 2363 1823 2386 10.
1845 2353 1905 2394 τῆς

322 2401 391 2436 κατ’
410 2401 587 2439 εὐσέβειαν
601 2402 684 2444 ζωῆς
698 2400 764 2434 hoc
779 2400 900 2434 ordine
916 2399 1004 2434 A.C.
1020 2401 1103 2443 ζωῆς
1120 2405 1199 2433 ante
1216 2401 1274 2443 τῆς
1290 2399 1488 2442 transponit
1502 2398 1568 2433 Ed.
1668 2409 1681 2432 1
1693 2409 1721 2431 1.
1740 2398 1904 2442 ἀνθρώπω

322 2447 403 2482 εἴδει
423 2447 502 2492 (sic)
524 2447 564 2480 C.
722 2457 774 2480 12.
801 2443 882 2481 εἶναι
900 2458 969 2481 om.
990 2446 1044 2486 C.,
1060 2452 1139 2490 post
1156 2444 1266 2490 φύσιν
1283 2446 1479 2488 transponit
1499 2445 1545 2479 D.
1700 2455 1753 2488 13.
1778 2443 1901 2489 Ἀμὴν]

327 2499 364 2534 -i-
386 2494 472 2537 ἀμὴν
490 2493 582 2528 C.D.
602 2492 668 2526 Ed.
686 2492 803 2526 invitis
822 2494 905 2526 Α.Γ.
1044 2503 1096 2534 15.
1122 2492 1293 2526 τεθέανται
1310 2492 1369 2525 οὐκ
1386 2490 1543 2536 ιὀυδαῖοι]
1563 2490 1715 2525 τεθέαται
1733 2491 1791 2524 οὐκ
1809 2491 1905 2526 ἰδίοις

324 2540 404 2585 (sic)
426 2540 467 2573 C.
755 2538 807 2572 16.
832 2539 898 2584 ’γὰρ
916 2544 1137 2583 assumptum
1155 2550 1197 2572 ex
1215 2537 1353 2573 A.C.D.
1425 2538 1547 2573 πάντες
1563 2538 1594 2571 οἱ
1611 2535 1797 2582 ἅνθρωποι]
1817 2539 1903 2572 πᾶσι

322 2588 444 2621 πάντες
460 2585 648 2629 ἀνθρώποις
666 2584 746 2627 (sic)
768 2584 809 2619 C.
