1981 3282
110 160 249 184 SANCTl

164 271 184 287 “
200 267 424 304 Memento'’
443 269 548 303 4240
573 273 707 316 typum
722 267 877 315 agnovit

166 333 212 369 D.
234 332 369 368 Paulus
404 334 480 368 424
502 346 535 374 e,
573 335 649 369 425
710 332 876 369 Sabbato

165 398 227 445 qui
264 397 368 446 ligna
411 398 563 445 collegit
602 398 797 433 veritatem
840 398 876 433 in

165 469 256 510 typo
300 468 463 499 stantem
513 463 663 498 violavit
702 464 778 498 426
814 462 877 498 bc

166 527 331 564 Sabbato
362 529 408 564 de
438 528 519 563 loco
541 541 615 563 non
637 528 766 575 egredi
788 527 877 575 quid

165 594 242 629 427
265 607 284 629 c
301 593 335 635 d,
359 596 434 629 428
485 605 597 628 onere
628 605 702 627 non
729 591 877 640 gravari

167 660 242 694 427
261 671 280 694 e
324 658 529 694 Sabbatum
552 663 672 693 terrae
698 663 876 704 septenne

167 724 242 759 428
269 735 288 758 e
340 729 377 758 et

165 787 304 834 requiei
327 793 500 823 aeternae
520 786 599 834 typi
621 789 697 823 429
720 799 740 822 a
757 787 793 822 b.

417 735 610 758 servorum
649 721 876 757 dimissionis

112 850 266 887 Sabbati
280 852 436 899 requies,
451 865 469 886 a
484 851 718 899 passionibus
732 863 876 887 cessare

165 916 277 952 animi
307 922 434 952 motus
464 916 639 952 sistentes
668 915 762 963 ipsi:
805 915 875 951 cir-

167 981 344 1017 cumcisio
387 981 424 1016 in
471 986 602 1016 octava
643 980 876 1029 passionibus

164 1046 323 1088 liberari,
341 1045 481 1082 Christi
503 1046 540 1081 in
561 1045 668 1081 nobis
689 1058 782 1093 opus
799 1048 875 1081 440

166 1124 187 1146 a
202 1111 236 1146 b.

112 1174 318 1212 Sabbatum
367 1175 641 1211 circumcisioni
688 1175 877 1223 praecedit

166 1240 251 1288 quia
287 1241 429 1288 peccati
468 1246 592 1276 motus
637 1240 737 1288 prius
776 1240 876 1275 cohi-

164 1305 312 1346 bentur,
371 1305 505 1341 deinde
558 1311 595 1341 et
652 1305 876 1353 abjiciuntur

167 1372 243 1406 440
265 1382 297 1406 a.

111 1432 332 1476 Sabbatum,
357 1434 602 1470 hebdomadis
632 1434 728 1478 finis,
762 1435 877 1470 seculi

167 1499 286 1535 ultimi
306 1505 417 1548 typus
439 1502 512 1536 601
538 1512 570 1544 e,
594 1501 670 1536 602
693 1512 724 1535 a.

112 1562 279 1600 Sabbato
313 1565 527 1600 sacerdotes
561 1564 731 1600 laborare
765 1563 877 1611 jussit

167 1635 204 1664 et
224 1629 303 1664 Lex
327 1631 404 1665 610
426 1643 446 1664 a
462 1629 496 1665 b.

112 1692 296 1729 Sabellius
318 1696 395 1729 846
419 1706 450 1730 c..

112 1757 380 1794 Sacerdotibus
388 1758 577 1794 Ecclesiae
592 1758 739 1794 debitus
756 1758 878 1794 honor

170 1824 243 1858 138
265 1835 286 1858 a
325 1823 466 1858 Eorum
497 1828 608 1871 typus
635 1824 764 1858 Aaron
793 1823 875 1858 filii-

165 1900 236 1934 que
276 1889 349 1923 251
390 1900 411 1922 a
467 1888 649 1923 Sacerdos
689 1888 875 1929 Christus,

165 1952 244 1987 vide
264 1951 449 1988 Pontifex.

113 2014 374 2052 Sacerdotium
394 2016 593 2064 neophytis
615 2029 690 2052 non
712 2022 768 2053 est
787 2029 876 2053 con-

165 2080 361 2116 ferendum
388 2083 461 2117 144
483 2094 515 2123 e,
543 2083 616 2118 193
640 2094 670 2117 e.

113 2145 303 2180 Sacrificia
336 2144 438 2180 Mosi
471 2145 664 2192 imperata,
704 2157 747 2181 ea
785 2157 878 2192 quae

168 2208 322 2256 quisque
345 2208 428 2244 Deo
448 2209 581 2245 offerre
601 2214 726 2256 potest
748 2213 770 2245 4
787 2222 818 2251 e,
842 2212 877 2247 5.

113 2272 305 2308 Sacrificia
352 2273 432 2321 typi
478 2272 599 2309 solum
631 2275 706 2310 308
729 2286 761 2316 e,
800 2276 876 2310 309

166 2338 235 2373 ab.

114 2400 391 2438 Sacrificiorum
443 2401 650 2444 diversitas,
697 2402 878 2438 multifor-

167 2478 268 2502 mem
287 2466 434 2503 virtutis
456 2466 619 2516 speciem
643 2467 879 2503 adorantium

167 2530 382 2578 spiritaliter
402 2531 557 2567 denotat
580 2534 653 2568 401
675 2544 706 2567 e.

114 2593 307 2631 Sacrificia
335 2594 557 2637 voluntaria,
590 2596 697 2643 cujus
728 2596 808 2644 typi
834 2596 878 2631 M

170 2660 219 2694 58
250 2671 317 2706 pro
336 2659 496 2706 peccatis
517 2666 669 2707 peccata
688 2661 879 2697 nominata

167 2723 211 2758 M
233 2725 282 2759 99
305 2725 367 2759 fin.

115 2786 179 2823 Sal
213 2787 370 2834 panibus
402 2787 611 2834 insparsum
641 2789 727 2836 quia
758 2795 878 2825 terrae

170 2851 224 2886 sal
244 2850 413 2898 discipuli
435 2853 510 2887 357
532 2852 555 2887 b
603 2853 822 2899 prudentiae
842 2859 879 2890 et

170 2915 381 2951 intellectus
401 2915 613 2963 symbolum
633 2916 681 2952 iii.
705 2920 796 2953 470.

653 144 864 181 INDEX
923 144 1166 180 RERUM.

1634 144 1710 179 647

947 268 1119 305 Salvator
1148 272 1276 303 noster
1305 267 1419 307 Deus,
1451 265 1562 302 Pater
1597 265 1710 301 Filius

1002 332 1162 380 Spiritus
1185 332 1342 367 Sanctus
1365 333 1441 368 858
1464 344 1495 367 e.

948 396 1113 433 Salvatio
1137 402 1267 432 nostra
1286 396 1379 432 Filio
1401 395 1552 431 deliciae
1575 398 1651 431 885
1673 408 1706 437 e,

1003 464 1078 498 886
1101 475 1131 507 a,
1154 462 1201 496 iii.
1226 464 1315 507 473,
1337 461 1382 497 cf.
1403 463 1504 497 1115
1527 460 1549 495 b
1566 473 1598 495 c.

948 527 1115 563 Salutem
1142 526 1317 562 omnibus
1343 526 1449 561 affert
1469 525 1572 560 Deus
1593 524 1635 561 M
1658 527 1703 561 41

1000 593 1077 633 fin.‚
1100 595 1163 633 44,
1185 591 1230 628 cf.
1247 590 1289 627 M
1306 593 1355 627 92
1381 592 1431 638 [p.
1449 590 1559 636 340].

948 656 1192 693 Samaritanis
1206 669 1271 692 cur
1286 655 1512 703 praedicavit
1525 653 1709 689 Dominus

1004 724 1078 758 176
1100 734 1130 766 c,
1163 724 1236 757 177
1259 721 1315 756 ab
1330 733 1348 755 c
1397 719 1627 766 alienigenae
1659 718 1709 753 illi

1006 789 1076 823 181
1102 799 1121 822 e
1169 798 1252 821 cum
1284 784 1441 820 Judaeis
1468 783 1711 820 conferuntur

1005 854 1092 894 195,
1116 853 1204 896 201,
1228 853 1304 887 205
1322 850 1389 885 de.

948 916 1227 953 Samaritanum
1256 927 1321 950 cur
1350 914 1557 950 Dominum
1587 913 1710 948 Deum

1001 986 1136 1017 vocant
1159 980 1297 1016 Judaei
1326 979 1550 1015 mentientes
1572 979 1647 1014 568
1671 977 1708 1020 d,

1002 1048 1093 1083 569.

948 1111 1202 1147 Samaritanae
1242 1111 1288 1146 Se
1328 1121 1411 1145 esse
1450 1109 1573 1145 Deum
1621 1107 1711 1144 dicit

1001 1176 1174 1213 Christus
1192 1177 1266 1211 180
1283 1187 1302 1210 c
1346 1186 1414 1210 nec
1434 1174 1467 1209 ei
1489 1173 1566 1209 sine
1586 1173 1711 1209 fructu

1001 1253 1082 1277 esse
1102 1245 1256 1288 possent
1277 1239 1390 1275 verba
1410 1238 1544 1274 Divina
1569 1240 1639 1275 181
1660 1238 1695 1274 d.

948 1305 1181 1342 Samaritana
1208 1305 1348 1340 bonum
1374 1303 1446 1351 ipsi
1469 1304 1600 1339 datum
1629 1302 1709 1338 aliis

1001 1371 1102 1406 omni
1123 1369 1245 1406 studio
1267 1369 1517 1405 communicat
1541 1370 1613 1405 194
1635 1380 1656 1403 a
1671 1367 1707 1410 b,

999 1435 1048 1470 iii.
1070 1438 1160 1471 473.

946 1499 1100 1537 Sameas
1114 1499 1440 1549 pseudopropheta
1455 1501 1530 1535 544
1538 1499 1573 1540 b,
1584 1501 1660 1535 554
1671 1497 1706 1535 b.

946 1564 1108 1601 Sanctus
1125 1565 1263 1601 sanctis
1280 1564 1440 1600 delectat
1456 1564 1558 1599 Deus
1575 1565 1651 1599 985
1670 1563 1705 1598 d.

947 1629 1075 1666 Sancti
1115 1643 1190 1665 non
1230 1629 1276 1664 ad
1313 1629 1523 1676 praesentia
1557 1628 1622 1663 sed
1661 1627 1707 1662 ad

998 1695 1123 1730 futura
1143 1699 1312 1742 spectant
1333 1693 1374 1729 M
1396 1695 1445 1729 95
1467 1705 1582 1740 prope
1602 1692 1665 1727 fin.

946 1762 964 1778 “
984 1759 1123 1795 Sancta
1144 1757 1317 1795 Sanctis''
1341 1760 1415 1795 438
1439 1771 1471 1799 a,
1498 1759 1598 1793 1086
1621 1769 1652 1792 c.

947 1823 1170 1860 Sanctorum
1199 1823 1387 1859 memoriis
1406 1828 1575 1859 versatur
1596 1820 1707 1857 Chri-

1000 1894 1079 1924 stus
1120 1901 1193 1936 quo
1235 1888 1390 1923 honoris
1426 1887 1591 1935 patribus
1634 1885 1707 1933 pri-

999 1953 1125 1989 mitiae
1158 1953 1267 1988 nobis
1299 1953 1363 1988 fiat
1398 1954 1471 1988 177
1495 1964 1514 1987 e

1000 2030 1074 2053 non
1096 2018 1222 2066 culpat
1242 2016 1414 2055 Christus
1437 2019 1512 2054 578
1535 2029 1565 2052 e.

947 2081 1171 2118 Sanctorum
1202 2088 1270 2123 est,
1300 2095 1376 2117 non
1405 2082 1450 2117 ad
1480 2080 1708 2128 responden-

1570 1950 1709 1999 glorias

1001 2147 1090 2182 dum
1113 2147 1290 2182 festinare
1318 2147 1382 2182 sed
1403 2147 1434 2182 ei
1456 2147 1517 2193 qui
1537 2146 1709 2193 princeps

1001 2211 1048 2246 sit
1067 2211 1165 2246 inter
1185 2223 1224 2246 se
1244 2210 1388 2246 deferre
1411 2213 1486 2247 383
1508 2223 1540 2246 e.

948 2274 1077 2311 Sancti
1106 2275 1417 2311 illuminationem
1452 2275 1603 2314 habent,
1633 2287 1710 2310 non

1001 2351 1106 2375 suam
1128 2342 1177 2376 64
1199 2351 1230 2375 e.

948 2403 1077 2439 Sancti
1106 2415 1376 2450 nonnunquam
1402 2403 1447 2439 de
1478 2403 1608 2451 seipsis
1632 2409 1709 2439 tes-

999 2468 1154 2510 tificant,
1176 2468 1260 2516 lege
1288 2480 1364 2503 non
1388 2467 1610 2515 prohibente
1632 2470 1707 2504 487

1000 2545 1032 2576 e,
1055 2535 1144 2569 488.

947 2596 1095 2633 Sanctis
1115 2596 1294 2638 inaudire,
1311 2597 1560 2644 periculosum
1578 2599 1653 2633 915
1672 2596 1706 2633 b.

946 2660 1075 2697 Sancti
1095 2674 1116 2697 a
1136 2661 1217 2697 Deo
1237 2661 1437 2697 virtutibus
1466 2662 1612 2709 magnis
1642 2661 1709 2696 mi-

1000 2725 1248 2773 rabilibusque
1270 2726 1389 2761 induti
1408 2740 1414 2760 :
1447 2726 1608 2773 gratiam
1630 2725 1708 2774 ple-

999 2803 1084 2825 nam
1100 2789 1377 2837 perfectamque
1397 2803 1418 2825 a
1432 2789 1564 2837 Seipso
1585 2795 1707 2825 ortam

999 2854 1113 2889 habet
1145 2854 1258 2889 Filius
1288 2856 1337 2890 95
1360 2854 1430 2894 de,
1462 2856 1511 2890 96
1533 2853 1591 2889 bis
1611 2867 1633 2890 a
1677 2854 1706 2890 si

1001 2918 1204 2965 paullulum
1258 2918 1445 2954 offendere
1497 2918 1706 2960 videantur,
