1981 3267
265 112 321 151 20
667 110 719 149 Β.
753 108 1022 150 CYRILLI
1063 108 1443 149 ALEXANDR.
1617 107 1732 150 xviii.
1758 120 1853 162 7—9.

228 301 246 339 7
270 288 404 329 Πάλιν
437 285 509 329 οὖν
535 286 816 344 ἐΠΗρώτΗσεν
849 288 1001 329 αὐτούς
1027 287 1132 328 Τίνα
1168 284 1357 344 ςΗτεῖτες
1396 285 1434 327 οἱ
1468 286 1513 328 δὲ
1541 282 1661 328 εἶπον
1683 286 1851 327 ἸΗσοῡν

228 387 250 422 g
340 370 409 412 τὸν
448 368 709 428 Ναζωραῖον.
767 370 977 427 ἀπεκρίθΗ
1009 370 1177 411 ἸΗσοῡο
1221 365 1350 410 Εἶπον
1389 366 1482 418 ὑμῖν
1525 371 1590 411 ὅτι
1628 367 1714 416 &seb
1754 366 1850 416 εἰμι·

226 481 248 515 9
337 452 372 494 εἰ
410 452 482 495 οὖν
519 454 595 503 ἐμὲ
636 452 806 511 (mehe,
845 454 980 509 ἄφετε
1020 454 1196 494 τούτους
1234 452 1422 499 &mil-etv.
1477 453 1546 493 ἵνα
1584 455 1794 509 ΠλΗρωθιξι
1830 451 1852 493 ὁ

335 539 459 584 λοι-οε
497 537 545 579 ὃν
573 532 705 588 εἶπεν,
736 538 802 578 ὅτι
840 537 912 577 οὓς
945 535 1140 577 δεδωκάς
1173 551 1256 585 μοι,
1284 535 1359 575 οὐκ
1391 534 1598 576 ἀπώλεσα
1628 534 1672 577 ἐξ
1708 534 1850 575 αὐτῶν

334 619 502 665 οὐδένα,
1875 617 1897 654 5

228 767 251 794 e
341 731 529 802 Ἐρωτᾷ
566 732 651 797 μὲν
678 738 740 787 εἷς
772 734 988 799 δεύτερον
1019 737 1332 796 οἰκονομικῶς,
1360 733 1435 783 ἵνα
1471 736 1553 796 τῆς
1591 731 1853 794 ἐντεθείσης

268 814 423 869 αὐτοῖς
454 814 575 866 κατὰ
606 821 715 867 νοῦν
740 815 1007 882 πωρώσεως
1034 814 1260 883 ἀποφήνῃ
1286 815 1340 866 τὸ
1368 814 1577 880 μέγεθος.
1632 835 1851 881 παρῃρη-

266 896 396 960 μένοι
434 896 526 964 γὰρ
567 896 730 963 ὥσπερ
770 903 853 948 τοῦ
892 902 972 948 νοῦ
1018 895 1104 961 τὴν
1142 897 1398 964 ἀκρίβειαν,
1440 898 1515 947 καὶ
1556 895 1640 949 τὰς
1680 895 1855 964 φρένας

266 979 669 1044 παρακεκομμείιοι
734 979 809 1030 διὰ
860 978 945 1043 τὴν
994 979 1236 1042 ἀσέβειαν,
1291 980 1417 1048 αὐτῷ
1465 983 1856 1045 προσλαλοῦντες

266 1060 467 1127 ἠγνόουν
493 1065 559 1131 τῷ
585 1063 693 1127 παρ’
721 1062 874 1112 αὐτῶν
900 1060 1177 1131 ζητουμένῳ.
1227 1060 1356 1125 πλὴν
1383 1061 1497 1127 ὅπερ
1523 1061 1615 1130 ἔφη
1642 1058 1855 1126 Χριστὸς
1878 1085 1926 1110 ιο

21 1158 25 1160 ’
44 1157 152 1197 Supra
267 1141 441 1206 ἀληθὲς
463 1142 674 1210 ὑπάρχον
694 1145 769 1194 καὶ
786 1144 941 1197 αὐτοῖς
961 1144 1069 1207 ἡμῖν
1087 1144 1335 1211 ἀποφαίνει
1354 1143 1648 1209 πράγμασιν·
1682 1149 1708 1171 “
1724 1139 1856 1207 Ἐγὼ

42 1212 72 1232 x.
94 1210 142 1232 Μ’
267 1232 294 1254 “
320 1225 413 1292 γάρ
440 1229 543 1289 εἰμι,
571 1227 736 1293 φησὶν,
764 1225 788 1275 ὁ
820 1223 995 1288 ποιμὴν
1023 1226 1047 1275 ὁ
1074 1223 1236 1278 καλός·
1283 1227 1307 1276 ὁ
1338 1225 1513 1289 ποιμὴν
1541 1226 1566 1275 ὁ
1593 1223 1739 1278 καλὸς
1769 1222 1856 1287 τὴν

267 1313 294 1335 “
320 1306 484 1374 ψυχὴν
519 1309 684 1358 ἑαυτοῦ
724 1307 913 1371 τίθησιν
949 1304 1062 1373 ὑπὲρ
1100 1311 1195 1357 τῶν
1229 1306 1523 1372 προβάτων.”
1575 1304 1856 1373 προασπίζει

42 1408 145 1442 1015
161 1407 248 1441 A.a
265 1394 514 1455 τοιγαροῦν
541 1391 623 1452 τῆς
660 1392 755 1439 τῶν
781 1387 1071 1440 ἀποστόλων
1098 1390 1336 1455 σωτηρίας
1362 1389 1386 1439 ὁ
1418 1388 1604 1455 Κύριος,
1630 1391 1707 1439 καὶ
1736 1410 1856 1454 προ·

264 1470 540 1522 κινδυνεύων
582 1469 847 1534 αὐτόμολος
892 1474 954 1524 εὶς
997 1470 1163 1524 αὐτοὺς
1198 1470 1391 1537 πάρεισι
1429 1470 1535 1525 τοὺς
1574 1471 1705 1537 οἵπερ
1743 1470 1857 1535 ἧκον
1879 1495 1926 1535 15

264 1553 560 1620 ἀποκομίζειν
590 1554 664 1603 ἐπὶ
704 1551 758 1603 τὸ
797 1551 961 1615 πάθος,
989 1552 1271 1616 ἐσταλμένοι
1308 1552 1358 1604 δὲ
1388 1552 1608 1617 δηλονότι
1640 1551 1769 1619 παρά
1806 1575 1856 1603 τε

262 1639 357 1686 τῶν
383 1635 635 1702 ἀρχιερέων
671 1635 747 1685 καὶ
775 1636 1066 1700 Φαρισαίων.
1120 1637 1183 1689 ὡς
1219 1635 1301 1686 οὖν
1336 1634 1626 1702 ἐρωτήσαντι
1661 1634 1714 1686 τὸ
1750 1634 1855 1686 τίνα

264 1722 453 1784 παρεῖεν
480 1715 537 1767 ἂν
563 1716 983 1785 ἐναποληψόμενοί
1014 1739 1062 1767 τε
1093 1719 1169 1767 καὶ
1198 1721 1295 1771 τοῖς
1321 1723 1405 1768 τοῦ
1431 1716 1634 1768 θανάτου
1659 1716 1853 1784 περιδή-

263 1821 431 1852 σοντες
468 1797 675 1866 βρόχοις,
701 1800 860 1859 Ἰησοῦν
902 1797 1093 1865 ε”φασαν
1131 1799 1200 1850 τὶν
1237 1800 1510 1870 Ναζωραῖον,
1551 1798 1714 1851 ἑαυτὸν
1748 1801 1853 1850 ἐπι-

263 1881 419 1950 δείξας
471 1884 546 1932 καὶ
592 1883 844 1948 μονονουχὶ
890 1883 973 1944 τῆς
1018 1881 1210 1935 νωθείας
1261 1879 1607 1944 αἰτιασάμενος,
1658 1881 1856 1948 ἀπάγειν
1877 1911 1926 1936 20

263 1963 513 2014 ἐκέλευσεν
535 1962 730 2016 ἀνέντας
756 1962 864 2016 τοὺς
891 1963 1086 2017 ἄλλους.
1130 1963 1211 2014 ἕνα
1237 1963 1330 2030 γὰρ
1357 1966 1498 2032 ἐχρῆν
1526 1963 1641 2030 ὑπὲρ
1665 1963 1856 2015 πάντων

41 2059 138 2110 Rpm-
264 2046 530 2106 ἀποθανεῖν,
558 2043 641 2095 τὸν
667 2047 750 2108 τῆς
779 2044 1004 2096 ἁπάντων
1030 2046 1147 2112 ζωῆς
1171 2045 1409 2115 ἀντάξιον,
1436 2053 1462 2076 “
1478 2046 1552 2097 ἵνα
1578 2048 1652 2097 καὶ
1679 2050 1854 2113 νεκρῶν

41 2114 108 2134 xxv.
127 2112 159 2144 9·
265 2134 292 2156 ‘⁶
308 2129 384 2178 καὶ
412 2125 597 2192 ζώντων
625 2125 894 2195 κυριεύσῃ.”

331 2207 434 2260 ςΗν
485 2208 578 2276 γὰρ
629 2211 706 2260 καὶ
755 2209 920 2275 ἑτέρως
967 2210 1197 2260 ἀπίθανον
1249 2214 1417 2279 κομιδῇ
1471 2210 1525 2262 τὸ
1589 2211 1858 2277 νομίζεσθαι

263 2291 392 2358 παρά
449 2314 549 2342 τισι
588 2293 665 2342 καὶ
701 2290 843 2341 αὐτὸν
882 2295 976 2342 τῶν
1020 2292 1169 2357 ἁγίων
1204 2293 1494 2344 ἀποστόλων
1532 2291 1615 2344 τὸν
1653 2293 1857 2344 θάνατον
1878 2314 1926 2354 25

219 2374 337 2424 1οέπὶ
388 2372 646 2423 καταλύσει
696 2372 968 2440 πεπράχθαι
1018 2374 1224 2424 θανάτου
1274 2376 1351 2425 καὶ
1402 2379 1601 2443 φθορᾶς,
1654 2375 1728 2426 ὅτε
1781 2376 1858 2426 καὶ

263 2454 394 2504 αὐτοὶ
436 2459 533 2508 τοῖς
571 2455 621 2504 ἐκ
661 2454 866 2504 θανάτου
905 2455 981 2504 καὶ
1021 2457 1205 2522 φθορᾶς
1240 2455 1633 2522 ἠλευθερωμένοις
1667 2459 1854 2524 ἐναριθ-

263 2541 451 2601 μηθεῖεν
486 2535 542 2586 ἂν
587 2537 663 2586 καὶ
698 2534 833 2599 μα’λα
878 2534 1077 2597 εἰκότως,
1113 2537 1226 2599 μίαν
1265 2539 1326 2590 ὡς
1365 2537 1485 2604 πρὸς
1525 2538 1644 2602 ἡμᾶς
1680 2537 1857 2606 λαχόν-

263 2641 338 2672 τες
384 2616 470 2678 τὴν
509 2617 672 2685 φύσιν,
716 2618 822 2667 καθ’
864 2614 928 2667 ὧν
966 2619 1042 2667 καὶ
1081 2616 1135 2668 τὸ
1183 2623 1265 2668 τοῦ
1307 2618 1511 2669 θανάτου
1551 2619 1857 2685 τετυράννηκε

265 2700 449 2766 κράτος.
497 2699 643 2762 μόνον
670 2699 751 2749 οῦν
777 2698 868 2763 ἄρα
896 2700 971 2749 καὶ
997 2703 1187 2765 πρῶτον
1213 2701 1356 2767 ἐχρῆν
1381 2699 1464 2750 τὸν
1494 2701 1544 2751 ἐκ
1577 2706 1660 2751 τοῦ
1687 2700 1856 2767 ζῶντος
1876 2719 1926 2755 30

265 2783 378 2834 ὅντα
421 2779 626 2847 Πατρός,
664 2783 747 2845 τῆς
789 2780 1012 2831 ἁπάντων
1056 2780 1173 2847 ζωῆς
1214 2781 1493 2848 ἀντίλυτρον
1537 2782 1591 2832 τὸ
1631 2782 1748 2834 ἰ’διον
1790 2782 1857 2854 τῷ

363 2915 416 2949 18.
443 2910 742 2958 ἐναποληψόμενοί
762 2912 803 2946 Ε.
823 2912 1084 2958 ἀποληψόμενοι
1104 2912 1172 2947 Ed.
1396 2921 1450 2956 25.
1479 2914 1536 2948 τὸν
1554 2925 1616 2959 pro
1633 2917 1699 2949 τῶν
1717 2915 1758 2949 Ε.
