2001 3257
75 594 142 625 xiii.
157 594 186 625 6.

303 117 384 156 148
703 117 752 157 B.
786 117 1065 158 CYRILLI
1105 118 1485 163 ALEXANDR.
1723 141 1789 166 XX.
1812 127 1877 168 28.

299 228 383 273 τοῦ
420 224 628 276 διδάσκω
666 226 818 278 τιθείς.
874 227 899 275 ὁ
938 226 987 276 δὲ
1028 226 1264 279 διδάσκων
1303 230 1616 296 δικαιοσύνην,
1654 237 1754 286 πῶς
1795 235 1877 284 οὐκ

299 302 358 354 ἂν
396 309 547 355 νοοῖτο
587 306 837 370 νομοθέτης
876 308 1275 372 ὁμολογουμένως’
1324 315 1361 361 εἰ
1400 311 1448 361 δὲ
1488 313 1750 378 νομοθέτης,
1777 319 1878 368 πῶς

299 386 401 452 οὐχὶ
428 386 615 440 πάντως
641 389 715 437 καὶ
743 386 894 450 Θεός;
936 386 1034 438 εἶτα
1059 388 1177 454 πρὸς
1207 390 1349 441 αὐτὸν
1375 395 1417 442 οἱ
1444 392 1641 458 ἄγγελοι
1665 396 1876 460 λέγουσι,

78 481 181 516 1107
194 466 404 519 Α.3τοι)ς
455 466 626 520 τύπους
677 473 770 518 τῶν
820 468 950 532 ἥλων
999 472 1075 520 καὶ
1131 471 1284 524 αὐτοῖς
1333 470 1496 538 ὥσπερ
1547 475 1877 530 ἐπιδεικνύντος

75 550 172 582 Zach.

494 553 514 562 Α

298 550 514 612 Χριστου
546 555 573 577 “
590 549 655 598 Τί
677 548 812 598 αὗται
839 553 886 599 αἱ
911 552 1093 615 πληγαὶ
1118 550 1206 601 ἀνὰ
1231 551 1378 613 με’σον
1403 558 1497 604 τῶν
1521 560 1687 622 χειρῶν
1712 579 1803 608 σου
1820 579 1832 619 3
1849 559 1874 574 ”
1895 578 1916 616 5

296 627 415 692 πρὸς
459 628 625 682 αὐτοὺς
668 628 716 679 δὲ
756 631 780 679 ὁ
810 629 982 694 Κύριος
1020 630 1156 685 ίίᾼΑς
1193 632 1408 698 ἐπλήγην
1447 636 1494 685 ἐν
1532 640 1599 703 τῷ
1641 637 1750 707 οἴκῳ
1794 645 1876 694 τοῦ

295 710 540 773 ἀγαπητοῦ
572 709 702 772 μου.”
755 708 877 763 οἶκος
904 710 996 777 γὰρ
1023 710 1086 762 ὢν
1118 714 1361 778 ἀγαπητὸς
1387 716 1412 765 ὁ
1437 716 1637 781 Ἰσραὴλ
1672 719 1877 787 ἕπληξεν

294 789 425 853 ἥλοις
453 791 527 840 καὶ
554 790 711 858 λόγχῃ
730 790 812 841 τὸν
837 792 1026 857 Κύριον.
1069 792 1126 843 τὰ
1145 793 1238 858 γὰρ
1259 799 1352 845 τῶν
1377 803 1681 862 στρατιωτῶν
1699 800 1876 864 τολμή-

293 894 420 934 ματα
446 876 545 924 ταῖς
570 870 810 922 Ἰουδαίων
833 878 1063 940 κεφαλαῖς
1090 873 1275 928 εἰκότως
1300 875 1359 926 ἂν
1384 878 1707 946 ἐπιγράφοιτο.
1761 904 1873 947 προ-

293 951 514 1017 σήγαγον
553 952 646 1019 γὰρ
685 954 814 1004 αὐτοὶ
852 957 918 1022 τῷ
956 959 1123 1006 παθεῖν
1158 956 1241 1006 τὸν
1270 957 1459 1024 Κύριον.
1507 960 1581 1011 ὅτε
1615 962 1768 1012 τοίνυν
1799 965 1873 1013 καὶ

249 1038 276 1079 b
293 1033 458 1086 αὐτοὺς
484 1032 717 1097 ἐθελήσας
743 1039 1117 1103 πληροφορῆσαι
1142 1038 1355 1102 Χριστὸς
1380 1039 1485 1094 τοὺς
1512 1043 1671 1106 ἁγίους
1697 1041 1874 1109 ἀγγέλ-

292 1137 384 1177 ους,
424 1114 494 1165 ὅτι
534 1116 608 1164 καὶ
649 1114 896 1180 ἅνθρωπος
934 1117 1126 1182 γέγονεν
1165 1120 1373 1182 ἀληθῶς,
1416 1123 1492 1171 καὶ
1530 1122 1600 1172 ὅτι
1638 1122 1720 1174 τὸν
1760 1124 1874 1192 ὑπὲρ

291 1195 424 1258 ἡμῶν
475 1196 687 1256 ὑπέμεινε
736 1196 960 1262 σταυρὸν,
1005 1197 1251 1264 ἐγήγερται
1301 1204 1376 1251 καὶ
1421 1203 1590 1263 ἀνεβίω
1635 1204 1783 1256 πάλιν
1824 1209 1873 1258 ἐκ

291 1281 477 1342 νεκρῶν,
512 1277 615 1343 οὐχὶ
653 1276 810 1339 μόνοις
849 1278 1058 1343 ἠρκέσθη
1098 1279 1274 1345 λόγοις,
1313 1282 1443 1332 ἀλλὰ
1481 1283 1540 1333 τὰ
1577 1291 1659 1336 τοῦ
1696 1287 1874 1341 πάθους

289 1356 433 1425 ἔδειξε
468 1361 656 1421 σημεῖα·
701 1358 750 1408 τί
784 1357 837 1408 τὸ
877 1359 1155 1423 θαυμαστὸν
1189 1359 1217 1424 ἢ
1254 1361 1400 1430 ξένον,
1427 1368 1464 1414 εἰ
1504 1367 1578 1416 καὶ
1614 1365 1755 1418 αὐτὸν
1793 1368 1874 1420 τὸν

287 1437 516 1504 μακάριον
558 1437 841 1507 ἀπαλλάξαι
886 1442 968 1503 τῆς
1014 1442 1236 1495 ἀπιστίας
1282 1445 1491 1508 θελήσας
1533 1450 1726 1511 Θωμᾶν,
1765 1448 1873 1504 τοὺς

288 1519 462 1574 τύπους
496 1520 638 1588 ἔδειξε
670 1524 764 1570 τῶν
791 1520 933 1584 ἥλων,
963 1522 1039 1571 καὶ
1066 1523 1175 1588 παρ’
1207 1523 1319 1574 αὐτὸ
1349 1525 1402 1576 τὸ
1440 1527 1558 1582 εἰκὸς
1597 1530 1758 1597 ὀφθεὶς
1797 1530 1872 1581 διὰ

287 1599 341 1650 τὸ
375 1606 494 1652 πᾶσι
534 1601 796 1669 συμφέρον,
824 1604 900 1652 καὶ
933 1602 1007 1652 ἵνα
1045 1602 1099 1654 τὸ
1139 1607 1221 1668 τῆς
1260 1606 1569 1663 ἀναστάσεως
1606 1610 1875 1678 πεπράχθαι

287 1681 549 1748 μυστήριον
577 1682 919 1750 ἀναμφιλόγως
956 1685 1263 1748 πιστεύωμεν,
1288 1689 1374 1754 οὐχ
1412 1689 1567 1755 ἑτέρου
1605 1691 1728 1745 τινὸς
1766 1693 1873 1759 ἐγη-

250 1781 272 1807 0
288 1762 514 1829 γερμένου
541 1763 777 1826 σώματος,
804 1764 935 1814 ἀλλὰ
961 1771 1042 1816 τοῦ
1068 1766 1299 1822 παθόντος
1323 1768 1405 1819 τὸν
1430 1769 1661 1833 θάνατον;

222 1927 269 1962 28
304 1922 537 1979 ἈΠεκρίθΗ
576 1923 692 1977 αὐτῷ
725 1923 885 1972 Θωμᾶς
925 1926 992 1965 καὶ
1031 1926 1145 1973 λέῙ-ει
1182 1928 1299 1981 αὐτῷ
1329 1929 1383 1969 ‘O
1423 1931 1564 1987 κύριός
1601 1947 1680 1980 μου
1720 1934 1788 1974 καὶ
1823 1935 1846 1978 ὁ

960 2007 1072 2049 Θεόε
1109 2023 1203 2056 μου.

361 2112 511 2182 Ὀξὺς
561 2118 624 2167 εἰς
674 2115 935 2179 ὁμολογίαν
988 2116 1012 2165 ὁ
1063 2115 1168 2182 ἄρτι
1218 2117 1395 2184 βραδὺς
1443 2121 1548 2186 περὶ
1597 2120 1651 2171 τὸ
1701 2119 1870 2189 χρῆναι

1896 989 1945 1014 10

1894 1394 1942 1432 15

1891 1801 1940 1826 20

286 2195 520 2245 πιστεύειν
552 2196 689 2264 αὐτῷ,
720 2197 768 2246 ἐν
803 2197 953 2265 ὀλίγῳ
979 2195 1029 2247 δὲ
1063 2204 1309 2252 παντελῶς
1345 2201 1673 2267 τεθεράπευται
1706 2210 1866 2274 καιρῷ.
1915 2214 1918 2215 ’

287 2275 408 2326 ὀκτὼ
434 2275 527 2342 γὰρ
554 2277 718 2343 ἡμέραι
745 2277 1051 2343 διαγεγόνασι
1076 2278 1228 2343 μόναι,
1255 2281 1408 2332 καὶτὰ
1433 2285 1514 2347 τῆς
1542 2284 1870 2350 ὀλιγοπίστιας

288 2358 622 2421 διακωλύματα
659 2358 931 2424 κατηργήθη
969 2360 1098 2426 παρὰ
1124 2365 1352 2427 Χριστοῦ,
1384 2364 1491 2418 τούς
1528 2387 1578 2415 τε
1615 2371 1709 2417 τῶν
1740 2367 1870 2432 ἥλων

287 2437 460 2491 τύπους
499 2441 573 2489 καὶ
609 2439 754 2503 αὐτὴν
781 2440 1096 2508 ἐπιδείξαντος
1130 2441 1216 2505 τὴν
1241 2444 1463 2510 πλευράν.
1516 2447 1626 2496 ἀλλ’
1655 2447 1770 2502 ἰ’σως
1799 2472 1868 2503 τις

244 2517 404 2582 (Ιπρὸς
448 2525 585 2569 τοῦτο
632 2521 726 2585 ἐρεῖ
762 2521 828 2571 Τί
868 2521 979 2587 γὰρ,
1022 2523 1126 2574 εἶπέ
1155 2547 1248 2588 μοι,
1291 2525 1367 2575 διὰ
1407 2530 1488 2591 τῆς
1530 2528 1648 2579 οὕτω
1693 2533 1868 2593 λεπτῆς

337 2628 369 2652 Ι.
393 2617 526 2661 τίθησιν
544 2618 620 2652 Cat.
639 2620 695 2653 cit.
792 2630 824 2664 3.
849 2623 985 2663 μᾶλλον
1002 2634 1063 2666 pro
1080 2624 1212 2659 πάντως
1230 2624 1306 2659 Cat.
1319 2626 1377 2659 cit.
1459 2625 1492 2660 6.
1518 2629 1577 2660 τοῦ
1595 2627 1769 2673 ἀγαπητοῦ
1789 2628 1866 2664 Cat.

287 2663 343 2697 cit.
364 2664 406 2698 cf.
425 2676 531 2708 supra
547 2664 615 2709 463
633 2677 651 2699 c
669 2672 702 2699 et
718 2666 752 2699 in
772 2667 818 2700 xii
837 2667 965 2712 Proph.
985 2677 1053 2713 415
1073 2669 1106 2709 d,
1126 2669 1192 2714 Ep.
1211 2670 1254 2704 ad
1272 2671 1378 2706 Aeac.
1395 2671 1562 2717 Scythop.
1583 2673 1625 2707 de
1643 2686 1745 2718 capro
1763 2675 1866 2710 emis-

287 2710 375 2744 sario
396 2721 459 2755 129
476 2711 509 2745 b.
535 2713 580 2756 τῷ
596 2711 764 2756 Ιἀγοιπνγπῲ
793 2713 822 2745 Ε
848 2714 944 2756 prius
971 2715 1088 2758 script.
1109 2715 1174 2748 Ed.
1199 2717 1243 2750 cf.
1269 2717 1305 2749 in
1330 2718 1377 2750 xii
1395 2718 1523 2763 Proph.
1542 2719 1586 2752 ad
1603 2720 1668 2754 loc.
1687 2726 1720 2754 et
1737 2732 1866 2757 comm.

288 2764 354 2806 790
373 2756 407 2790 d.
431 2760 497 2790 τῶν
521 2757 700 2802 ἀγαπητῶν
725 2759 873 2792 correxit
892 2771 1017 2793 manus
1035 2760 1156 2794 eadem
1174 2761 1210 2794 in
1230 2762 1270 2796 E.
1475 2774 1504 2808 7,
1524 2765 1556 2798 8.
1583 2762 1862 2813 οἶκος-Κύριον]

287 2804 376 2838 οἰκος
392 2803 457 2848 γὰρ
474 2803 645 2848 ἀγαπητὸς
663 2806 681 2838 ὁ
699 2806 759 2837 τοῦ
775 2803 930 2848 Ἰσραὴλ,
952 2805 987 2838 ἐν
1009 2803 1036 2851 ᾧ
1059 2808 1117 2840 τὸν
1140 2806 1263 2850 Κύριον
1287 2807 1378 2852 ἡμῶν
1397 2810 1530 2852 Ἰησοῦν
1548 2813 1696 2855 Χριστὸν
1715 2813 1867 2856 ἔπληξαν

286 2849 382 2892 ἥλοις
401 2850 453 2883 καὶ
471 2851 582 2894 λόγχῃ
602 2850 678 2885 Cat.
696 2851 753 2884 cit.
872 2862 905 2895 9.
931 2851 1025 2885 αὐτοὶ
1043 2858 1076 2885 et
1093 2853 1316 2899 προσήγαγον
1332 2855 1421 2889 inter
1439 2867 1475 2890 se
1493 2858 1692 2901 transponit
1711 2858 1787 2893 Cat.
1807 2860 1863 2895 cit.

291 2906 343 2929 12.
361 2899 426 2930 τῶν
443 2908 506 2941 pro
522 2897 581 2931 τὸν
599 2898 640 2931 Ε.
788 2906 840 2939 15.
866 2896 885 2941 ἢ
903 2897 1000 2942 ξένον
1017 2898 1062 2943 εἰ]
1083 2900 1136 2933 καὶ
1153 2900 1250 2943 ξένον
1267 2900 1285 2944 ἢ
1306 2901 1346 2935 E.
1491 2912 1546 2948 27.
1573 2904 1740 2949 ἐπιδείξας
1758 2905 1799 2940 Ε.

1888 2316 1936 2354 25
