2001 3257
290 134 372 176 126
663 135 713 177 B.
748 136 1024 177 CYRILLI
1065 136 1451 177 ALEXANDR.
1630 150 1698 175 xx.
1722 149 1785 190 19,
1806 147 1871 176 20.

285 244 571 310 ματουργίας
609 246 657 295 ἐν
694 244 891 313 ἐξουσίᾳ
929 248 1205 310 θεοπρεπεῖ;
1254 245 1365 294 ἀλλ’
1407 245 1554 295 ἐκεῖνα
1592 242 1648 307 δὴ
1686 241 1874 296 πάντως

286 326 401 392 ἐρεῖς
439 325 555 392 ὑπὲρ
593 325 757 392 λόγον.
813 326 979 376 οὐκοῦν
1010 326 1125 377 τίθει
1162 327 1259 389 μετ’
1287 327 1469 377 ἐκείνων
1500 327 1575 376 καὶ
1613 331 1768 388 τοῦτο,
1798 325 1873 374 καὶ

285 406 351 472 μὴ
395 406 607 474 καθάπερ
649 408 790 476 ε”δοξέ
825 430 953 458 τισιν
992 409 1042 457 ἐκ
1082 410 1165 471 τῆς
1208 407 1403 472 ἐνούσης
1447 408 1601 460 αὐτοῖς
1643 407 1873 474 ἐλαφριάς

286 489 700 556 συνηρπασμένοις
749 491 824 540 ἐπὶ
873 489 928 540 τὸ
976 488 1242 551 βούλεσθαι
1293 493 1484 556 φρονεῖν
1535 488 1654 555 ἅπερ
1701 488 1873 552 ἥκιστα

61 574 418 638 1091Α.ειχρῆν,
458 575 619 638 οἰηθῇς
657 570 733 621 διὰ
770 577 908 622 τοῦτο
942 571 1008 635 μὴ
1043 570 1161 634 μετὰ
1197 573 1331 622 τοῦδε
1373 576 1456 622 τοῦ
1494 571 1716 634 σώματος
1759 572 1867 636 ε’γη-
1891 591 1914 629 5

285 653 450 720 γερθαι
494 652 577 704 τὸν
625 651 817 719 Κύριον,
871 652 1052 719 γυμνὸν
1102 651 1151 704 δὲ
1202 652 1382 719 σαρκὸς
1432 655 1505 703 καὶ
1558 652 1873 716 ἀσύμπλοκον

282 738 528 789 παντελῶς
566 740 649 786 τοῦ
687 735 954 803 ληφθέντος
994 740 1122 786 ναοῦ.
1193 739 1230 786 εὶ
1275 735 1369 801 γὰρ
1408 735 1473 798 μὴ
1513 734 1712 785 δύνασαι
1752 738 1872 785 νοεῖν

282 820 365 882 τῆς
413 817 617 885 ἀρῥήτου
669 815 860 885 φύσεως
911 814 997 880 τὴν
1048 816 1294 884 ἐνέργειαν,
1339 818 1389 867 τί
1434 815 1499 881 μὴ
1549 821 1740 880 μᾶλλον
1789 818 1872 879 τῆς

282 900 578 966 ἀνθρωπίνης
604 898 846 952 ἀσθενείας
873 902 1147 968 καταβοᾷς;
1190 905 1330 950 τοῦτο
1364 898 1457 966 γὰρ
1493 897 1611 949 εἷναί
1643 903 1765 968 φημι
1796 899 1872 949 καὶ

281 981 578 1050 σοφώτερον·
631 978 729 1032 εἶτα
764 980 977 1048 στέργεις
1016 985 1177 1049 σιωπῇ
1212 981 1266 1032 τὸ
1306 980 1544 1047 διορισθέν
1582 1003 1662 1031 σοι
1701 980 1871 1046 με’τρον
1894 1000 1941 1026 10

279 1062 409 1129 παρὰ
435 1069 518 1114 τοῦ
553 1066 854 1129 δημιουργοῦ,
880 1061 1216 1125 ἀποσειόμενος
1247 1061 1294 1113 δὲ
1330 1062 1495 1129 ὥσπερ
1529 1060 1612 1113 τὸν
1639 1060 1872 1130 σώφρονα

279 1143 535 1211 λογισμὸν,
561 1145 728 1198 ἀδικεῖς
768 1143 822 1195 τὸ
861 1144 985 1209 με’γα
1022 1147 1105 1207 τῆς
1144 1144 1455 1198 ἀναστάσεως
1491 1142 1769 1211 μυστήριον,
1796 1143 1868 1211 ἐφ’

232 1234 260 1276 b
279 1224 316 1296 ᾧ
341 1231 506 1277 πᾶσαν
532 1226 699 1294 ε”χομεν
726 1225 812 1290 τὴν
839 1226 1024 1277 ἐλπίδα.
1079 1225 1416 1290 διαμεμνήσθω
1442 1226 1536 1291 γάρ
1562 1249 1630 1279 τις
1661 1230 1871 1287 βοῶντος

50 1310 214 1394 {vqxogiz
277 1313 360 1360 τοῦ
393 1307 594 1360 Παύλου
622 1315 649 1337 “
672 1311 731 1359 Εἰ
766 1309 919 1374 νεκροὶ
953 1308 1037 1358 οὐκ
1072 1309 1340 1374 ἐγείρονται,
1368 1307 1473 1359 οὐδὲ
1507 1306 1720 1374 Χριστὸς
1755 1306 1865 1373 ἐγή-

277 1396 304 1420 “
330 1413 506 1456 γερται·
563 1394 601 1442 εἰ
643 1388 692 1441 δὲ
731 1388 946 1456 Χριστὸς
992 1390 1076 1440 οὐκ
1121 1390 1383 1456 ἐγήγερται,
1424 1390 1600 1454 ματαία
1641 1390 1668 1454 ἡ
1710 1390 1870 1444 πίστις
1891 1408 1939 1448 15

277 1478 304 1502 “
331 1473 461 1536 ὑμῶν
499 1472 576 1523 καὶ
613 1472 680 1522 ε”τι
718 1470 825 1523 ἐστὲ
863 1473 912 1522 ἐν
950 1476 1050 1525 ταῖς
1090 1473 1335 1538 ἁμαρτίαις
1376 1473 1545 1537 ὑμῶν,”
1587 1470 1685 1523 εἶτα
1723 1470 1870 1523 πάλιν

51 1564 103 1596 Ib·
125 1572 172 1604 ¹5·
275 1560 304 1583 ‘⁴
332 1552 666 1621 Εὑρισκόμεθα
692 1553 741 1605 δὲ
767 1556 843 1605 καὶ
869 1553 1254 1622 ψευδομάρτυρες
1285 1560 1368 1606 τοῦ
1394 1558 1534 1618 Θεοῦ,
1562 1554 1633 1605 ὅτι
1664 1556 1864 1621 ἐμαρτυ-

276 1642 304 1666 “
329 1635 545 1702 ρήσαμεν
580 1634 700 1687 κατὰ
737 1641 821 1686 τοῦ
860 1638 987 1686 Θεοῦ
1028 1634 1099 1686 ὅτι
1136 1636 1292 1702 ἤγειρε
1330 1636 1414 1686 τὸν
1439 1634 1670 1702 Χριστὸν,
1704 1634 1756 1686 ὃν
1787 1636 1870 1686 οὐκ

277 1724 304 1748 “
330 1718 513 1785 ἤγειρεν
539 1716 665 1784 εἴπερ
692 1716 784 1784 ἄρα
811 1719 963 1784 νεκροὶ
990 1718 1072 1768 οὐκ
1109 1718 1408 1784 ἐγείρονται.”
1449 1718 1497 1769 τί
1528 1717 1621 1785 γὰρ
1658 1717 1781 1771 ὅλως
1814 1716 1869 1769 τὸ

275 1799 463 1866 ἐγερθέν
488 1803 525 1851 εἰ
550 1798 615 1864 μὴ
639 1798 694 1850 τὸ
720 1798 886 1863 πεσὸν,
913 1798 942 1865 ἢ
968 1800 1018 1851 τί
1037 1798 1092 1851 τὸ
1119 1799 1335 1851 ἀναστὰν
1361 1804 1399 1851 εἰ
1424 1800 1488 1864 μὴ
1515 1800 1570 1851 τὸ
1597 1800 1869 1864 κεκλιμένον
1890 1827 1940 1851 20

238 1886 340 1937 οεῖς
374 1880 612 1945 θάνατον;
654 1886 756 1936 πῶς
790 1880 839 1933 δὲ
876 1882 1006 1946 ἡμεῖς
1045 1881 1444 1949 προσδοκήσομεν
1469 1882 1554 1947 τὴν
1580 1882 1865 1949 ἀνάστασιν,

278 1968 317 2016 εἰ
367 1964 432 2029 μὴ
476 1964 559 2016 τὸν
601 1967 767 2015 οἰκεῖον
809 1963 966 2030 ἤγειρε
1015 1962 1127 2015 ναὸν
1172 1965 1197 2015 ὁ
1242 1963 1469 2031 Χριστὸς,
1512 1963 1732 2032 ἀπαρχὴν
1775 1969 1869 2016 τῶν

278 2046 635 2111 κεκοιμημένων,
672 2046 749 2097 καὶ
786 2045 1087 2112 πρωτότοκον
1117 2047 1167 2097 ἐκ
1205 2050 1300 2097 τῶν
1339 2050 1515 2112 νεκρῶν
1549 2044 1714 2098 ἑαυτὸν
1753 2045 1869 2113 ὑπὲρ

55 2141 181 2181 1b·53·
278 2129 411 2194 ἡμῶν
447 2129 690 2182 καθιστάς.
756 2127 785 2193 ἢ
826 2133 927 2182 πῶς
969 2128 1212 2179 ἐνδύσεται
1257 2127 1311 2179 τὸ
1352 2127 1567 2197 φθαρτὸν
1605 2133 1744 2179 τοῦτο
1783 2127 1869 2192 τὴν

279 2212 571 2281 ἀφθαρσίαν,
599 2214 636 2262 εἰ
674 2209 886 2278 καθάπερ
925 2209 1103 2262 οἴονταί
1133 2234 1252 2265 τινες
1288 2214 1350 2264 εἷς
1385 2210 1625 2262 ἀπώλειαν
1655 2212 1868 2274 παντελῆ
1891 2229 1938 2268 25

280 2292 648 2361 κατοιχήσεται;
696 2297 797 2346 πῶς
835 2291 929 2359 γὰρ
967 2292 1021 2343 οὐ
1059 2298 1198 2344 τοῦτο
1236 2293 1464 2355 πείσεται,
1493 2290 1723 2356 μηδεμίαν
1761 2291 1869 2360 ε”χον

282 2379 344 2429 εἰς
383 2375 646 2436 ἀναβίωσιν
675 2373 760 2438 τὴν
795 2375 997 2437 ἐλπίδα,
1047 2373 1112 2439 μὴ
1150 2375 1306 2425 τοίνυν
1333 2373 1420 2438 τὴν
1450 2375 1498 2425 ἐν
1528 2377 1595 2443 τῷ
1633 2374 1870 2425 πιστεύειν

284 2455 519 2524 ὀρθότητα
552 2456 784 2524 ζημιωθῇς
819 2454 895 2507 διὰ
930 2455 984 2506 τὸ
1021 2456 1303 2525 παραδόξως
1341 2454 1684 2519 τετελεσμένον,
1709 2479 1865 2522 προσ-

239 2549 267 2590 d
283 2539 397 2590 τίθει
423 2537 470 2588 δὲ
496 2543 592 2592 τοῖς
617 2538 787 2604 ἕτεροις
813 2537 1025 2601 θαύμασι
1051 2539 1127 2588 καὶ
1152 2543 1290 2589 τοῦτο
1317 2536 1596 2607 σωφρόνως.

346 2618 517 2686 ’Άθρει
555 2618 648 2685 γὰρ
686 2618 812 2672 ὅπως
851 2617 927 2669 διὰ
964 2618 1048 2679 μὲν
1078 2624 1161 2670 τοῦ
1195 2619 1477 2688 παραδόξως
1513 2618 1762 2670 εἰσελάσαι
1795 2644 1868 2672 κε-
1887 2644 1938 2680 30

285 2700 552 2770 κλεισμένων
600 2699 678 2752 τῶν
721 2698 855 2769 θυρῶν,
899 2700 1069 2767 δέδειχε
1116 2699 1265 2751 πάλιν
1308 2699 1379 2752 ὅτι
1423 2698 1543 2754 Θεός
1593 2702 1696 2751 ἐστι
1747 2700 1867 2753 κατὰ

330 2853 363 2888 5.
389 2842 512 2886 οἶηθεῖς
529 2841 571 2875 Ε.
681 2848 713 2885 7.
740 2839 883 2874 δύνασαι
901 2839 1020 2873 E.F.a.
1040 2839 1106 2874 Ed.
1126 2852 1197 2885 mg.
1217 2840 1382 2875 δύνασθαι
1400 2840 1467 2875 Ed.
1580 2851 1634 2874 10.
1658 2854 1714 2885 γρ.
1733 2840 1868 2886 στέγεις

285 2890 351 2926 Ed.
371 2902 442 2935 mg.
462 2888 617 2934 στέργεις
635 2887 741 2922 habet
759 2887 796 2922 F.
1001 2895 1053 2932 15.
1079 2886 1335 2934 εἶ-ἐγὴγερται
1355 2887 1414 2933 (ab
1432 2886 1610 2933 ἐγήγερται
1627 2886 1672 2921 ad
1690 2886 1867 2933 ἐγήγερται

283 2935 498 2981 transiliens)
518 2948 587 2970 om.
609 2935 650 2970 E.
842 2933 896 2968 26.
923 2933 1004 2978 ἕχον
1021 2945 1090 2968 orn.
1111 2933 1152 2967 E.
