1981 3247
260 141 335 176 656

313 271 454 300 versae,
487 259 533 294 ad
566 258 693 294 Unum
727 263 852 293 tamen
887 269 1020 292 conve-

312 324 420 359 niunt
440 323 488 359 iii.
513 326 601 367 425,
632 325 722 364 496,
756 324 846 364 513,
877 321 922 357 cf.
944 323 1020 357 495

314 388 491 434 Verbum,
513 388 590 423 vide
612 387 849 435 Unigenitus.

259 454 432 489 VERBUM
454 453 530 488 vita
558 453 604 488 ad
634 457 791 487 mortem
817 450 1021 490 descendit,

313 524 354 553 ut
368 530 436 553 nos
446 516 575 565 Seipso
589 516 814 552 commixtos
828 515 923 551 vitae
937 526 1019 562 par-

315 583 446 630 ticipes
466 582 601 618 efficiat
621 584 693 618 172
713 593 731 616 e
772 586 899 627 utpote
920 579 1020 620 Vita,

316 647 476 684 Carnem
516 646 630 682 Suam
669 645 853 681 vivificam
894 643 1019 685 efficit,

313 718 356 748 ut
394 719 430 748 et
471 723 628 758 corpora
674 709 845 745 mortalia
892 714 1020 744 nostra

313 777 475 812 vivificet
498 779 573 812 354
596 776 618 811 b
633 788 664 817 c,
688 777 761 812 361
778 775 814 817 b,
834 776 909 811 362
925 786 956 815 a,
973 773 1020 808 iii.

317 844 407 885 495,
426 844 501 878 497
544 853 619 876 non
640 841 677 875 in
698 839 818 877 Carne
840 839 904 874 sed
925 837 1022 874 Caro

313 907 456 943 factum
477 919 543 954 pro
565 906 712 941 Unione
735 906 808 941 363
827 917 847 940 a
890 916 964 939 non
986 903 1022 938 in

315 972 466 1007 homine
487 971 551 1007 sed
575 971 699 1006 Homo
719 970 857 1005 factum
881 972 956 1006 393
971 981 1003 1004 e.

260 1036 430 1073 Verbum
450 1036 645 1084 Templum
673 1047 818 1082 semper
840 1033 917 1070 Sibi
943 1033 1021 1069 uni-

315 1101 367 1136 vit
393 1113 461 1136 nec
484 1113 559 1136 uno
581 1099 727 1147 quidem
758 1104 949 1135 momento
979 1099 1024 1134 ab

317 1167 402 1213 Ipso
423 1171 633 1212 separatum
653 1165 703 1200 iii.
727 1166 817 1201 499.

263 1231 428 1266 Verbum
461 1230 563 1266 Deus
593 1229 670 1274 Qui
698 1235 858 1265 mortem
890 1229 1025 1265 devicit

319 1296 368 1332 iii.
393 1297 480 1332 361.

263 1360 431 1397 Verbum
449 1360 629 1408 sapientia
646 1363 722 1397 410
737 1372 755 1396 e
792 1362 833 1395 τὰ
848 1360 918 1395 Dei
938 1371 1022 1407 pro-

316 1426 400 1467 fert,
419 1425 524 1473 quasi
545 1437 650 1460 mens
670 1425 832 1460 humana
847 1427 887 1459 τὰ
903 1424 1022 1460 homi-

316 1503 404 1526 num
433 1493 508 1526 527
527 1490 561 1535 d,
594 1492 670 1526 836
694 1490 727 1530 b,
764 1491 840 1526 964
866 1502 885 1525 c
949 1501 1024 1524 non

316 1562 405 1591 tunc
425 1568 445 1590 a
461 1555 541 1590 Deo
560 1554 741 1590 effulsisse
761 1555 923 1602 primum
941 1567 1024 1590 cum

320 1621 445 1656 Homo
465 1621 583 1656 factus
605 1623 680 1656 553
698 1632 717 1655 c
734 1620 770 1655 d.

263 1685 493 1721 “Verbum''
515 1685 689 1728 hominis,
712 1684 900 1721 definitio:
933 1684 1024 1720 Ver-

442 1750 560 1785 Patris
595 1756 717 1785 servat
750 1750 865 1785 Filius
899 1749 936 1785 id
969 1754 1026 1785 est

318 1815 528 1850 Essentiam
550 1815 618 1850 scit
635 1817 710 1851 583
726 1827 758 1850 a.

265 1879 433 1915 Verbum
457 1892 607 1927 passum
634 1885 690 1915 est
715 1879 842 1914 insons
869 1891 936 1926 pro
963 1891 1026 1914 reo

317 1751 405 1785 bum

320 1946 397 1981 854
413 1957 433 1979 a
449 1945 472 1979 b
511 1956 657 1991 semper
676 1944 776 1979 Deus
798 1949 834 1979 et
854 1944 891 1978 in
917 1955 1027 1978 carne

320 2009 367 2044 iii.
401 2011 477 2046 386
507 2021 587 2056 sqq.
642 2008 743 2044 Deus
778 2014 815 2043 et
846 2008 884 2043 in
918 2008 1028 2043 vulva

322 2074 368 2110 iii.
393 2076 469 2110 390
519 2074 623 2109 Deus
650 2081 687 2108 et
713 2071 845 2108 Homo
865 2072 912 2108 iii.
936 2075 1026 2113 483,

323 2142 412 2180 505,
436 2141 523 2183 506,
547 2140 619 2175 511
668 2144 704 2173 et
725 2137 833 2173 Patre
860 2143 897 2173 et
920 2138 1028 2173 nobis

322 2204 563 2251 conjunctum
588 2204 635 2240 iii.
662 2205 738 2240 483
787 2208 823 2238 et
851 2203 888 2237 in
919 2215 1028 2238 carne

321 2269 455 2305 iterum
494 2274 693 2305 venturum
726 2268 774 2305 iii.
811 2270 901 2309 484,
938 2269 1028 2311 485,

324 2336 399 2370 588
446 2346 596 2369 carnem
615 2346 689 2368 non
712 2333 849 2368 amittit
869 2333 927 2368 cui
948 2344 1028 2367 cor-

323 2411 414 2446 pora
434 2404 562 2434 nostra
583 2397 741 2445 Corpori
763 2396 838 2434 Suo
855 2397 1031 2445 figurabit

321 2463 370 2499 iii.
389 2465 478 2499 485.

273 2528 435 2564 Verbum
453 2540 537 2563 caro
557 2526 708 2568 factum,
726 2527 761 2562 in
783 2539 934 2562 carnem
954 2539 1029 2562 non

321 2598 506 2628 mutatum
526 2592 577 2628 iii.
601 2593 689 2628 589.

271 2657 451 2693 Veritatis
486 2656 665 2692 ministris
695 2655 832 2691 veritas
870 2656 1030 2703 pertinet

325 2726 373 2759 62
391 2735 422 2758 c.

271 2788 479 2824 Veritatem
507 2786 783 2834 indagantibus,
805 2785 926 2833 gratia
945 2784 1031 2821 data

327 2865 369 2888 ac
389 2865 453 2900 per
475 2852 586 2887 fidem
607 2851 704 2887 salus
726 2853 801 2887 379
819 2863 850 2886 e.

272 2917 506 2952 Vestimenta
527 2916 784 2952 discindebant
800 2914 935 2951 Judaei
952 2927 1032 2951 ver-

802 137 1015 173 INDEX
1072 136 1314 173 RERUM.

1689 147 1850 170 VERBUM

1145 256 1192 292 ba
1207 256 1457 304 blasphemiae
1471 255 1661 291 audientes
1678 256 1777 292 1072
1787 252 1848 297 de,

1150 323 1249 358 1073
1268 333 1299 357 a.

1093 391 1116 404 “
1131 385 1409 420 Vestimentum
1440 383 1640 419 auratum''
1664 383 1740 430 (Ps.
1763 383 1850 419 xliv.

1150 450 1212 494 10)
1236 448 1324 496 quid
1344 447 1397 483 M.
1416 450 1464 484 67
1491 448 1539 494 [p.
1559 448 1670 494 289}

1092 514 1219 550 Vestis
1258 513 1413 549 Domini
1458 512 1624 553 indivisa,
1660 511 1852 548 Christum

1148 578 1277 614 Unum
1311 577 1587 624 Indivisumque
1618 577 1654 611 in
1687 576 1852 611 omnium

1146 642 1278 678 animis
1303 644 1405 678 1063
1419 641 1443 677 b
1457 653 1486 677 c.

1093 713 1114 727 “
1133 707 1272 742 Vetera
1309 705 1564 742 transierunt”
1596 717 1688 752 quae
1726 703 1767 739 M
1802 706 1849 740 48

1151 772 1203 818 [p.
1229 772 1340 818 353],
1365 770 1466 817 [vide
1487 775 1523 806 et
1545 772 1566 807 2
1583 768 1667 806 Cor.
1693 782 1725 805 v.
1748 771 1792 805 17
1814 769 1852 804 in

1148 835 1214 872 SS.
1234 835 1509 883 Scripturarum
1528 834 1680 881 indice}

1092 900 1164 936 Via
1184 900 1335 935 Domini
1360 901 1434 936 109
1449 899 1472 935 b
1489 911 1521 942 e,
1543 899 1580 934 id
1606 904 1662 934 est
1683 897 1854 935 Christus

1149 967 1240 1001 766.

1094 1035 1114 1050 ‘⁶
1128 1028 1330 1065 Vidimus⁵²
1353 1028 1389 1063 in
1417 1027 1455 1063 S.
1473 1027 1583 1064 Joan,
1604 1027 1627 1063 i.
1650 1030 1707 1069 14,
1739 1033 1776 1063 et
1806 1027 1854 1063 E-

1148 1093 1379 1141 vangelistae
1405 1100 1442 1128 et
1463 1092 1653 1139 Baptistae
1687 1092 1855 1128 testimo-

1148 1159 1249 1193 nium
1270 1158 1333 1193 dat
1353 1160 1402 1194 96
1423 1157 1478 1192 bis
1500 1169 1532 1192 e.

1093 1222 1273 1258 Vinctum
1289 1234 1404 1258 unum
1418 1222 1516 1257 unde
1530 1234 1610 1257 mos
1624 1221 1853 1257 Judaeorum

1150 1287 1349 1323 liberatum
1369 1286 1506 1322 habere
1527 1286 1564 1321 in
1579 1286 1676 1322 festo
1695 1285 1857 1321 Paschae

1152 1355 1268 1389 1041.

1094 1417 1238 1452 Vinum
1272 1417 1309 1452 in
1340 1415 1444 1453 Cana
1471 1415 1737 1463 praestantius,
1768 1415 1858 1463 quid

1149 1481 1362 1530 spiritaliter
1387 1483 1460 1517 138
1480 1494 1511 1517 a.

1095 1547 1272 1582 “Vinum
1300 1558 1438 1582 novum
1458 1546 1493 1581 in
1517 1550 1616 1581 utres
1643 1544 1790 1580 novos''
1813 1544 1858 1580 de

1149 1611 1337 1659 discipulis
1357 1616 1442 1659 post
1464 1609 1645 1658 Spiritum
1665 1614 1856 1657 acceptum

1151 1678 1240 1713 924.

1096 1741 1226 1776 Virtus
1255 1739 1376 1775 omnis
1404 1739 1547 1775 fontem
1567 1738 1690 1774 Deum
1719 1738 1857 1774 habet:

1150 1817 1240 1853 erga
1268 1808 1441 1852 parentes
1471 1803 1592 1838 honor
1621 1803 1657 1838 in
1687 1815 1730 1838 eo
1761 1802 1859 1850 quod

1150 1869 1297 1905 Patrem
1336 1868 1451 1904 Filius
1490 1868 1651 1903 honorat
1690 1871 1764 1904 337
1788 1868 1810 1903 b
1840 1880 1860 1904 e

1156 1940 1237 1970 toto
1254 1933 1364 1968 corde
1381 1932 1610 1980 expetenda;
1642 1932 1775 1967 modus
1795 1944 1859 1967 au-

1151 2004 1227 2034 tem
1257 2010 1332 2033 non
1361 2002 1501 2033 temere
1530 1997 1772 2044 pollicendus‚
1794 1996 1860 2032 sed

1151 2063 1317 2098 oratione
1337 2061 1520 2110 petendus
1535 2063 1610 2097 760
1627 2074 1648 2097 a
1685 2061 1766 2096 Deo
1781 2061 1859 2096 Na-

1151 2134 1234 2163 tura
1253 2127 1424 2174 pertinet,
1445 2126 1552 2162 nobis
1572 2126 1720 2161 nonnisi
1739 2125 1861 2174 gratia

1153 2191 1508 2238 mansuetudineque
1528 2190 1664 2226 Divina
1684 2193 1759 2227 983
1775 2191 1798 2226 d
1813 2203 1844 2226 e.

1100 2257 1186 2293 Vita
1224 2262 1352 2292 nostra
1390 2255 1540 2293 Christo
1574 2255 1702 2291 Vitam
1744 2254 1859 2292 Suam

1153 2334 1218 2369 pro
1240 2321 1346 2356 nobis
1367 2321 1470 2356 danti
1500 2320 1623 2357 debita
1653 2322 1729 2356 438
1751 2332 1782 2364 a,
1810 2319 1857 2355 cf.

1156 2387 1232 2422 879
1252 2386 1288 2422 d.

1101 2450 1226 2486 Vitam
1247 2450 1305 2491 ad,
1328 2450 1483 2485 aliorum
1503 2461 1589 2484 cura
1611 2448 1734 2484 debita
1752 2447 1860 2485 Chri-

1154 2520 1211 2550 sto
1233 2515 1358 2550 Vitam
1384 2513 1498 2550 Suam
1527 2525 1594 2561 pro
1623 2513 1729 2548 nobis
1761 2513 1864 2548 danti

1157 2581 1258 2614 1119
1274 2591 1303 2614 e.

1100 2643 1189 2679 Vita
1218 2643 1400 2684 fidelibus,
1426 2642 1634 2677 infidelibus
1662 2654 1763 2678 mors
1784 2643 1860 2678 466

1154 2708 1178 2743 b
1194 2719 1225 2743 e.

1100 2773 1189 2809 Vita
1209 2772 1401 2809 Christum
1431 2770 1686 2819 sequentibus,
1708 2783 1783 2806 non
1804 2782 1861 2806 se-

1161 2837 1362 2884 quentibus
1383 2849 1482 2872 mors
1504 2837 1580 2872 486
1595 2848 1626 2872 e.

1100 2902 1190 2938 Vita
1211 2902 1361 2944 sanctis,
1383 2900 1561 2937 insanctis
1578 2913 1679 2936 mors
1697 2902 1769 2936 501
1790 2911 1810 2935 a
1829 2899 1865 2935 b.
