1976 3262
656 735 973 783 ΚΕΦΑΛΗ
1031 735 1113 782 ΙΒ.

84 906 179 950 “On
221 910 316 949 κατὰ
356 909 479 960 φύσιν
521 908 565 950 ἕν
605 909 714 949 ἐστιν
756 909 776 948 ὁ
809 908 903 951 Ύῑὸς
943 907 1038 960 πρὸς
1079 908 1148 948 τὸν
1191 909 1328 948 ἑαυτοῦ
1366 906 1527 959 Πατέρα
1564 905 1684 956 Θεὸν,

239 988 311 1029 κᾶν
342 989 391 1032 ὡς
422 990 464 1029 ἐν
491 988 647 1042 χάριτος
676 988 783 1041 μέρει
814 987 1001 1039 δέξασθαι
1032 988 1132 1043 λέγῃ
1163 987 1207 1028 τὸ
1240 987 1283 1028 ἓν
1316 987 1415 1028 εἶναι
1445 985 1538 1039 πρὸς

749 1068 818 1109 τὸν
850 1067 1019 1121 Πατέρα.

1700 1130 1722 1156 e

52 1222 73 1258 5
97 1213 221 1261 ΚάΓὼ
260 1212 336 1255 τήν
376 1213 507 1257 δόξαν
547 1213 596 1255 civ
636 1212 832 1255 δεδωκάς
871 1228 937 1262 μοι
980 1212 1150 1254 δέδωκα
1191 1209 1349 1262 αὐτοῖς,
1387 1211 1455 1252 ἵνα
1496 1208 1600 1252 ὦσιν
1638 1211 1682 1251 ἓν
1706 1221 1750 1246 22

163 1297 306 1339 καθὼς
356 1295 478 1346 ἡμεῖς
521 1298 580 1350 ἓν,
622 1298 709 1345 &seb
756 1297 801 1339 ἐν
846 1295 990 1339 αὐτοῖς
1040 1296 1108 1338 καὶ
1159 1296 1206 1339 σὺ
1255 1296 1300 1337 ἐν
1343 1294 1450 1346 ἐμοὶ,
1493 1294 1561 1335 ἵνα
1605 1291 1684 1335 ὦσι
1707 1303 1754 1339 23

162 1383 491 1429 τετελειωμένοι
547 1379 607 1422 ele
662 1382 721 1432 ἓν,
770 1381 839 1422 ἵνα
896 1379 1083 1438 Γινὼοκῌ
1132 1380 1154 1421 ὁ
1206 1382 1362 1427 κόσμος
1420 1379 1484 1419 ὅτι
1537 1377 1584 1418 σύ
1635 1392 1686 1425 με

162 1463 421 1506 ἀπέστειλας
460 1464 528 1505 καὶ
567 1464 793 1512 ι-ἰΓάΠΗοαε
831 1464 986 1506 αὐτοὺς
1026 1463 1170 1505 καθὼς
1207 1462 1282 1511 ἐμὲ
1321 1462 1559 1509 ιἰΓοίΠΗσαε.

171 1598 484 1645 ΟΥΣΙΩΔΗ
526 1618 576 1646 τε
611 1596 687 1645 καὶ
726 1594 938 1664 φυσικὴν
977 1594 1061 1659 τὴν
1100 1595 1270 1645 ἕνωσιν
1309 1594 1431 1661 ἔχειν
1469 1593 1517 1643 εὖ
1554 1591 1687 1656 μάλα

28 1702 76 1726 10
98 1677 380 1746 φρονοῦντές
420 1682 578 1746 φαμεν
612 1677 732 1743 πρὸς
771 1677 854 1728 τὸν
881 1680 1046 1728 ἑαυτοῦ
1074 1677 1268 1743 Πατέρα
1298 1675 1380 1727 τὸν
1409 1677 1683 1740 Μονογενῆ,

96 1759 216 1810 καθὸ
243 1761 319 1810 καὶ
346 1760 620 1825 γεγέννηται
647 1758 766 1811 κατὰ
798 1759 880 1810 τὸν
907 1762 1062 1824 ἀληθῆ
1094 1762 1178 1823 τῆς
1205 1757 1469 1824 γεννήσεως
1496 1755 1686 1823 τρόπον,
1705 1777 1727 1802 a
1743 1767 1907 1803 lOOlA-

97 1843 172 1892 καὶ
205 1842 262 1910 ἐξ
291 1843 434 1893 αὐτοῦ
469 1847 640 1893 νοεῖται
675 1844 750 1893 καὶ
777 1844 825 1893 ἐν
851 1842 992 1912 αὐτῷ,
1014 1846 1072 1910 τῇ
1099 1842 1183 1904 μὲν
1209 1842 1307 1892 κατ’
1337 1841 1458 1891 ἰδίαν
1486 1838 1688 1907 ὕπαρξιν

96 1923 330 1990 ἑτερότητι
356 1923 597 1976 διεστάναι
627 1948 677 1975 τε
709 1925 784 1975 καὶ
820 1925 1068 1991 διωρίσθαι
1102 1926 1267 1986 δοκῶν,
1293 1927 1351 1991 τῇ
1378 1921 1529 1988 γεμὴν
1555 1944 1685 1985 συμ-

98 2006 344 2074 φυεστάτῃ
382 2009 465 2070 τῆς
503 2008 667 2060 οὐσίας
705 2006 953 2071 ταυτότητι
986 2009 1062 2057 καὶ
1095 2008 1157 2060 ὡς
1190 2006 1239 2056 ἕν
1270 2029 1315 2056 τι
1349 2003 1468 2069 μετὰ
1496 2002 1688 2070 Πατρὸς·

32 2116 77 2153 15
99 2089 357 2151 νοούμενος.
398 2089 552 2152 ἐπειδὴ
578 2088 626 2139 δὲ
651 2092 733 2153 τῆς
759 2090 864 2140 καθ’
894 2090 1015 2153 ἡμᾶς
1041 2089 1192 2140 ἕνεκεν
1218 2087 1494 2151 οἰκονομίας,
1522 2108 1684 2149 σωτη-

97 2172 200 2238 ρίας
226 2195 276 2222 τε
310 2174 385 2222 καὶ
416 2172 547 2238 ζωῆς,
573 2172 655 2221 τὸν
682 2173 730 2222 ἐν
756 2173 922 2238 ἀρχαῖς
957 2168 1120 2237 ὥσπερ
1155 2170 1381 2234 ἐκβέβηκε
1416 2168 1576 2229 τόπον,
1602 2166 1689 2231 τὴν

100 2252 300 2317 ἰσότητά
333 2257 456 2321 φημι
490 2252 575 2317 τὴν
601 2252 719 2318 πρὸς
754 2253 836 2303 τὸν
864 2252 1056 2319 Πατέρα
1093 2254 1169 2303 καὶ
1202 2251 1339 2314 Θεὸν,
1369 2253 1497 2302 δοκεῖ
1528 2250 1576 2301 δὲ
1612 2251 1688 2300 καὶ

99 2336 435 2386 σεσαλεῦσθαί
456 2358 557 2389 πως
584 2338 645 2388 εἷς
670 2334 757 2399 τὴν
776 2337 858 2399 τῆς
885 2336 1212 2404 ἀφανεστέρας
1239 2333 1381 2402 δόξης
1407 2333 1686 2399 ὑπέρβασιν·

100 2424 239 2470 τοῦτο
270 2417 363 2484 γὰρ
390 2415 448 2481 ἧν
478 2416 532 2468 τό
561 2417 827 2469 Κεκένωκεν
857 2417 1036 2469 ἑαυτόν·
1084 2418 1108 2467 ὁ
1146 2415 1298 2468 πάλαι
1337 2418 1412 2467 καὶ
1449 2416 1506 2484 ἐξ
1540 2416 1689 2482 ἀρχῆς
1751 2418 1887 2501 {hil-³³·

33 2535 81 2559 20
100 2499 373 2568 ἐνυπάρχων
411 2499 529 2563 μετὰ
569 2498 761 2565 Πατρὸς
806 2499 986 2567 δέχεται
1028 2505 1166 2550 τοῦτο
1208 2497 1327 2563 μετὰ
1372 2497 1564 2564 σαρκὸς,
1605 2502 1689 2548 τοῦ
1707 2506 1734 2547 b

100 2582 264 2649 γηΐνου
302 2605 351 2633 τε
391 2583 468 2632 καὶ
506 2580 726 2647 ἐπικήρου
763 2581 1118 2648 περιβλήματος
1159 2582 1235 2632 καὶ
1275 2583 1357 2644 τῆς
1398 2579 1691 2645 ἀνθρωπείας

101 2667 303 2732 μορφῆς,
353 2667 436 2728 τῆς
485 2666 546 2717 ὡς
598 2665 646 2714 ἐν
693 2662 826 2732 λόγῳ
878 2665 999 2732 φημὶ
1048 2668 1115 2732 τῷ
1172 2666 1362 2732 φυσικῷ
1416 2661 1686 2725 νοουμένης,

103 2745 396 2811 ἀπαιτούσης
430 2748 706 2812 ἀναγκαίως,
734 2745 945 2812 καθάπερ
978 2747 1026 2796 ἐν
1058 2745 1248 2813 χάριτος
1281 2745 1421 2811 μέρει,
1454 2742 1508 2794 τὸ
1546 2743 1690 2812 φύσει

154 2916 217 2947 1-4
236 2916 306 2938 om.
327 2904 367 2938 E.
532 2905 563 2938 6.
592 2902 642 2948 ἓν]
671 2910 700 2943 -1-
727 2903 830 2947 ε’σμεν
849 2902 915 2937 Ed.
934 2903 1044 2937 invito
1064 2903 1105 2936 E.
1269 2910 1298 2946 7.
1325 2901 1372 2936 εἷς
1390 2900 1423 2934 ἓν
1440 2898 1692 2942 τετελειωμένοι

104 2951 242 2985 inverso
260 2951 381 2985 ordine
400 2951 442 2984 E.

161 3018 253 3047 VOL.
277 3020 333 3048 111.
891 3018 916 3044 E
