2012 3272
480 153 855 195 FRAGMENTA
893 154 1318 197 HOMILIARUM.
1608 155 1690 198 475

105 262 415 328 ἀπλημμελές
458 264 486 327 ἡ
528 263 780 328 ἀνθρώπου
829 262 976 331 φύσις
1027 263 1189 329 εὑρέθη
1234 261 1572 326 πλουτήσασα,
1617 264 1694 312 καὶ

105 343 489 408 κεκαινοτόμηκεν
515 345 626 408 ἡμῖν
661 343 715 394 τὸ
749 344 912 408 μηκέτι
948 344 1032 406 μὲν
1063 348 1125 397 εἰς
1151 342 1264 412 ᾅδου
1290 343 1466 411 τρέχειν
1491 342 1574 397 τὰς
1599 347 1694 393 τῶν

104 425 341 488 σωμοῖτων
385 424 812 487 ἀπαλλαττομένας
856 424 1019 494 ψυχὰς
1071 425 1192 476 καθὰ
1236 427 1310 475 καὶ
1360 425 1536 490 πρώην,
1578 423 1694 487 πέμ-

103 511 279 557 πεσθαι
318 505 366 556 δὲ
401 511 594 570 μᾶλλον
620 509 681 560 εἰς
718 511 876 573 χεῖρας
903 510 1028 557 Θεοῦ
1055 506 1240 572 ζῶντος.
1296 508 1372 556 καὶ
1401 511 1538 557 τοῦτο
1564 505 1693 560 ειδως

64 588 131 649 5ὁ
176 586 311 653 ἅγιος
354 587 445 655 εφη
490 587 734 655 Στεφανος·
780 594 807 616 “
831 586 974 652 Κύριε
1018 588 1180 652 Ἰησοῦ
1225 587 1356 656 δέξαι
1405 588 1459 638 τὸ
1509 593 1693 651 πνεῦμα
1679 586 1916 687 ἓῗὸἯ-ξῖὢ

106 675 133 698 66

156 669 296 732 μου”’
368 670 443 719 καὶ
493 669 518 718 ὁ
569 667 795 733 μακάριος·
836 668 885 718 δε
930 667 1103 736 γράφει
1149 669 1330 734 Πετρος
1376 676 1403 698 “
1419 668 1575 720 Ώστε
1618 691 1692 719 και
1715 675 1776 748 {S-
1788 674 1916 705 Pet.1v.

107 749 426 817 66πάσχοντες’
460 748 580 800 κατὰ
605 748 791 812 θελημα
825 754 908 799 τοῦ
935 753 1061 800 Θεοῦ
1099 751 1259 818 πιστῶ
1293 772 1462 817 κτιστῃ
1496 772 1694 816 παρατι-
1736 727 1755 758 9

104 838 131 860 ιι
203 831 217 849 ‘
479 829 491 846 *
560 832 570 846 ‘
672 834 692 844 Α
875 830 888 844 ’
932 831 957 846 ”

158 835 414 883 θεσθωσαν
439 853 522 884 τας
548 853 724 881 εαυτων
749 833 927 898 ψυχας.

154 996 184 1019 1.
202 984 289 1018 Est
282 996 318 1018 1n
332 984 481 1018 Niketae
496 983 651 1018 Catena
644 996 680 1018 m
700 983 736 1018 S.
753 983 839 1018 Luc.
852 983 1083 1029 Evangelium
1100 984 1157 1029 (L.
1168 984 1227 1018 fol.
1241 985 1324 1030 529)
1344 984 1534 1019 scholion’
1515 999 1694 1030 ωριγενους

104 1045 158 1065 και
174 1031 358 1075 κυρίλλουε
383 1036 463 1075 post
480 1042 591 1075 pauca
608 1031 735 1075 priora,
748 1031 860 1075 pergit
878 1037 912 1064 et
928 1030 1017 1064 illud
1033 1031 1148 1075 ἐπειδὴ
1131 1031 1231 1076 ηγὰρ
1250 1032 1284 1065 ἐν
1301 1032 1389 1077 αὐτῷ
1408 1033 1446 1065 τὸ
1463 1032 1695 1075 ἀπλημμελές.

105 1088 184 1120 2.-4
209 1076 524 1122 μηκετι-μᾶλλον]
542 1076 737 1121 πέμπεσθαι
756 1077 904 1111 Niketas
925 1076 1004 1122 [L].
1170 1090 1204 1120 4.
1231 1067 1379 1123 ζῶντος]
1394 1082 1431 1116 -1-
1453 1078 1512 1113 τὰς
1528 1079 1696 1121 σωμάτων

103 1123 404 1167 ἀπαλλαττομένας
418 1124 538 1168 ψυχὰς
558 1123 591 1167 (e
609 1123 730 1168 supra)
751 1123 898 1157 Niketas
884 1123 993 1168 [L].
1090 1123 1123 1158 6.
1148 1123 1230 1169 μου]
1248 1125 1359 1168 pergit
1378 1123 1511 1158 diverse
1533 1124 1694 1160 Niketas.

105 1171 159 1204 καὶ
164 1169 252 1222 'alt.]
276 1175 313 1210 -ξ-
335 1171 366 1203 οἱ
385 1169 474 1203 Cod.
495 1169 603 1204 Coisl.
624 1169 671 1214 [C
674 1182 701 1203 r.
720 1168 937 1214 exhibente}
1196 1172 1229 1204 8.
1257 1170 1426 1204 Scholion
1452 1170 1695 1215 supradictum

103 1216 225 1261 incipit
250 1216 304 1250 his
323 1216 436 1250 verbls
457 1216 485 1249 L
502 1216 563 1250 fol.
582 1225 661 1260 529.
700 1215 790 1259 Αὕτη
817 1215 835 1259 ἡ
862 1214 993 1260 φωνὴὁ
978 1230 1018 1260 ην
1034 1216 1173 1260 εκραξεν
1198 1217 1253 1250 ἐπὶ
1278 1218 1325 1263 τῷ
1349 1219 1485 1262 σταυρῷ
1504 1217 1562 1252 Εἷς
1578 1219 1696 1261 χεῖράς

105 1277 171 1297 σου
195 1262 400 1307 παρατίθημι
425 1263 463 1296 τὸ
487 1264 617 1306 πνεῦμά
639 1277 704 1305 μου
729 1262 924 1296 διδασκει”
905 1277 957 1296 οτι
985 1263 1018 1296 αἱ
1043 1266 1109 1296 τῶν
1133 1262 1239 1307 ἁγίων
1262 1252 1376 1308 ψυχαὶ
1403 1263 1514 1296 οὐκέτι
1539 1264 1586 1298 εἷς
1610 1263 1695 1298 ἅδου

105 1309 357 1342 κατακλείονται
387 1308 471 1342 καθὰ
499 1309 553 1342 καὶ
581 1310 695 1353 πρώην
720 1307 812 1342 ἀλλὰ
841 1309 932 1353 παρὰ
959 1311 1005 1354 τῷ
1026 1311 1099 1354 Θεῷ
1130 1309 1209 1349 εἶσι,
1239 1309 1358 1343 τούτου
1385 1311 1566 1355 ’γεγονότος
1591 1311 1635 1344 ὡς
1660 1310 1695 1344 ἐν

104 1355 241 1399 ἀπαρχῇ
261 1355 296 1389 ἐν
311 1357 457 1401 χριστῷ,
477 1366 564 1399 quae
583 1355 619 1389 S.
636 1354 758 1400 Cyrilli
776 1355 830 1397 (ut
847 1355 987 1400 opinor)
1005 1360 1100 1398 sunt,
1119 1356 1193 1390 sive
1211 1367 1252 1389 ex
1275 1356 1416 1389 homilia
1439 1367 1511 1390 slve
1532 1367 1573 1389 ex
1591 1368 1695 1400 opere

105 1401 172 1436 alio
186 1401 381 1446 desumpta,
395 1402 494 1447 eique
509 1401 630 1436 tribuit
647 1407 680 1435 et.
695 1400 730 1435 S.
742 1401 896 1436 Thomas
908 1401 1094 1447 Aquinas
1087 1414 1124 1436 1n
1137 1402 1214 1437 Cat.
1229 1402 1342 1446 (Maio
1359 1403 1463 1438 citato
1476 1414 1511 1447 p.
1523 1401 1591 1447 436
1603 1403 1693 1447 not.)

841 3009 955 3049 31³2
