1981 3247
283 132 357 167 634

281 249 567 285 Haereticorum
623 251 735 286 verba
798 251 1037 292 subobscura,

333 319 511 362 tanquam
528 315 674 350 Lumen
695 315 900 351 metuentia
915 318 990 352 786
1004 327 1037 350 a.

280 378 489 415 Haereticis
519 379 734 422 dolendum,
768 393 844 415 non
877 380 1039 415 irascen-

333 443 421 479 dum
447 446 520 480 120
546 457 565 479 e
613 444 806 479 veritatem
835 444 1038 479 immistam

332 520 408 543 non
428 508 567 544 habent
587 507 628 544 M
650 511 712 544 89.

279 571 564 607 Haereticorum
585 572 723 620 scripta
741 572 890 608 fabulae
914 584 1037 607 merae

330 636 380 672 iii.
402 639 478 672 449
526 637 727 672 adventum
747 635 932 684 praedixit
953 635 1037 683 Spi-

331 700 424 736 ritus
446 700 606 736 Sanctus
628 701 675 736 iii.
700 704 788 737 451.

278 765 614 801 Hebdomadorum
670 766 746 801 sive
796 765 1036 801 Pentecostes

330 829 467 865 festum
491 832 566 866 206
589 842 621 867 c,

279 894 610 943 Hierosolymitani
637 894 789 930 Domini
818 894 935 929 nostri
966 894 1034 929 Po-

330 959 485 995 tentiam
521 959 693 994 Divinam
725 959 867 995 facilius
900 970 1036 1006 agnos—

330 1029 415 1059 cant
448 1026 632 1059 443—445
685 1023 768 1059 fidei
803 1022 938 1070 cupidi,
971 1035 1037 1070 per

331 1094 500 1137 pastores
534 1088 667 1135 perditi
703 1088 767 1123 sed
806 1087 1036 1135 perditorum

329 1152 380 1188 rei
402 1158 571 1199 pastores
594 1155 669 1188 444
691 1152 714 1187 b
729 1164 759 1187 c.

278 1217 466 1252 Historice
487 1217 595 1258 dicta,
617 1230 692 1252 non
718 1229 864 1264 semper
884 1217 931 1252 ad
951 1229 1034 1252 sen-

329 1294 412 1317 sum
443 1281 646 1329 spiritalem
675 1282 881 1323 tractanda,
905 1294 952 1317 ne
972 1283 1037 1317 fiat

329 1347 497 1383 confusio
519 1349 596 1383 600
618 1346 687 1387 bc,
710 1346 755 1382 cf.
779 1349 853 1382 601
878 1347 910 1382 b.

275 1414 297 1430 “
316 1411 440 1447 Hodie
461 1411 545 1459 Ego
566 1411 679 1459 genui
699 1411 787 1456 Te‚”
813 1411 923 1447 hodie
948 1411 1034 1459 quid

329 1476 378 1511 iii.
401 1479 488 1512 444.

275 1540 414 1581 Homo,
437 1541 533 1576 vitae
563 1541 693 1588 spiritu
723 1541 883 1588 primum
908 1541 1032 1589 signa-

327 1611 388 1642 tus
410 1608 459 1642 95
481 1618 503 1641 a
549 1618 592 1641 eo
622 1618 688 1653 per
716 1607 1032 1654 trangressionem

328 1670 511 1718 spoliatus
541 1673 589 1706 95
623 1670 644 1705 b
707 1671 865 1706 eundem
904 1671 1032 1707 Verbo

327 1747 438 1772 carne
471 1735 581 1776 facto,
614 1735 659 1770 de
689 1748 786 1770 novo
815 1748 881 1782 per
912 1735 1031 1782 Ipsius

327 1800 570 1836 Divinitatem
601 1799 722 1836 Carne
752 1800 872 1847 Ipsius
906 1801 1031 1837 minis-

326 1869 449 1899 trante
484 1864 617 1911 accipit
656 1867 704 1900 95
736 1865 834 1900 bcd
905 1865 1030 1901 Homo

326 1929 448 1964 factus
468 1929 580 1969 Deus,
602 1941 669 1963 nos
691 1929 780 1964 deos
799 1929 888 1964 facit
908 1932 957 1965 97
979 1942 1012 1965 a.

274 1994 401 2030 Homo
417 2006 464 2029 ex
477 1993 620 2028 duobus
636 1993 863 2041 compositus
877 2006 942 2041 per
955 1994 1029 2029 duo

326 2063 581 2106 regeneratur,
613 2070 678 2105 per
705 2057 883 2105 Spiritum
920 2058 1027 2106 spiri-

325 2130 398 2165 tus,
446 2135 513 2171 per
569 2135 699 2169 aquam
758 2123 1029 2158 sanctificatum

326 2200 462 2235 corpus
487 2190 560 2223 147
582 2199 601 2222 c
642 2199 726 2222 cum
757 2186 907 2222 homine
928 2200 1029 2223 com-

325 2257 476 2300 paratur
502 2263 577 2286 non
601 2251 804 2286 secundum
831 2252 1028 2287 essentiam

327 2317 392 2352 sed
413 2316 615 2351 secundum
637 2315 840 2351 adventitia
861 2319 936 2352 849
958 2329 991 2353 a.

273 2381 522 2417 Hora—non
542 2380 643 2415 horis
674 2380 738 2415 sed
759 2379 841 2415 Deo
862 2381 1030 2428 subjecta

325 2450 454 2480 nostra
469 2447 543 2479 453

326 2511 411 2544 Mea
423 2508 443 2521 ''
466 2509 510 2543 de
527 2508 824 2544 manifestatione
840 2508 917 2544 Sua
937 2510 1030 2546 dixit

326 2573 514 2610 Dominus
535 2574 611 2607 458
634 2572 657 2606 b
706 2572 810 2608 Hora
839 2573 875 2607 in
902 2573 1027 2621 Scrip-

324 2638 419 2674 turis
458 2636 594 2672 sanctis
631 2642 778 2683 tempus
811 2638 945 2684 cuique
976 2638 1029 2675 rei

325 2703 501 2738 idoneum
523 2703 597 2737 458
620 2713 650 2745 e,
674 2703 748 2736 459
771 2713 802 2736 a.

272 2768 395 2803 Horto
416 2766 465 2808 in,
488 2778 619 2813 passus
641 2765 811 2800 Christus
836 2768 933 2801 1011
957 2766 1026 2802 bc.

584 2446 604 2462 “
621 2444 803 2479 Nondum
818 2445 920 2481 venit
939 2446 1031 2483 hora

272 2830 529 2879 Hospitalitas,
569 2842 635 2877 per
673 2842 783 2877 quain
827 2830 1027 2866 amicitiam
1063 2843 1065 2878 j

809 131 1021 167 INDEX
1079 131 1322 168 RERUM.

325 2907 525 2943 supernam
544 2906 667 2931 emere
686 2894 771 2930 licet
793 2897 868 2931 275
890 2907 921 2930 c.

1552 146 1865 170 HAERETICORUM

1108 250 1283 287 Humana
1321 257 1453 287 natura
1486 258 1523 288 et
1554 252 1591 288 in
1622 252 1773 289 Christo
1809 254 1863 289 in-

1160 315 1268 350 firma
1289 318 1379 351 332.

1109 378 1271 414 Humilis
1293 379 1515 427 demissique
1545 381 1694 429 spiritus
1722 381 1865 418 fructus

1160 443 1397 491 praemiaque
1419 447 1494 480 237
1518 457 1536 480 c
1550 446 1583 480 d.

1108 507 1303 555 Hyssopus
1328 510 1428 544 1067
1451 521 1482 545 e.

1454 670 1514 705 IJ

1104 764 1232 801 JACOB
1267 767 1313 801 ad
1342 766 1482 803 fontem
1517 768 1650 804 sedens
1677 768 1861 812 Christus,

1159 829 1279 866 innuit
1309 830 1358 867 Se
1379 831 1494 867 Israel
1519 833 1671 869 omnino
1693 833 1864 870 deserere

1159 894 1346 930 nolentem
1373 898 1445 932 177
1469 896 1503 931 d.

1103 957 1295 1005 Jejunium
1323 981 1376 986 —
1404 960 1604 995 Abstinere
1665 961 1864 1008 aliquando

1160 1023 1247 1059 utile
1288 1036 1333 1059 ne
1376 1036 1444 1059 nos
1482 1025 1633 1060 vincant
1673 1025 1863 1072 passiones

1160 1093 1308 1122 nostrae
1322 1087 1364 1122 M
1380 1090 1429 1124 46
1450 1087 1503 1137 [p.
1519 1088 1630 1137 246}
1648 1089 1694 1125 cf.
1708 1089 1755 1125 iii.
1773 1091 1861 1127 596.

1103 1152 1309 1188 Jerusalem
1336 1153 1576 1189 tabernacula
1606 1166 1680 1189 non
1711 1154 1864 1190 mobilia

1159 1217 1248 1264 quid
1270 1220 1344 1253 428
1367 1230 1398 1253 c.

1104 1280 1226 1317 Jsssus
1243 1282 1459 1329 proficiebat
1472 1283 1652 1329 sapientia
1668 1289 1704 1318 et
1717 1283 1838 1331 gratia
1851 1296 1860 1328 ;

1158 1359 1231 1382 non
1261 1347 1426 1382 Verbum
1460 1359 1605 1394 semper
1637 1347 1860 1390 Perfectum,

1158 1424 1226 1447 nec
1265 1412 1443 1459 proficere
1488 1412 1619 1453 sciens,
1664 1412 1728 1448 sed
1777 1412 1862 1460 quia

1157 1476 1394 1512 manifestata
1425 1482 1481 1512 est
1514 1477 1634 1525 magis
1668 1477 1861 1525 magisque

1158 1541 1369 1577 hominibus
1401 1554 1511 1589 opera
1542 1541 1635 1589 Ejus
1669 1544 1719 1578 96
1751 1542 1806 1578 bis
1837 1543 1861 1578 d

1158 1606 1203 1641 ab
1234 1606 1278 1641 iis
1313 1606 1374 1653 qui
1412 1605 1448 1640 in
1479 1606 1713 1654 voluptatum
1743 1607 1860 1643 fluctu

1156 1671 1357 1706 volvuntur
1376 1683 1450 1706 non
1467 1671 1596 1712 aberit,
1612 1671 1676 1707 sed
1696 1671 1859 1708 claman-

1156 1736 1254 1771 tibus
1275 1735 1397 1772 veniet
1418 1738 1491 1772 291
1516 1748 1549 1773 a.

1102 1802 1122 1818 ‘⁶
1139 1801 1249 1836 Jesus
1262 1800 1338 1835 vita
1352 1800 1373 1812 ''
1392 1813 1484 1847 quae
1500 1800 1543 1835 M
1558 1803 1608 1837 95
1626 1801 1687 1837 fin.
1723 1813 1860 1837 nomen

1155 1877 1293 1900 novum
1314 1864 1361 1900 iii.
1379 1867 1454 1901 403
1495 1865 1642 1912 quando
1662 1865 1790 1902 datum
1811 1866 1859 1903 iii.

1156 1932 1245 1965 514.

1102 1994 1206 2042 Ignis
1235 2006 1341 2030 urere
1370 2007 1445 2029 non
1474 2000 1594 2030 cessat
1625 2007 1693 2030 nec
1718 2008 1739 2030 a
1759 1995 1854 2042 sapi-

1154 2058 1273 2094 entiae
1293 2058 1399 2094 factis
1420 2059 1605 2106 Sapientia
1629 2062 1702 2095 177
1725 2072 1756 2095 a.

1102 2128 1124 2142 “
1147 2123 1280 2171 Ignem
1310 2124 1395 2158 veni
1429 2123 1576 2159 mittere
1610 2124 1646 2158 in
1675 2130 1813 2160 terram
1835 2124 1856 2137 ”

1158 2190 1230 2224 192
1253 2200 1284 2224 a.

1100 2252 1206 2300 Ignis
1232 2252 1276 2287 de
1298 2252 1377 2287 Deo
1400 2254 1475 2288 258
1497 2252 1520 2287 b
1568 2253 1755 2299 quomodo
1786 2253 1857 2290 Dei

1153 2316 1399 2364 praesentiam
1420 2316 1615 2352 adumbret
1637 2319 1725 2354 780.

1102 2381 1205 2429 Ignis
1248 2380 1360 2428 lignis
1399 2393 1438 2416 se
1483 2380 1699 2423 immittens,
1740 2394 1855 2430 eaque

1153 2451 1329 2492 tanquam
1345 2445 1382 2480 in
1403 2457 1441 2480 se
1458 2450 1722 2488 transmutans,
1740 2447 1856 2482 Verbi

1152 2509 1369 2545 humilitatis
1399 2515 1549 2544 nostrae
1577 2521 1711 2556 corpus
1740 2510 1855 2546 vivifi-

1152 2574 1271 2609 cantis
1290 2579 1399 2621 typus
1421 2575 1470 2609 95
1492 2586 1522 2609 c.

1098 2638 1203 2685 Ignis
1242 2637 1413 2684 calorque
1444 2639 1525 2685 ejus
1558 2645 1669 2686 typus
1700 2639 1781 2675 Filii
1814 2638 1854 2675 in

1152 2701 1263 2738 Patre
1285 2701 1478 2738 existentis
1502 2704 1587 2740 128.

1098 2766 1202 2813 Ignis
1231 2766 1393 2802 calorem
1422 2780 1530 2802 suum
1564 2780 1680 2815 aquae
1714 2768 1850 2816 imper-

1150 2831 1256 2871 tiens,
1288 2836 1398 2879 typus
1430 2831 1590 2879 Spiritus
1628 2832 1666 2867 in
1704 2833 1852 2880 Baptis-

1151 2900 1251 2931 mate
1296 2895 1523 2943 operationis
1557 2898 1630 2932 147
1661 2897 1685 2932 d
1739 2901 1850 2945 typus
