2012 3272
119 160 145 200 i.
170 173 202 199 1.
435 158 506 199 IN
546 156 888 199 EPISTOLAM
930 156 1011 197 AD
1054 156 1387 196 HEBRAEOS.
1622 157 1705 197 363
1842 219 1862 250 B

1738 220 1828 260 [107
1864 220 1919 261 L]

118 267 348 332 Χριστός·
399 265 619 331 περιττὴν
645 265 924 334 ἀποφαίνων
958 264 1043 329 τὴν
1079 267 1141 318 ὡς
1175 267 1225 316 ἐκ
1266 265 1414 316 τύπου
1451 267 1527 315 καὶ
1566 270 1706 318 σκιᾶς

117 347 494 415 χρειωδεστάτην
535 352 632 400 τοῖς
673 345 823 398 πάλαι
865 346 1157 415 παράδειξιν.
1208 347 1468 410 καθίστησι
1503 347 1552 397 δὲ
1587 346 1705 412 πρὸς

116 430 268 498 τούτῳ
295 431 370 480 καὶ
411 435 549 480 τοῦτο
587 429 698 493 ἡμῖν
724 426 926 494 ἐναργὲς,
954 427 1025 479 ὅτι
1052 430 1128 478 καὶ
1160 433 1256 481 τοῖς
1291 430 1339 478 ἐν
1366 428 1492 497 νόμω
1523 433 1698 488 βεβιω-

117 511 225 562 κόσι
252 515 497 577 λαμπρῶς,
524 510 830 574 συμβέβηκεν
857 510 943 577 οὐχ
969 510 1136 575 ἑτέρως
1162 508 1216 560 τὸ
1243 511 1291 560 ἐν
1317 510 1542 563 εὐκλείαις
1569 510 1698 574 γενέ-

75 605 98 643 5
116 597 232 644 σθαι
264 596 339 644 καὶ
374 593 644 655 εὐδοκιμεῖν,
670 591 800 655 πλὴν
827 591 897 642 ὅτι
930 591 1004 642 διὰ
1030 595 1112 656 τῆς
1137 592 1342 645 πίστεως
1368 595 1450 655 τῆς
1476 596 1538 646 εἰς
1565 592 1703 654 Θεὸν,

116 677 190 726 καὶ
217 674 288 725 ὅτι
314 673 475 742 χρῆμά
506 676 636 724 ἐστιν
660 676 856 740 ἀρχαῖον
883 674 910 737 ἡ
936 674 1098 727 πίστις
1124 676 1200 724 καὶ
1225 679 1321 727 τοῖς
1348 674 1496 740 ἁγίοις
1521 673 1703 738 πατρά-

114 779 196 807 σιν
234 756 455 823 ἐντριβές.
512 756 595 806 οὐκ
645 755 884 822 ἐχρήσατο
929 754 977 805 δὲ
1026 760 1127 808 ταῖς
1170 756 1541 818 κατειθισμέναις
1579 756 1704 824 αὐτῷ

115 840 280 906 ἀρχαῖς
318 861 367 889 τε
407 840 482 888 καὶ
520 837 796 903 προοιμίοις,
832 835 1078 902 ἐπειδήπερ
1108 839 1156 887 ἐν
1191 837 1418 905 ὑποψίαις
1457 860 1505 887 τε
1544 835 1602 900 ἧν
1629 838 1704 887 καὶ

116 923 363 981 διαβολαῖς
399 919 529 985 παρὰ
566 923 662 972 τοῖς
700 917 994 969 πιστεύσασι
1033 922 1128 969 τῶν
1152 919 1392 969 Ἰουδαίων
1419 921 1481 972 ὡς
1519 924 1616 972 τοῖς
1650 919 1704 987 ἐξ

50 1003 261 1052 ιοέθνῶν
291 1002 633 1067 προσκείμενον
672 1002 748 1050 καὶ
787 998 1075 1050 διδάσκοντα
1111 999 1292 1054 πάντας
1331 1003 1549 1068 πανταχῆ
1589 1001 1700 1066 παρ’
1723 1012 1770 1086 ἓξ-
1788 1013 1876 1085 acta

115 1083 247 1134 οὐδὲν
272 1083 492 1148 ἡγεῖσθαι
518 1080 601 1133 τὸν
636 1080 781 1145 νόμον
808 1083 883 1132 καὶ
918 1086 1013 1132 τῶν
1039 1081 1123 1144 μὲν
1149 1080 1383 1151 πατρῴων
1409 1084 1526 1133 ἐθῶν
1553 1085 1615 1135 ὡς
1641 1086 1701 1132 εἰ-
1722 1067 1861 1129 2011.sz

115 1164 257 1215 καίων
288 1168 614 1232 καταφρονεῖν,
639 1163 711 1232 ἐφ’
738 1162 897 1229 ἑτέραν
922 1162 970 1214 δὲ
1006 1163 1170 1230 ὥσπερ
1204 1165 1317 1215 ἱέναι
1346 1164 1524 1230 τρίβον,
1554 1166 1616 1217 ὡς
1652 1164 1702 1215 ἐκ

114 1251 210 1297 τῶν
234 1244 453 1314 πράξεων
482 1250 576 1296 τῶν
602 1245 892 1296 ἀποστόλων
917 1245 1055 1296 τοῦτό
1085 1247 1188 1296 ἐστι
1219 1250 1518 1306 καταμαθεῖν.
1574 1249 1698 1295 οἶκο-

116 1328 410 1390 νομικώτατα
450 1328 606 1378 τοίνυν
645 1325 951 1393 περιστέλλει
998 1326 1057 1377 τὰ
1101 1327 1302 1391 συνήθη,
1353 1330 1427 1377 καὶ
1473 1327 1701 1392 σεσίγηκε

50 1431 95 1470 15
114 1410 200 1474 μὲν
236 1413 320 1474 τῆς
355 1411 632 1472 ἀποστολῆς
665 1407 752 1472 τὴν
785 1407 938 1475 χάριν·
989 1408 1221 1476 κεχώρηκε
1248 1408 1296 1459 δὲ
1329 1413 1520 1472 μᾶλλον
1546 1410 1619 1459 ἐπὶ
1646 1406 1700 1458 τὸ

114 1495 383 1555 μεμνῆσθαι
422 1494 516 1542 δεῖν
547 1491 763 1556 πατέρων
801 1513 849 1540 τε
889 1491 967 1540 καὶ
1002 1494 1264 1556 προφητῶν
1300 1491 1460 1555 ἁγίων,
1488 1490 1694 1555 εὐπαρά-

115 1577 278 1624 δεκτον
310 1572 507 1624 ἔσεσθαι
547 1572 630 1623 τὸν
665 1571 813 1637 λόγον
845 1572 1000 1625 αὐτοῖς
1039 1570 1115 1621 διὰ
1152 1571 1320 1623 τούτου
1357 1571 1696 1626 πεπιστευκώς.

114 1655 206 1724 ἔφη
231 1660 347 1721 γοῦν

367 1825 567 1867 Λαλύσαο
603 1821 691 1866 τοῖς
729 1825 942 1881 Πατράσιν
979 1825 1025 1865 ὲν
1063 1822 1152 1866 τοῖς
1191 1826 1455 1882 Προφήταις.
1725 1832 1827 1881 Κεφ.
1852 1827 1902 1869 α’.

47 1968 96 1993 20
194 1937 444 2002 Λελοῖληκε
475 1937 559 2001 μὲν
585 1938 610 1988 ὁ
638 1936 760 1991 Θεὸς
793 1943 890 1992 τοῖς
924 1938 1241 2006 ἀρχαιοτέροις
1276 1940 1324 1989 ἐν
1352 1939 1593 2001 Πνεύματι
1628 1938 1704 1989 διὰ

114 2019 353 2084 στόματος
394 2020 541 2085 ἁγίων
584 2021 660 2070 καὶ
705 2019 782 2070 διὰ
822 2022 983 2089 φωνῆς
1020 2024 1296 2088 προφητῶν,
1336 2022 1412 2071 καὶ
1455 2026 1570 2086 γοῦν
1611 2021 1703 2089 ε”φη

114 2103 169 2153 δι’
205 2101 305 2156 ἑνὸς
343 2103 497 2152 αὐτῶν
531 2100 615 2155 τὰς
653 2105 748 2152 τῶν
784 2102 1025 2153 Ἰουδαίων
1063 2102 1285 2155 ἀπονοίας
1321 2102 1554 2168 ἐντρέπων
1592 2106 1901 2184 ιιΟὶέἣθὴ-ἰ-ὅ»

115 2190 141 2213 “
165 2183 360 2250 πατέρες
397 2184 526 2246 ὑμῶν
564 2188 656 2233 ποῦ
695 2187 786 2233 εἱσι
825 2185 902 2233 καὶ
946 2186 989 2232 οὶ
1033 2185 1277 2249 προφῆται
1320 2182 1385 2246 μὴ
1427 2182 1510 2233 τὸν
1556 2187 1702 2234 αἰῶνα
1744 2177 1751 2184 ’

115 2271 141 2294 “
167 2264 389 2331 ζήσονται
411 2286 423 2326 ;
467 2262 597 2328 πλὴν
628 2263 688 2314 τὰ
719 2262 892 2327 νόμιμά
926 2286 1016 2325 μου
1043 2265 1119 2314 καὶ
1144 2263 1203 2314 τὰ
1225 2263 1578 2329 προστάγματα
1608 2287 1700 2328 μου

47 2368 95 2406 25
114 2352 142 2374 “
168 2345 361 2413 δέχεσθε
390 2344 484 2396 ὅσα
515 2344 608 2410 ἐγὼ
634 2345 921 2408 ἐντέλλομαι
947 2346 996 2395 ἐν
1021 2344 1254 2408 πνεύματί
1274 2368 1366 2408 μου
1391 2349 1487 2399 τοῖς
1513 2345 1700 2399 δούλοις

114 2433 142 2456 “
166 2450 258 2490 μου
296 2432 392 2480 τοῖς
428 2425 741 2495 προφήταις.”
802 2426 913 2476 ἀλλ’
954 2430 991 2476 εὶ
1030 2428 1104 2476 καὶ
1143 2426 1201 2491 ἧν
1237 2426 1285 2476 ἐν
1325 2425 1565 2488 Πνεύματι
1603 2431 1701 2480 τοῖς

114 2509 427 2576 ἀρχαιοτέροις
465 2511 548 2572 τῆς
585 2507 875 2576 προφητείας
913 2508 940 2571 ἡ
979 2507 1127 2575 χάρις,
1166 2508 1220 2558 οὐ
1257 2508 1423 2572 γε’γονε
1461 2509 1570 2576 δίχα
1617 2514 1699 2559 τοῦ

114 2593 164 2642 ἐκ
200 2590 389 2657 Πατρὸς
427 2589 562 2644 ὄντος
587 2593 714 2640 Θεοῦ
741 2589 922 2654 Λόγου·
975 2594 1120 2639 λαλεῖ
1152 2588 1245 2654 γὰρ
1284 2589 1432 2654 ἁγίοις
1472 2589 1700 2643 ὡσαύτως

115 2670 170 2722 τὸ
198 2676 394 2734 Πνεῦμα
420 2672 578 2722 αὐτοῦ.
632 2673 707 2721 καὶ
735 2671 788 2721 οὐ
816 2669 966 2734 δήπου
993 2671 1110 2739 φαίη
1136 2693 1205 2724 τις
1237 2668 1295 2720 ἂν
1321 2668 1363 2720 εἴ
1384 2692 1437 2734 γε
1466 2676 1576 2720 νοῦν
1603 2670 1701 2737 ε”χοι

49 2776 99 2812 30
117 2755 178 2807 ὡς
215 2752 269 2804 τὸ
296 2756 492 2816 Πνεῦμα
524 2749 578 2802 τὸ
601 2749 762 2817 Ἅγιον
800 2750 1088 2818 ὑπουργικὴν
1126 2755 1188 2804 εἷς
1226 2752 1346 2815 ἡμᾶς
1384 2752 1701 2816 ἀποπεραῖνον

216 2922 268 2946 11.
295 2911 398 2946 ἐθνῶν
416 2909 505 2955 (sie)
526 2909 584 2944 Cr.
811 2910 863 2944 16.
891 2911 941 2944 δεῖ
960 2909 1018 2944 Cr.
1214 2961 1216 2963 Ι
1245 2921 1298 2944 20.
1325 2922 1343 2944 e
1361 2921 1389 2944 c.
1409 2909 1467 2943 fol.
1488 2907 1554 2953 236
1573 2920 1604 2941 v.

855 2978 877 3018 3
901 2978 927 3004 Λ
952 2977 973 3006 2
