2012 3272
122 127 176 166 ix.
207 140 267 176 14,
290 136 352 179 15.
455 125 524 165 IN
561 124 904 165 EPISTOLAM
941 123 1023 163 AD
1063 123 1369 164 ROMANOS.
1624 125 1707 164 227

118 233 397 299 θελημάτων
423 233 756 296 ἀβασανίστου
791 236 947 299 τυχεῖν
972 231 1055 283 τὸν
1081 231 1256 293 Ἰακὼβ
1294 235 1370 283 καὶ
1410 230 1493 282 τὸν
1519 231 1702 295 εΗσαῦ,

117 318 192 367 καὶ
229 315 312 366 τὸν
340 315 426 379 μὲν
451 316 730 381 ἠγαπῆσθαι
770 315 862 383 ἰδίᾳ
896 314 1052 382 χοίριτι
1080 314 1415 368 κατανεύοντος
1445 319 1528 365 τοῦ
1564 317 1706 376 Θεοῦ,

117 396 200 448 τὸν
233 397 282 448 δὲ
313 400 626 461 μεμισῆσθαι,
655 400 954 462 προαναιρῶν
980 396 1244 462 ἀναγκαίως
1280 398 1304 447 6
1336 395 1609 448 ἀπόστολος
1645 396 1708 449 ὡς

117 479 330 545 ὀλέθριον
357 479 444 543 τὴν
471 481 544 531 ἐπὶ
583 478 734 548 τούτῳ
774 478 1020 545 διάληψιν,
1047 484 1147 533 ταῖς
1187 479 1366 529 ἀνωθεν
1392 477 1578 547 ψήφοις
1603 499 1705 528 πει-

75 580 97 618 5
117 565 254 627 ρᾶται
288 566 584 627 συνηγορεῖν,
611 566 707 614 τοῖς
739 561 882 611 αὐτοῦ
909 559 1070 626 λόγοις
1097 559 1151 611 τὸ
1178 560 1514 629 ἀντιφέρεσθαι
1542 561 1711 610 δοκοῦν

118 643 260 694 οἱονεί
286 666 387 697 πως
419 640 720 696 ἀντανιστάς·
761 645 798 693 εἰ
828 641 921 708 γὰρ
948 641 1018 706 δὴ,
1048 645 1185 711 φησὶ,
1214 644 1290 693 καὶ
1322 642 1434 708 πρίν
1459 664 1503 691 τι
1535 640 1709 707 δράσαι

117 723 176 775 τὰ
209 725 368 794 βρέφη
408 726 484 775 καὶ
520 722 614 790 πρὸ
650 724 813 790 πείρας
849 725 992 788 αὐτῆς
1022 726 1097 775 καὶ
1124 723 1435 791 πραγμάτων,
1464 724 1489 773 6
1516 722 1601 786 μὲν
1627 725 1711 786 τῆς

118 806 306 871 ἀγάπης
344 806 530 873 ἠξίωτο,
560 807 584 856 6
618 805 666 857 δὲ
700 806 970 870 μεμίσηται,
1006 806 1202 857 τέτακτο
1238 805 1287 857 δὲ
1324 808 1401 856 καὶ
1435 810 1496 858 εἷς
1538 808 1711 855 δοῦλον

118 891 184 958 τῷ
216 888 464 951 ἐλάσσονι,
491 888 615 956 τάχα
648 911 754 950 που,
783 891 921 956 φησι,
949 889 1026 938 καὶ
1059 888 1217 942 ἄδικος
1244 890 1269 938 6
1298 885 1436 941 Θεός·
1479 885 1578 937 εἶτα
1609 891 1711 940 πῶς

51 998 99 1022 10
119 975 255 1021 τοῦτο
281 971 364 1021 οὐκ
391 971 702 1035 ἀπόπληκτον
724 991 736 1031 ;
780 972 818 1020 εὶ
849 968 934 1032 μὲν
958 968 1052 1035 γὰρ
1077 970 1131 1021 οὐ
1166 970 1359 1036 γε’γονεν
1387 967 1505 1035 ἀνὴρ
1532 968 1711 1034 ἀγαθὸς

119 1052 144 1102 6
173 1052 362 1115 Ἰακὼβ,
390 1056 427 1103 εἰ
461 1052 525 1117 μὴ
564 1050 769 1119 πονηρὸς
803 1053 827 1102 6
854 1052 1035 1114 εΗσαῦ,
1064 1053 1180 1120 φαίη
1213 1075 1281 1105 τις
1318 1050 1375 1102 ἂν
1408 1050 1594 1104 εἰκότως
1623 1073 1708 1102 πε-

117 1137 396 1198 πλανῆσθαι
433 1133 557 1202 τάχα
595 1156 689 1185 που
722 1133 809 1198 τὴν
839 1133 1132 1199 πρόγνωσιν,
1160 1136 1236 1185 καὶ
1263 1136 1411 1201 ῥοπῆς
1438 1134 1610 1186 εἰκαίας
1636 1134 1711 1183 καὶ

119 1216 400 1281 θελημάτων
441 1217 523 1267 οὐκ
574 1218 817 1284 ἀσφαλῶν
861 1216 1000 1282 ἔργον
1044 1215 1261 1282 γενέσθαι
1318 1215 1377 1266 τὰ
1417 1214 1486 1266 ἐπ’
1532 1216 1712 1284 ἀμφοῖν

121 1298 371 1363 ὡρισμένα·
412 1297 568 1362 ἐπειδὴ
605 1298 652 1349 δὲ
677 1296 843 1351 σκαιὸς
878 1297 963 1361 μὲν
989 1296 1046 1361 ἧν
1073 1298 1181 1349 λίαν
1214 1300 1238 1349 6
1273 1299 1451 1360 Ἡσαῦ,
1479 1296 1636 1364 σοφὸς
1663 1296 1712 1346 δὲ

54 1402 100 1441 15
123 1380 147 1430 6
172 1379 359 1443 Ἰακὼβ,
387 1379 652 1444 ἀδικήσειεν
684 1378 742 1431 ἂν
776 1380 803 1443 ἡ
839 1385 922 1431 τοῦ
949 1383 1075 1431 Θεοῦ
1109 1379 1384 1447 πρόγνωσις
1423 1378 1476 1430 τὸ
1515 1378 1714 1441 σύμπαν

122 1462 267 1525 οὐδὲν,
291 1461 568 1529 χαριζομένη
608 1464 683 1512 καὶ
721 1460 815 1528 πρὸ
841 1467 1002 1527 καιροῦ
1029 1465 1095 1530 τῷ
1135 1461 1220 1525 μὲν
1246 1463 1411 1530 ἀγαθῷ
1450 1459 1559 1514 τοὺς
1597 1458 1707 1526 τρό-

121 1566 237 1598 πους
262 1543 315 1595 τὸ
342 1546 620 1610 ἀγαπᾶσθαι
644 1547 751 1606 δεῖν,
772 1545 838 1612 τῷ
864 1543 912 1594 δὲ
938 1543 1003 1607 μὴ
1024 1544 1218 1613 τοιούτῳ
1245 1542 1299 1593 τὸ
1326 1542 1708 1608 κατακρίνεσθαι·

121 1625 457 1694 ἀνεξικακῆσαι
497 1625 583 1688 μὲν
627 1624 720 1692 γὰρ
765 1624 848 1676 τὸν
896 1624 1039 1688 Θεὸν,
1084 1627 1160 1676 καὶ
1204 1624 1288 1675 τὸν
1331 1629 1425 1675 τῶν
1467 1622 1714 1690 δρωμένων

120 1711 379 1773 περιμεῖναι
421 1707 582 1773 καιρὸν
626 1706 840 1774 χαλεπὸν
884 1706 1030 1769 οὐδὲν,
1076 1706 1153 1757 ἵνα
1204 1706 1261 1776 ἐξ
1303 1707 1457 1757 αὐτῶν
1501 1705 1715 1771 ἑκάτερος

53 1822 103 1847 20
123 1789 413 1857 διαφαίνοιτο
432 1794 527 1840 τῶν
547 1787 858 1856 πραγμάτων.
901 1788 1057 1853 ἐπειδὴ
1085 1788 1134 1840 δὲ
1155 1787 1211 1853 ἧν
1235 1790 1492 1854 ἀναγκαῖον
1511 1789 1594 1851 τῆς
1615 1788 1714 1837 κατ’

121 1871 322 1936 ἐκλογὴν
347 1871 536 1939 χάριτος
562 1874 637 1922 καὶ
664 1873 747 1934 τῆς
772 1872 821 1921 ἐν
844 1871 1119 1937 προγνώσει
1146 1874 1321 1937 δωρεᾶς
1353 1873 1713 1934 προανατυποῦ-

122 1956 238 2002 σθαι
272 1952 326 2003 τὸ
358 1952 636 2018 μυστήριον,
662 1953 880 2021 ταύτῃτοι
912 1953 1160 2020 χρησίμως
1186 1954 1210 2003 ὁ
1237 1957 1331 2003 τῶν
1356 1949 1579 2002 τοιούτων
1606 1950 1716 2013 ἡμῖν

124 2034 462 2102 ἀριστοτέχνας
489 2033 625 2097 Θεὸς,
645 2036 894 2102 μονονουχὶ
916 2037 991 2086 καὶ
1015 2034 1321 2101 ἐπεδράττετο
1341 2039 1424 2084 τοῦ
1445 2037 1619 2099 καιροῦ,
1640 2034 1716 2083 καὶ

124 2117 172 2166 ἐν
196 2120 253 2183 τῇ
279 2121 374 2167 τῶν
401 2118 583 2168 παίδων
613 2115 798 2181 γενέσει
823 2115 1223 2184 πεπληροφόρηκε
1250 2115 1332 2167 τὸν
1357 2113 1540 2175 Ἰσαὰκ,
1566 2116 1627 2167 ὡς
1653 2113 1716 2167 εἷς

58 2222 104 2261 25
124 2220 173 2248 τε
217 2200 291 2249 καὶ
342 2197 484 2263 μόνος
535 2198 760 2266 ὑπάρχων
809 2198 866 2266 ἐξ
909 2197 1152 2264 “Αβραάμ,
1198 2195 1530 2264 ἀναριθμήτων
1580 2195 1715 2245 ε”σται

124 2278 280 2346 πατὴρ
311 2281 460 2331 ἐθνῶν
493 2284 586 2331 τῶν
621 2280 678 2348 ἐξ
711 2279 1000 2344 ἐπαγγελίας
1037 2281 1112 2330 καὶ
1151 2282 1213 2334 ὡς
1251 2281 1299 2330 ἐν
1336 2278 1497 2329 πίστει
1534 2281 1714 2341 κληθη-

125 2363 353 2424 σομένων·
393 2366 430 2413 εὶ
455 2361 503 2413 δὲ
529 2361 586 2425 δὴ
613 2361 732 2412 κατὰ
758 2365 940 2426 γνῶσιν
966 2361 1043 2415 οῦς
1070 2361 1127 2412 ἂν
1152 2361 1308 2412 ἕλοιτο
1335 2358 1491 2427 τυχὸν,
1520 2364 1712 2423 μᾶλλον

127 2442 175 2494 δὲ
213 2445 289 2494 καὶ
327 2443 394 2497 οἷς
429 2442 486 2494 ἂν
512 2441 698 2497 εἰκότως
731 2442 785 2495 τὸ
825 2445 1060 2494 ἐλεεῖσθαι
1097 2442 1283 2510 πρέποι,
1322 2442 1529 2508 οἶκτείρει
1567 2441 1714 2492 πάλιν

178 2621 208 2645 Ι.
233 2612 338 2657 τυχὸν
354 2611 398 2645 Α.
462 2614 522 2646 τοῦ
540 2612 648 2648 lamb&
665 2613 718 2647 καὶ
735 2614 794 2647 τοῦ
813 2612 858 2646 A.
994 2624 1025 2646 2.
1053 2611 1291 2648 κατανεύοντος
1306 2614 1366 2646 τοῦ
1385 2614 1473 2646 Θεοῦ
1491 2616 1714 2657 assumptum

129 2668 171 2691 ex
188 2657 232 2692 A.
374 2669 408 2702 3.
432 2659 609 2700 μισεῖσθαι
627 2660 671 2693 A.
827 2658 860 2693 6.
886 2659 1048 2694 ἇνθιστάς
1066 2660 1110 2693 Α.
1267 2670 1298 2704 7.
1325 2674 1378 2692 και
1395 2660 1461 2703 πρὸ
1478 2659 1597 2703 πείρας
1613 2659 1714 2701 αὐτῆς

129 2704 182 2737 καὶ
197 2718 405 2758 πραγματων
420 2717 490 2739 om.
507 2706 551 2739 A.
695 2706 729 2740 8.
754 2704 893 2750 ἠξίωται
912 2706 956 2740 A.
1100 2717 1133 2750 9.
1160 2706 1250 2751 φησι
1268 2711 1348 2750 post
1365 2709 1435 2740 πῶς
1452 2704 1651 2748 transponit
1669 2705 1713 2738 A.

134 2761 186 2792 14.
212 2749 324 2784 λίαν’
306 2766 345 2793 ην
361 2751 500 2785 inverso
518 2751 641 2786 ordine
658 2752 702 2785 A.
1012 2751 1065 2786 16.
1091 2752 1198 2793 οὐδὲν,
1217 2751 1434 2796 χαριζομενη]
1455 2767 1494 2785 ου
1511 2750 1713 2796 χαριζομενη

133 2796 345 2852 (perperam)
364 2798 407 2831 A.
580 2808 632 2843 1.7
659 2799 729 2832 δεῖν
746 2810 815 2832 om.
834 2798 878 2832 A.
1023 2810 1079 2832 22.
1103 2798 1180 2841 ἡμῖν
1197 2805 1417 2842 assumptum
1437 2810 1478 2831 ex
1496 2798 1539 2830 A.
1588 2796 1714 2829 Statim

130 2841 371 2901 ἀριστοτέχνης
396 2844 440 2877 A.
465 2844 589 2889 Migne
614 2857 632 2878 e
658 2857 724 2879 suo
749 2844 810 2878 sed
837 2846 880 2878 cf.
907 2856 1013 2889 supra
1038 2845 1073 2878 in
1101 2845 1137 2879 S.
1155 2845 1259 2879 Joan.
1286 2844 1352 2889 296
1370 2845 1405 2887 b
1431 2845 1498 2878 vol.
1517 2844 1538 2876 i
1558 2852 1636 2885 435,
1661 2851 1713 2885 17.

133 2888 187 2922 26.
212 2890 256 2925 ὡς
274 2890 328 2923 καὶ
344 2891 483 2924 inverso
501 2891 623 2925 Ordine
640 2891 684 2925 A.
759 2890 1071 2936 κληρωθησομενων
1089 2892 1132 2925 A.
1375 2892 1429 2924 28.
1456 2891 1558 2923 πάλιν
1577 2890 1618 2923 ὡς
1639 2887 1714 2922 θεὸς

132 2946 201 2969 om.
220 2938 263 2970 A.

863 3004 985 3044 (²3²2

1743 189 1815 231 [36
1829 189 1909 229 M.]
