1981 3267
262 135 316 173 76
663 133 713 174 B.
745 133 1021 174 CYRILLI
1063 133 1446 174 ALEXANDR.
1673 134 1841 187 xiX.15.

216 240 385 307 bdsspav
417 245 491 293 καὶ
531 241 616 307 τὴν
646 244 821 309 ἡμέραν
852 245 877 294 ὁ
913 243 1164 298 θεσπέσιος
1199 244 1558 311 Εὑαγγελιστὴς
1598 245 1843 313 χρησίμως

261 326 336 374 καὶ
375 326 650 391 ἀναγκαίως,
686 325 761 376 διά
798 349 848 376 τε
888 325 1032 389 αὐτὴν
1069 325 1154 390 τὴν
1193 326 1475 389 ἀνάστασιν,
1507 330 1582 378 καὶ
1621 326 1675 377 τὸ
1712 326 1844 391 παρὰ

260 411 355 459 τοῖς
391 407 686 474 ὑποχθονίοις
718 408 980 473 τριήμερον,
1007 406 1081 458 ἵνα
1116 408 1339 476 φαίνηται
1373 407 1520 460 πάλιν
1547 408 1792 473 ἀληθεύων
1817 409 1842 459 ὁ

36 484 195 515 ὅῶἶῑιὴίἰὶ.

35 528 92 558 xii.
109 538 160 567 40-
263 488 437 554 Κύριος
468 495 564 543 τοῖς
591 490 831 543 Ἰουδαίοις
867 490 1009 541 εἰπών
1036 497 1062 518 “
1080 489 1273 556 ”Ώσπερ
1308 489 1402 557 γὰρ
1435 489 1492 554 ἦν
1516 492 1678 544 Ἰωνᾶς
1712 491 1760 541 ἐν
1785 494 1843 558 τῇ

1862 591 1884 628 tn

259 578 285 599 ‘⁶
312 571 467 639 κοιλίᾳ
508 577 592 622 τοῦ
632 572 798 635 κήτους
836 576 957 637 τρεῖς
995 571 1166 639 ἡμέρας
1205 574 1281 622 καὶ
1319 577 1439 638 τρεῖς
1478 571 1659 634 νύκτας,
1698 573 1843 626 οὕτως

257 658 285 680 “
310 651 443 703 ἔσται
471 654 546 703 καὶ
575 654 599 703 ὁ
628 653 722 706 υἱὸς
750 659 833 704 τοῦ
860 653 1114 719 ἀνθρώπου
1138 655 1186 704 ἐν
1211 658 1270 722 τῇ
1297 655 1463 723 καρδίᾳ
1488 657 1570 718 τῆς
1601 657 1689 720 γῆς
1719 659 1842 720 τρεῖς

257 741 283 762 “
310 734 483 800 ἡμέρας
521 737 596 786 καὶ
630 740 751 802 τρεῖς
787 734 1001 789 νύκτας.”
1042 737 1110 787 ἐπ’
1139 737 1281 787 αὐτοῦ
1313 735 1361 787 δὲ
1396 738 1467 788 τοῦ
1496 739 1706 804 βήματος
1736 738 1839 788 ἐπι-

256 816 414 885 δείξας
460 816 541 867 τὸν
585 818 776 881 Ἰησοῦν
817 819 842 868 ὁ
885 819 1132 881 “Ρωμαίων
1175 817 1446 884 στρατηγός
1487 815 1580 870 Ἴδε
1624 820 1775 889 φησὶν
1823 825 1841 871 ὁ

256 897 479 956 βασιλεὺς
514 898 645 967 ὑμῶν.
700 901 775 950 καὶ
813 900 863 951 τί
896 898 952 964 δὴ
991 905 1130 951 τοῦτο
1167 899 1315 952 πάλιν
1346 901 1509 962 ἐστίν;
1552 899 1581 964 ἢ
1617 900 1712 967 γὰρ
1746 904 1843 954 τοῖς

216 978 418 1047 οὸχλοις
457 981 739 1048 προσπαίζει
779 981 950 1033 λοιπὸν
989 984 1063 1033 καὶ
1104 983 1338 1050 χαρίζεται
1379 981 1495 1046 μετὰ
1539 982 1749 1048 γέλωτος
1787 981 1914 1033 7510

256 1065 412 1132 ἀθῷον
447 1062 563 1126 αἷμα
600 1068 697 1117 τοῖς
733 1065 902 1118 ἀδίκως
938 1065 1050 1115 αὐτὸ
1087 1064 1371 1134 διψήσασιν,
1410 1064 1439 1130 ἢ
1479 1065 1603 1132 τάχα
1632 1088 1732 1118 πως
1766 1067 1842 1116 καὶ

254 1146 459 1212 ὀνειδίζει
503 1146 743 1211 διασύρων
782 1151 843 1200 εἷς
883 1147 1104 1211 ὠμότητα
1142 1147 1224 1198 τὸν
1259 1148 1498 1210 Ἰουδαῖον,
1539 1145 1617 1198 ἅτε
1665 1146 1721 1211 δὴ
1767 1149 1843 1198 καὶ

253 1227 582 1295 ἀνασχόμενον
621 1227 745 1282 ὅλως
785 1228 1031 1282 τοσούτοις
1071 1231 1181 1279 ἰδεῖν
1216 1228 1535 1295 περιπεσόντα
1572 1234 1749 1292 κακοῖς,
1789 1228 1842 1280 ὃν

253 1310 388 1361 αὐτοί
411 1314 535 1379 φασι
561 1312 636 1361 καὶ
663 1310 973 1377 ὀνομάζουσιν
999 1310 1122 1365 ὅλως
1145 1310 1352 1373 βασιλέα
1377 1316 1460 1363 τοῦ
1483 1311 1700 1378 Ἰσραήλ.

187 1523 233 1561 15
269 1514 569 1572 Ἐκραύπασαν
609 1513 681 1558 οὖν
719 1515 876 1559 ἐκεῖνοι
906 1516 1035 1575 Ἆρον
1074 1516 1178 1576 ἆρον
1215 1519 1464 1576 σταύρωσον
1502 1518 1647 1561 αὐτόν.
1712 1519 1824 1567 >xix-ct
1861 1534 1908 1571 15

432 1596 577 1641 αὐτοῖς
614 1601 636 1642 ὁ
674 1601 860 1642 Πιλάτοο
896 1601 983 1644 Τὸν
1022 1602 1196 1651 βασιλέα
1234 1601 1351 1651 ὑμῶν
1390 1600 1654 1659 σταυρώσω;

205 1690 233 1731 d
323 1711 592 1773 Ἐπιβοῶσι
617 1710 702 1776 μὲν
727 1713 859 1764 οὐδὲν
882 1713 1024 1778 ἧττον
1048 1713 1107 1765 τὰ
1141 1715 1190 1765 ἐν
1215 1715 1393 1782 ἀρχαῖς,
1422 1716 1505 1766 οὐκ
1538 1715 1837 1784 ἐξιστάμενοι

249 1794 331 1855 τῆς
372 1794 658 1861 μιαιφονίας,
699 1795 752 1845 οὐ
796 1794 914 1861 πρὸς
955 1795 1218 1863 ἡμερότητα
1263 1797 1610 1861 μετατιθέμενοι
1656 1797 1732 1848 διὰ
1777 1797 1837 1849 τὰ

249 1876 569 1941 ἐμπαίγματα,
597 1878 650 1927 οὐ
676 1882 776 1931 ταῖς
803 1878 1183 1943 ἐπενηνεγμέναις
1210 1880 1375 1933 αἰκίαις
1402 1881 1527 1949 αὐτῷ
1552 1880 1670 1946 πρὸς
1701 1880 1835 1945 ἠπιό-

249 1958 367 2021 τητά
410 1982 510 2012 πως
551 1959 989 2028 μεταχωρήσαντες,
1029 1960 1146 2026 πρὸς
1191 1963 1516 2028 ἀπηνεστέραν
1556 1962 1606 2013 δὲ
1645 1967 1834 2027 μᾶλλον
1857 1981 1907 2006 20

249 2040 648 2107 ἀποταυρούμενοι
706 2042 914 2106 γνώμην,
971 2048 1299 2110 σταυροῦσθαι
1360 2051 1695 2111 παρακαλοῦσι
1751 2044 1835 2096 τὸν

247 2122 488 2189 ἐγείραντα
532 2123 642 2189 παρ’
683 2124 839 2177 αὐτοῖς
885 2123 991 2178 τοὺς
1036 2125 1237 2191 νεκροὺς,
1276 2128 1352 2177 καὶ
1396 2128 1639 2178 τοσούτων
1679 2127 1835 2181 αὐτοῖς

246 2203 500 2267 θαυμάτων
551 2206 937 2272 ἀναδεδειγμένον
988 2207 1205 2273 ἐργάτην,
1255 2209 1328 2277 ἐφ’
1382 2207 1419 2278 ᾧ
1479 2208 1536 2273 δὴ
1591 2211 1666 2260 καὶ
1725 2210 1834 2259 λίαν

247 2291 464 2337 λυπεῖται
493 2286 720 2350 Πιλάτος,
746 2292 782 2338 εὶ
823 2291 897 2339 καὶ
934 2288 1015 2340 τὸν
1042 2292 1162 2340 οὕτω
1198 2291 1426 2356 λαμπρὰν
1451 2291 1688 2359 ἐσχηκότα
1721 2292 1831 2357 παρ’

210 2369 404 2421 ραύτοῖς
438 2368 525 2432 τὴν
553 2368 812 2437 ὑπόληψιν,
845 2373 907 2424 ὡς
938 2371 1055 2422 Υὶόν
1085 2395 1133 2422 τε
1171 2375 1297 2423 Θεοῦ
1336 2375 1411 2423 καὶ
1449 2375 1658 2435 βασιλέα
1696 2375 1829 2437 νομί·
1854 2392 1903 2429 25

247 2449 422 2515 ζεσθαι,
451 2451 504 2500 οὐ
530 2449 746 2501 τεθνάναι
774 2454 868 2502 δεῖν
892 2451 1051 2516 μόνον,
1077 2452 1207 2503 ἀλλὰ
1242 2456 1317 2505 καὶ
1353 2457 1489 2518 ὠμῶς
1515 2453 1832 2519 ἀποθνήσκειν

246 2529 441 2585 ἐντόνως
468 2532 589 2582 οὕτω
618 2533 757 2600 φασί·
799 2540 1009 2600 σταυροῦ
1036 2534 1128 2601 γὰρ
1163 2534 1216 2585 τὸ
1252 2541 1405 2602 χεῖρον
1431 2536 1576 2587 οὐδέν.
1630 2535 1832 2604 ἐ’λεγχον

246 2636 402 2664 τοινυν
432 2610 596 2679 ὥσπερ
631 2612 736 2664 τινὰ
774 2637 849 2664 και
889 2615 1158 2678 ὀνειδισμὸν
1188 2621 1383 2667 ποιεῖται
1418 2617 1503 2681 τὴν
1535 2618 1774 2682 καταβοὴν
1806 2620 1831 2669 ὁ

249 2693 457 2761 δικάζων,
497 2718 534 2745 ει
575 2700 903 2761 σταυροῦσθαι
945 2697 1200 2758 βουλονται
1244 2697 1326 2749 τὸν
1367 2698 1491 2754 ὅλως
1534 2702 1608 2751 ἐπὶ
1651 2700 1831 2755 τούτοις

247 2778 648 2841 τεθαυμασμένον,
691 2776 720 2827 ἂ
763 2777 981 2844 μεγάλην
1021 2781 1166 2833 οὕτως
1208 2803 1300 2847 εχει
1341 2781 1427 2845 τὴν
1472 2783 1723 2851 ὑπεροχὴν,
1768 2786 1829 2838 ὡς
1851 2803 1901 2839 30

440 2946 489 2978 ¹7·
516 2935 556 2968 τὰ
578 2935 616 2968 Ε.
636 2936 673 2968 τὸ
695 2935 759 2969 Ed.
1101 2948 1225 2980 22—24.
1252 2938 1492 2983 νεκροὺς-τὸν
1509 2951 1579 2974 om.
1600 2940 1640 2974 E.
