1986 3282
107 134 191 173 xix.
211 147 278 188 30.
468 133 541 172 IN
584 132 626 172 S.
661 130 999 172 JOANNEM.
1064 130 1187 171 LIB.
1222 130 1327 171 XII.
1637 132 1690 171 95

106 239 400 306 παραλόγοις
456 240 733 305 τολμήμασι
789 239 951 302 μόναις
1014 244 1115 293 ταῖς
1164 239 1340 289 ἑαυτῶν
1392 239 1693 298 δυσσεβειάις

108 322 443 385 ἁμιλλώμενοι.
498 322 737 389 τοιγάρτοι
768 321 843 373 διὰ
876 324 1037 419 φωνῆς
1073 319 1290 386 Ιεζεκιὴλ
1327 326 1409 371 τοῦ
1444 319 1694 388 προφήτου
1713 330 1916 365 ’ῑ1068Α-

107 403 226 470 πρὸς
260 402 345 467 τὴν
382 409 477 456 τῶν
513 404 752 455 ΗΙουδαιων
790 404 984 469 μητέρα,
1014 405 1137 472 φημὶ
1175 401 1231 466 δη
1267 404 1352 466 τὴν
1377 400 1694 468 Ιερουσαλὴμ

109 486 318 552 εφασκεν
358 487 383 536 ὁ
423 484 544 540 Θεός
583 494 610 515 “
636 485 808 540 Καθὼς
847 485 1086 550 εποιήσας,
1130 486 1276 537 οὕτως
1317 484 1452 535 ἐσται
1491 502 1585 534 σοι
1640 483 1694 534 τὸ
1759 504 1922 545 Obad.15.

66 574 122 628 5‘
126 567 469 630 ίἀνταπόδομά
506 591 599 618 σου
624 567 1061 631 ἀνταποδοθησεται
1096 571 1157 620 εἷς
1192 565 1406 635 κεφαλήν
1437 567 1567 626 σου,”
1622 564 1698 616 διὰ

110 649 158 700 δὲ
194 653 355 717 φωνῆς
381 649 590 701 (Ησαίου
616 649 734 716 πρὸς
761 649 844 700 τὸν
870 648 1172 713 ἀνομώτατον
1199 647 1401 715 Ἰσραήλ
1434 655 1460 677 “
1483 649 1606 699 Οὐαὶ
1632 652 1698 716 τῷ
1761 656 1923 687 Es.iii.11.

114 737 142 760 ‘⁶
169 730 342 801 ἀνόμῳ,
385 731 570 797 πονηρὰ
608 731 728 783 κατὰ
765 730 824 783 τὰ
861 731 977 797 ἔργα
1015 735 1108 781 τῶν
1135 735 1301 798 χειρῶν
1335 730 1477 780 αὐτοῦ
1508 728 1699 793 συμβή-

111 820 140 842 “
165 836 301 864 σεται
345 815 515 883 abug?
569 815 641 882 ἐφ’
670 812 822 865 ἅπασι
861 813 945 876 μὲν
977 814 1058 863 οὖν
1089 818 1186 865 τοῖς
1224 812 1312 876 ἤδη
1351 812 1700 875 τετελεσμένοις

111 896 319 949 ἀνοσίοις
345 918 394 946 τε
422 898 497 946 καὶ
523 896 862 948 ε’κτοπωτάτοις
889 894 1196 958 τολμήμασιν
1223 893 1436 962 ἐπράχθη
1460 896 1534 944 καὶ
1559 900 1698 945 τοῦτο
1718 905 1745 945 b

44 998 92 1023 10
111 976 231 1028 κατὰ
268 981 497 1043 Χριστοῦ·
559 977 694 1028 ἔσται
733 979 770 1028 δ’
813 977 894 1028 οὖν
939 977 1065 1041 ὅμως
1103 980 1165 1030 εἷς
1201 975 1367 1041 ὄνησιν
1406 975 1633 1041 ἡμετέραν
1674 976 1699 1026 ὁ

113 1058 439 1125 ὑπογραμμός.
493 1059 716 1123 εἰσόμεθα
754 1059 847 1126 γὰρ
883 1061 959 1110 καὶ
999 1057 1074 1109 διὰ
1109 1058 1276 1109 τούτου
1316 1056 1478 1120 πάλιν,
1506 1057 1578 1108 ὅτι
1603 1063 1700 1111 τοῖς

112 1141 338 1208 φιλόθεον
363 1140 526 1209 ε”χουσι
553 1140 638 1206 τὴν
664 1141 781 1210 ἕξιν,
813 1143 888 1192 καὶ
914 1140 1075 1209 ἀγάπῃ
1100 1145 1158 1208 τῇ
1186 1144 1248 1194 εἰς
1275 1138 1492 1205 Χριστὸν
1517 1141 1693 1206 ἐρηρει-

109 1221 313 1286 σμένοις,
348 1221 674 1288 ἀκατάληκτός
708 1222 872 1290 ὥσπερ
898 1246 967 1277 τις
1004 1223 1170 1291 ἕψεται
1204 1221 1411 1286 πόλεμος
1445 1220 1575 1288 παρὰ
1605 1225 1700 1272 τῶν

112 1304 414 1373 φρονούντων
439 1305 496 1356 τὰ
525 1305 721 1367 ἐναντία,
748 1305 790 1356 οἳ
822 1307 897 1356 καὶ
928 1305 1087 1372 μέχρις
1113 1302 1319 1372 ἐσχάτης
1344 1305 1581 1367 ἀναπνοῆς
1609 1302 1698 1367 τὴν

46 1407 91 1446 15
113 1388 211 1437 κατ’
260 1388 412 1438 αὐτῶν
457 1388 628 1450 μανίαν
674 1388 755 1438 οὐκ
801 1387 1139 1448 ἀποδύσονται,
1186 1389 1358 1452 δριμεῖς
1402 1385 1700 1453 πανταχόθεν

112 1468 416 1538 ἐξαρτύοντες
450 1468 759 1535 πειρασμοῦς,
790 1471 866 1520 καὶ
900 1474 995 1520 πᾶν
1022 1467 1138 1522 εἶδος
1169 1470 1365 1520 ἐπινοεῖν
1399 1467 1697 1534 σπουδάζον-

113 1576 188 1608 τες
229 1559 313 1604 τοῦ
355 1552 621 1622 πεφυκότος
667 1555 853 1604 ἀδικεῖν.
922 1552 1033 1603 ἀλλ’
1076 1552 1239 1618 ὥσπερ
1280 1553 1334 1603 οὐ
1375 1549 1632 1621 κατέληξεν
1675 1553 1740 1606 ὁο

114 1635 273 1698 πόνος,
315 1635 643 1699 ἀκατάληκτον
683 1635 818 1686 ἔσται
858 1637 933 1685 καὶ
972 1638 1054 1699 τῆς
1080 1634 1299 1699 εὐθυμίας
1332 1634 1386 1685 τὸ
1419 1637 1582 1698 μῆκος·
1626 1636 1701 1684 καὶ

115 1715 279 1784 ὥσπερ
318 1718 401 1768 οὐκ
440 1717 669 1785 ἐλώφησε
714 1716 772 1767 τὰ
825 1716 950 1768 δεινὰ
993 1720 1068 1768 καὶ
1110 1717 1138 1781 ἡ
1183 1719 1233 1767 ἐκ
1273 1721 1356 1767 τοῦ
1399 1715 1700 1782 πειράζεσθαι

43 1820 93 1845 20
114 1800 299 1868 θλίψις,
327 1800 472 1852 οὕτως
499 1800 553 1849 οὐ
586 1799 881 1850 πεπαύσεται
914 1803 1009 1850 τῶν
1036 1799 1182 1865 ἁγίων
1208 1797 1267 1849 τὰ
1294 1798 1464 1864 ἀγαθὰ,
1496 1802 1706 1862 διαμενεῖ

114 1880 163 1932 δὲ
189 1880 377 1934 πάντως
405 1883 479 1932 καὶ
507 1881 642 1931 ἔσται
668 1880 878 1945 διηνεκὴς
906 1882 933 1946 ἡ
961 1883 1010 1932 ἐκ
1035 1885 1116 1945 τῆς
1143 1879 1486 1945 εὐδοκιμήσεως
1512 1879 1661 1948 χάρις.

103 2023 211 2065 ’Ὀτε
248 2021 322 2064 οὖν
354 2023 481 2073 ἔλαβε
518 2023 567 2067 τὸ
600 2023 700 2067 ὄξος
732 2024 755 2067 ὁ
787 2023 968 2075 ’1Ησοῡε,
1006 2019 1099 2065 εἶπε
1125 2023 1400 2065 Τετέλεσται·
1452 2022 1520 2064 καί
1554 2023 1699 2065 κλίνας
1721 2041 1771 2077 30

461 2107 537 2149 τὴν
577 2107 772 2164 κεφαλὴν
810 2107 1040 2165 Παρέὸωκε
1077 2107 1126 2149 τὸ
1163 2110 1341 2156 Πνεῦμα.
1720 2108 1748 2150 d

190 2205 596 2272 Προστεθειμένου
622 2209 718 2258 τοῖς
745 2204 914 2257 ἄλλοις
942 2206 1016 2254 καὶ
1043 2202 1224 2264 τούτου,
1248 2201 1520 2254 τετελέσθαι
1547 2204 1700 2271 φησὶν

46 2287 140 2342 25ὃ
180 2286 350 2353 Σωτὴρ
388 2289 470 2351 τῆς
509 2286 747 2337 Ἰουδαίων
786 2286 1005 2347 ἀσεβείας
1047 2284 1265 2350 δηλονότι
1305 2283 1358 2336 τὸ
1396 2283 1580 2351 μέτρον,
1623 2287 1699 2336 καὶ

114 2372 197 2431 τῆς
233 2373 294 2423 εἷς
331 2368 472 2420 αὑτὸν
496 2369 739 2434 παροινίας
770 2367 855 2432 τὴν
882 2367 1170 2434 ὑπερβολήν.
1225 2366 1274 2418 τί
1304 2365 1397 2433 γὰρ
1422 2365 1480 2431 ἧν
1505 2365 1571 2417 ε”τι
1604 2371 1700 2422 τοῖς

115 2450 359 2505 Ἰουδαίοις
397 2450 451 2502 τὸ
490 2449 860 2514 ἀνεπιτήδευτον,
897 2451 946 2500 τί
980 2448 1029 2500 δὲ
1069 2453 1165 2501 τῶν
1208 2453 1270 2503 εἷς
1309 2448 1453 2515 ἄκρον
1493 2449 1701 2513 ἡκόντων

115 2533 451 2598 ἀπανθρωπίας
483 2533 537 2582 οὐ
571 2532 888 2596 μεμελέτητος
932 2536 1065 2586 ποῖος
1098 2530 1192 2598 γὰρ
1227 2531 1375 2584 αἰκίας
1405 2532 1699 2598 παρελείφθη

114 2614 303 2681 τρόπος,
330 2615 507 2680 ὕβρεως
533 2613 582 2664 δὲ
613 2616 695 2677 τῆς
723 2612 928 2681 ἐσχάτης
954 2613 1003 2663 τί
1029 2613 1252 2679 παρέντες
1281 2613 1560 2681 ἐφαίνοντο;
1603 2635 1699 2663 τοι-

46 2719 96 2756 30
116 2694 281 2762 γάρτοι
315 2696 499 2749 δικαίως
531 2693 585 2746 τὸ
612 2695 885 2746 τετελέσθαι
923 2699 1087 2761 φησὶν,
1114 2695 1225 2745 ἀλλ’
1255 2692 1378 2760 ὥρας
1404 2694 1493 2758 ἤδη
1519 2693 1698 2744 καλού-

116 2800 208 2841 σης
245 2780 328 2841 τῆς
366 2781 429 2831 εἷς
460 2775 514 2827 τὸ
545 2777 621 2827 καὶ
652 2777 809 2830 αὐτοῖς
840 2774 1017 2828 ἐθέλειν
1055 2781 1151 2831 τοῖς
1189 2778 1238 2827 ἐν
1276 2775 1390 2845 ᾅδου
1429 2775 1743 2843 διακηρύξαιθ

165 2904 197 2928 2.
222 2894 396 2939 τοιγάρτοι
414 2894 468 2928 καὶ
485 2893 627 2938 ἷεζεκιὴλ
647 2894 689 2928 Ε.
881 2905 936 2929 ΙΟ.
960 2894 991 2928 δ’
1010 2895 1052 2930 Ε.
1071 2894 1111 2939 δὴ
1129 2893 1198 2929 Ed.
1406 2904 1458 2927 ΙΙ.
1485 2892 1538 2926 καὶ
1556 2904 1626 2926 om.
1648 2891 1689 2926 Ε.

122 2952 174 2984 14.
200 2940 360 2986 ἐσχάτοις
378 2941 420 2975 Ε.
627 2940 679 2975 18.
706 2940 941 2985 ἀκατάληπτον
961 2941 1000 2975 Ε.
1207 2951 1263 2985 31.
1287 2938 1371 2986 ᾅδου
1390 2939 1430 2974 E.
1448 2937 1511 2984 ᾅδη
1532 2938 1596 2973 Ed.
