<?xml version="1.0" encoding="UTF-8"?>
<!DOCTYPE html PUBLIC "-//W3C//DTD XHTML 1.0 Transitional//EN"
    "http://www.w3.org/TR/xhtml1/DTD/xhtml1-transitional.dtd">
<html xmlns="http://www.w3.org/1999/xhtml" xml:lang="en" lang="en">
 <head>
  <title>
</title>
<meta http-equiv="Content-Type" content="text/html;charset=utf-8" />
  <meta name='ocr-system' content='tesseract 3.04.00' />
  <meta name='ocr-capabilities' content='ocr_page ocr_carea ocr_par ocr_line ocrx_word'/>
</head>
<body>
  <div class='ocr_page' id='page_1' title='image "./operacyrilli05cyriuoft/operacyrilli05cyriuoft_0574.png"; bbox 0 0 2017 3252; ppageno 0'>
   <div class='ocr_carea' id='block_1_1' title="bbox 333 143 1474 185">
    <p class='ocr_par' dir='ltr' id='par_1_1' title="bbox 333 143 1474 185">
     <span class='ocr_line' id='line_1_1' title="bbox 333 143 1474 185; baseline 0 -2"><span class='ocrx_word' id='word_1_1' title='bbox 333 144 418 184; x_wconf 89' lang='lat'>560</span> <span class='ocrx_word' id='word_1_2' title='bbox 753 145 802 185; x_wconf 92' lang='lat' dir='ltr'>B.</span> <span class='ocrx_word' id='word_1_3' title='bbox 841 143 1087 184; x_wconf 86' lang='lat' dir='ltr'>CYRILLI</span> <span class='ocrx_word' id='word_1_4' title='bbox 1128 143 1474 184; x_wconf 88' lang='lat' dir='ltr'><strong>ALEXANDR.</strong></span> 
     </span>
    </p>
   </div>
   <div class='ocr_carea' id='block_1_2' title="bbox 334 246 1913 314">
    <p class='ocr_par' dir='ltr' id='par_1_2' title="bbox 334 246 1913 314">
     <span class='ocr_line' id='line_1_2' title="bbox 334 246 1913 314; baseline -0.001 -17"><span class='ocrx_word' id='word_1_5' title='bbox 334 254 361 276; x_wconf 74' lang='lat'>‘⁴</span> <span class='ocrx_word' id='word_1_6' title='bbox 388 253 624 312; x_wconf 83' lang='grc' dir='ltr'>γαμοῦσιν</span> <span class='ocrx_word' id='word_1_7' title='bbox 655 249 758 298; x_wconf 79' lang='grc' dir='ltr'>οὔτε</span> <span class='ocrx_word' id='word_1_8' title='bbox 792 247 1077 314; x_wconf 72' lang='grc' dir='ltr'><em>γαμίζονται,</em></span> <span class='ocrx_word' id='word_1_9' title='bbox 1105 248 1217 298; x_wconf 83' lang='grc' dir='ltr'>ἀλλ’</span> <span class='ocrx_word' id='word_1_10' title='bbox 1245 249 1306 301; x_wconf 84' lang='grc' dir='ltr'>ὡς</span> <span class='ocrx_word' id='word_1_11' title='bbox 1341 247 1538 313; x_wconf 78' lang='grc' dir='ltr'>ἄγγελοι</span> <span class='ocrx_word' id='word_1_12' title='bbox 1566 250 1690 298; x_wconf 81' lang='grc' dir='ltr'>Θεοῦ</span> <span class='ocrx_word' id='word_1_13' title='bbox 1721 249 1840 297; x_wconf 79' lang='grc' dir='ltr'>εἰσιν</span> <span class='ocrx_word' id='word_1_14' title='bbox 1866 246 1913 296; x_wconf 85' lang='grc' dir='ltr'>ἐν</span> 
     </span>
    </p>
   </div>
   <div class='ocr_carea' id='block_1_3' title="bbox 431 333 450 341">
    <p class='ocr_par' dir='ltr' id='par_1_3' title="bbox 431 333 450 341">
     <span class='ocr_line' id='line_1_3' title="bbox 431 333 450 341; baseline 0 0"><span class='ocrx_word' id='word_1_15' title='bbox 431 333 450 341; x_wconf 66' lang='grc' dir='ltr'>Α</span> 
     </span>
    </p>
   </div>
   <div class='ocr_carea' id='block_1_4' title="bbox 293 329 705 397">
    <p class='ocr_par' dir='ltr' id='par_1_4' title="bbox 293 329 705 397">
     <span class='ocr_line' id='line_1_4' title="bbox 293 329 705 364; baseline 0.002 -7"><span class='ocrx_word' id='word_1_16' title='bbox 293 338 314 364; x_wconf 80' lang='lat'>0</span> <span class='ocrx_word' id='word_1_17' title='bbox 335 334 361 358; x_wconf 74' lang='lat' dir='ltr'>cc</span> <span class='ocrx_word' id='word_1_18' title='bbox 518 329 528 343; x_wconf 90' lang='lat'>‘</span> <span class='ocrx_word' id='word_1_19' title='bbox 637 332 656 341; x_wconf 60' lang='lat'>‘⁸</span> <span class='ocrx_word' id='word_1_20' title='bbox 681 329 705 344; x_wconf 91' lang='lat'>”</span> 
     </span>
     <span class='ocr_line' id='line_1_5' title="bbox 386 351 676 397; baseline 0 -18"><span class='ocrx_word' id='word_1_21' title='bbox 386 351 453 396; x_wconf 81' lang='grc' dir='ltr'>τῳ</span> <span class='ocrx_word' id='word_1_22' title='bbox 478 351 676 397; x_wconf 80' lang='grc' dir='ltr'>ουρανῳ.</span> 
     </span>
    </p>
   </div>
   <div class='ocr_carea' id='block_1_5' title="bbox 270 495 312 534">
    <p class='ocr_par' dir='ltr' id='par_1_5' title="bbox 270 495 312 534">
     <span class='ocr_line' id='line_1_6' title="bbox 270 495 312 534; baseline -0.071 0"><span class='ocrx_word' id='word_1_23' title='bbox 270 495 312 534; x_wconf 73' lang='grc' dir='ltr'>ς’.</span> 
     </span>
    </p>
   </div>
   <div class='ocr_carea' id='block_1_6' title="bbox 282 860 309 901">
    <p class='ocr_par' dir='ltr' id='par_1_6' title="bbox 282 860 309 901">
     <span class='ocr_line' id='line_1_7' title="bbox 282 860 309 901; baseline 0 0"><span class='ocrx_word' id='word_1_24' title='bbox 282 860 309 901; x_wconf 82' lang='lat' dir='ltr'>d</span> 
     </span>
    </p>
   </div>
   <div class='ocr_carea' id='block_1_7' title="bbox 103 1279 310 1882">
    <p class='ocr_par' dir='ltr' id='par_1_7' title="bbox 103 1279 244 1363">
     <span class='ocr_line' id='line_1_8' title="bbox 103 1279 244 1311; baseline 0.014 -2"><span class='ocrx_word' id='word_1_25' title='bbox 103 1279 185 1311; x_wconf 76' lang='lat' dir='ltr'>Gon.</span> <span class='ocrx_word' id='word_1_26' title='bbox 199 1280 244 1311; x_wconf 83' lang='lat' dir='ltr'><strong>iii.</strong></span> 
     </span>
     <span class='ocr_line' id='line_1_9' title="bbox 108 1332 155 1363; baseline 0.064 -12"><span class='ocrx_word' id='word_1_27' title='bbox 108 1332 155 1363; x_wconf 74' lang='lat'>1⁴)-</span> 
     </span>
    </p>

    <p class='ocr_par' dir='ltr' id='par_1_8' title="bbox 115 1443 310 1882">
     <span class='ocr_line' id='line_1_10' title="bbox 286 1443 307 1469; baseline 0 0"><span class='ocrx_word' id='word_1_28' title='bbox 286 1443 307 1469; x_wconf 80' lang='lat' dir='ltr'>C</span> 
     </span>
     <span class='ocr_line' id='line_1_11' title="bbox 115 1845 310 1882; baseline -0.005 -2"><span class='ocrx_word' id='word_1_29' title='bbox 115 1847 198 1882; x_wconf 89' lang='grc'>376</span> <span class='ocrx_word' id='word_1_30' title='bbox 220 1845 272 1882; x_wconf 82' lang='lat' dir='ltr'>A.</span> <span class='ocrx_word' id='word_1_31' title='bbox 288 1855 310 1879; x_wconf 84' lang='lat' dir='ltr'>a</span> 
     </span>
    </p>
   </div>
   <div class='ocr_carea' id='block_1_8' title="bbox 335 492 1955 839">
    <p class='ocr_par' dir='ltr' id='par_1_9' title="bbox 335 492 1955 839">
     <span class='ocr_line' id='line_1_12' title="bbox 335 492 1913 548; baseline -0.001 -16"><span class='ocrx_word' id='word_1_32' title='bbox 335 494 413 533; x_wconf 79' lang='grc' dir='ltr'>Διὰ</span> <span class='ocrx_word' id='word_1_33' title='bbox 441 493 480 534; x_wconf 84' lang='grc' dir='ltr'>τί</span> <span class='ocrx_word' id='word_1_34' title='bbox 507 494 549 534; x_wconf 84' lang='grc' dir='ltr'>ἐν</span> <span class='ocrx_word' id='word_1_35' title='bbox 569 495 620 548; x_wconf 79' lang='grc' dir='ltr'>τῷ</span> <span class='ocrx_word' id='word_1_36' title='bbox 641 492 767 543; x_wconf 78' lang='grc' dir='ltr'>Ἀδὰμ</span> <span class='ocrx_word' id='word_1_37' title='bbox 797 492 1121 544; x_wconf 86' lang='grc' dir='ltr'>ἀποθνήσκοντες,</span> <span class='ocrx_word' id='word_1_38' title='bbox 1146 493 1333 544; x_wconf 78' lang='grc' dir='ltr'>πατρικὴν</span> <span class='ocrx_word' id='word_1_39' title='bbox 1364 492 1574 544; x_wconf 78' lang='grc' dir='ltr'>εὖθύνομεν</span> <span class='ocrx_word' id='word_1_40' title='bbox 1602 493 1719 543; x_wconf 82' lang='grc' dir='ltr'>δίκην,</span> <span class='ocrx_word' id='word_1_41' title='bbox 1752 493 1813 532; x_wconf 85' lang='grc' dir='ltr'>καὶ</span> <span class='ocrx_word' id='word_1_42' title='bbox 1843 492 1913 542; x_wconf 79' lang='grc' dir='ltr'>τὴν</span> 
     </span>
     <span class='ocr_line' id='line_1_13' title="bbox 407 565 1912 621; baseline 0 -15"><span class='ocrx_word' id='word_1_43' title='bbox 407 567 556 607; x_wconf 83' lang='grc' dir='ltr'>ἐκείνου</span> <span class='ocrx_word' id='word_1_44' title='bbox 583 565 813 617; x_wconf 81' lang='grc' dir='ltr'>παράβασιν</span> <span class='ocrx_word' id='word_1_45' title='bbox 835 566 999 609; x_wconf 80' lang='grc' dir='ltr'>ἕκαστος</span> <span class='ocrx_word' id='word_1_46' title='bbox 1026 569 1229 619; x_wconf 83' lang='grc' dir='ltr'>χρεωστεῖ·</span> <span class='ocrx_word' id='word_1_47' title='bbox 1272 567 1316 607; x_wconf 81' lang='grc' dir='ltr'>ἐν</span> <span class='ocrx_word' id='word_1_48' title='bbox 1337 567 1379 606; x_wconf 80' lang='grc' dir='ltr'>δὲ</span> <span class='ocrx_word' id='word_1_49' title='bbox 1406 568 1458 621; x_wconf 75' lang='grc' dir='ltr'>τῷ</span> <span class='ocrx_word' id='word_1_50' title='bbox 1480 568 1636 621; x_wconf 78' lang='grc' dir='ltr'>Χριστῷ</span> <span class='ocrx_word' id='word_1_51' title='bbox 1666 565 1912 615; x_wconf 76' lang='grc' dir='ltr'>ζωοποιηθεὶς</span> 
     </span>
     <span class='ocr_line' id='line_1_14' title="bbox 406 638 1955 692; baseline 0.002 -14"><span class='ocrx_word' id='word_1_52' title='bbox 406 640 427 678; x_wconf 89' lang='grc' dir='ltr'>ὁ</span> <span class='ocrx_word' id='word_1_53' title='bbox 450 638 539 689; x_wconf 84' lang='grc' dir='ltr'>ἐμὸς</span> <span class='ocrx_word' id='word_1_54' title='bbox 559 639 682 691; x_wconf 76' lang='grc' dir='ltr'>πατὴρ</span> <span class='ocrx_word' id='word_1_55' title='bbox 705 639 765 679; x_wconf 82' lang='grc' dir='ltr'>καὶ</span> <span class='ocrx_word' id='word_1_56' title='bbox 787 641 847 679; x_wconf 82' lang='grc' dir='ltr'>διὰ</span> <span class='ocrx_word' id='word_1_57' title='bbox 867 643 933 679; x_wconf 81' lang='grc' dir='ltr'>τοῦ</span> <span class='ocrx_word' id='word_1_58' title='bbox 953 639 1089 692; x_wconf 83' lang='grc' dir='ltr'>Ἃγίου</span> <span class='ocrx_word' id='word_1_59' title='bbox 1111 639 1342 689; x_wconf 86' lang='grc' dir='ltr'>Πνεύματος</span> <span class='ocrx_word' id='word_1_60' title='bbox 1371 639 1570 690; x_wconf 82' lang='grc' dir='ltr'>καθαρθεὶς</span> <span class='ocrx_word' id='word_1_61' title='bbox 1596 641 1660 690; x_wconf 85' lang='grc' dir='ltr'>τῆς</span> <span class='ocrx_word' id='word_1_62' title='bbox 1690 656 1732 679; x_wconf 92' lang='grc' dir='ltr'>τε</span> <span class='ocrx_word' id='word_1_63' title='bbox 1762 655 1910 690; x_wconf 89' lang='grc' dir='ltr'>προπα-</span> <span class='ocrx_word' id='word_1_64' title='bbox 1933 645 1955 681; x_wconf 87' lang='grc'>5</span> 
     </span>
     <span class='ocr_line' id='line_1_15' title="bbox 406 711 1912 763; baseline 0.001 -12"><span class='ocrx_word' id='word_1_65' title='bbox 406 713 558 762; x_wconf 82' lang='grc' dir='ltr'>τορικῆς</span> <span class='ocrx_word' id='word_1_66' title='bbox 589 711 798 763; x_wconf 85' lang='grc' dir='ltr'>ὀφλήσεως</span> <span class='ocrx_word' id='word_1_67' title='bbox 830 711 891 753; x_wconf 86' lang='grc' dir='ltr'>καὶ</span> <span class='ocrx_word' id='word_1_68' title='bbox 922 715 988 763; x_wconf 83' lang='grc' dir='ltr'>τῆς</span> <span class='ocrx_word' id='word_1_69' title='bbox 1020 713 1116 754; x_wconf 85' lang='grc' dir='ltr'>ἰδίας</span> <span class='ocrx_word' id='word_1_70' title='bbox 1147 713 1427 763; x_wconf 83' lang='grc' dir='ltr'>πλημμελείας,</span> <span class='ocrx_word' id='word_1_71' title='bbox 1458 712 1503 752; x_wconf 81' lang='grc' dir='ltr'>οὗ</span> <span class='ocrx_word' id='word_1_72' title='bbox 1532 711 1722 762; x_wconf 85' lang='grc' dir='ltr'>μετέδωκέ</span> <span class='ocrx_word' id='word_1_73' title='bbox 1748 728 1814 762; x_wconf 90' lang='grc' dir='ltr'>μοι</span> <span class='ocrx_word' id='word_1_74' title='bbox 1845 714 1912 761; x_wconf 85' lang='grc' dir='ltr'>τῆς</span> 
     </span>
     <span class='ocr_line' id='line_1_16' title="bbox 406 784 1912 839; baseline 0.001 -15"><span class='ocrx_word' id='word_1_75' title='bbox 406 785 664 836; x_wconf 89' lang='grc' dir='ltr'>καθαρότητος</span> <span class='ocrx_word' id='word_1_76' title='bbox 690 786 742 839; x_wconf 74' lang='grc' dir='ltr'>τῷ</span> <span class='ocrx_word' id='word_1_77' title='bbox 772 784 1010 837; x_wconf 81' lang='grc' dir='ltr'>γεννηθέντι,</span> <span class='ocrx_word' id='word_1_78' title='bbox 1033 786 1121 826; x_wconf 76' lang='grc' dir='ltr'>οὔτε</span> <span class='ocrx_word' id='word_1_79' title='bbox 1150 785 1277 836; x_wconf 82' lang='grc' dir='ltr'>ὤνησέ</span> <span class='ocrx_word' id='word_1_80' title='bbox 1301 802 1349 836; x_wconf 91' lang='grc' dir='ltr'>με</span> <span class='ocrx_word' id='word_1_81' title='bbox 1371 787 1437 835; x_wconf 83' lang='grc' dir='ltr'>τῆς</span> <span class='ocrx_word' id='word_1_82' title='bbox 1459 787 1513 827; x_wconf 84' lang='grc' dir='ltr'>εἷς</span> <span class='ocrx_word' id='word_1_83' title='bbox 1535 784 1651 826; x_wconf 83' lang='grc' dir='ltr'>αὐτὸν</span> <span class='ocrx_word' id='word_1_84' title='bbox 1673 785 1912 836; x_wconf 77' lang='grc' dir='ltr'>δικαιοσύνης</span> 
     </span>
    </p>
   </div>
   <div class='ocr_carea' id='block_1_9' title="bbox 401 857 1457 912">
    <p class='ocr_par' dir='ltr' id='par_1_10' title="bbox 401 857 1457 912">
     <span class='ocr_line' id='line_1_17' title="bbox 401 857 1457 912; baseline 0.002 -13"><span class='ocrx_word' id='word_1_85' title='bbox 401 858 425 909; x_wconf 87' lang='grc' dir='ltr'>ἡ</span> <span class='ocrx_word' id='word_1_86' title='bbox 444 857 569 912; x_wconf 81' lang='grc' dir='ltr'>χάρις,</span> <span class='ocrx_word' id='word_1_87' title='bbox 589 859 713 899; x_wconf 84' lang='grc' dir='ltr'>καίτοι</span> <span class='ocrx_word' id='word_1_88' title='bbox 732 859 1024 912; x_wconf 82' lang='grc' dir='ltr'>ὑπερισχύουσα</span> <span class='ocrx_word' id='word_1_89' title='bbox 1046 860 1141 899; x_wconf 77' lang='grc' dir='ltr'>κατὰ</span> <span class='ocrx_word' id='word_1_90' title='bbox 1162 861 1226 909; x_wconf 85' lang='grc' dir='ltr'>τῆς</span> <span class='ocrx_word' id='word_1_91' title='bbox 1247 859 1457 911; x_wconf 69' lang='grc' dir='ltr'>ἇμαρτίαςς</span> 
     </span>
    </p>
   </div>
   <div class='ocr_carea' id='block_1_10' title="bbox 950 996 1296 1033">
    <p class='ocr_par' dir='ltr' id='par_1_11' title="bbox 950 996 1296 1033">
     <span class='ocr_line' id='line_1_18' title="bbox 950 996 1296 1033; baseline 0 -1"><span class='ocrx_word' id='word_1_92' title='bbox 950 996 1296 1033; x_wconf 72' lang='grc' dir='ltr'>ΕΠΙΛΎΣΙΣ.</span> 
     </span>
    </p>
   </div>
   <div class='ocr_carea' id='block_1_11' title="bbox 325 1093 1983 2139">
    <p class='ocr_par' dir='ltr' id='par_1_12' title="bbox 325 1093 1983 2139">
     <span class='ocr_line' id='line_1_19' title="bbox 399 1093 1983 1162; baseline -0.001 -18"><span class='ocrx_word' id='word_1_93' title='bbox 399 1093 658 1162; x_wconf 73' lang='grc' dir='ltr'>Ἐξετάσαι</span> <span class='ocrx_word' id='word_1_94' title='bbox 682 1093 773 1160; x_wconf 83' lang='grc' dir='ltr'>χρὴ</span> <span class='ocrx_word' id='word_1_95' title='bbox 810 1098 911 1147; x_wconf 85' lang='grc' dir='ltr'>πῶς</span> <span class='ocrx_word' id='word_1_96' title='bbox 949 1097 1011 1147; x_wconf 79' lang='grc' dir='ltr'>εἰς</span> <span class='ocrx_word' id='word_1_97' title='bbox 1049 1094 1170 1158; x_wconf 82' lang='grc' dir='ltr'>ἡμᾶς</span> <span class='ocrx_word' id='word_1_98' title='bbox 1210 1095 1234 1144; x_wconf 85' lang='grc' dir='ltr'>ὁ</span> <span class='ocrx_word' id='word_1_99' title='bbox 1272 1094 1532 1160; x_wconf 80' lang='grc' dir='ltr'>προποῖτωρ</span> <span class='ocrx_word' id='word_1_100' title='bbox 1562 1093 1720 1156; x_wconf 82' lang='grc' dir='ltr'>Ἀδὰμ</span> <span class='ocrx_word' id='word_1_101' title='bbox 1756 1094 1904 1159; x_wconf 87' lang='grc' dir='ltr'>παρέ·</span> <span class='ocrx_word' id='word_1_102' title='bbox 1936 1115 1983 1139; x_wconf 90' lang='lat'>10</span> 
     </span>
     <span class='ocr_line' id='line_1_20' title="bbox 325 1174 1908 1244; baseline 0.001 -19"><span class='ocrx_word' id='word_1_103' title='bbox 325 1178 489 1241; x_wconf 76' lang='grc' dir='ltr'>πεμψε</span> <span class='ocrx_word' id='word_1_104' title='bbox 530 1174 616 1238; x_wconf 88' lang='grc' dir='ltr'>τὴν</span> <span class='ocrx_word' id='word_1_105' title='bbox 660 1176 989 1242; x_wconf 81' lang='grc' dir='ltr'>ἐπενεχθεῖσαν</span> <span class='ocrx_word' id='word_1_106' title='bbox 1031 1177 1157 1244; x_wconf 74' lang='grc' dir='ltr'>αὐτῷ</span> <span class='ocrx_word' id='word_1_107' title='bbox 1205 1174 1280 1226; x_wconf 78' lang='grc' dir='ltr'>διὰ</span> <span class='ocrx_word' id='word_1_108' title='bbox 1315 1175 1400 1239; x_wconf 87' lang='grc' dir='ltr'>τὴν</span> <span class='ocrx_word' id='word_1_109' title='bbox 1439 1174 1718 1241; x_wconf 80' lang='grc' dir='ltr'>παράβασιν</span> <span class='ocrx_word' id='word_1_110' title='bbox 1763 1175 1908 1238; x_wconf 82' lang='grc' dir='ltr'>δίκην.</span> 
     </span>
     <span class='ocr_line' id='line_1_21' title="bbox 326 1254 1911 1325; baseline 0.002 -19"><span class='ocrx_word' id='word_1_111' title='bbox 326 1256 529 1320; x_wconf 73' lang='grc' dir='ltr'>ἤκουσεν</span> <span class='ocrx_word' id='word_1_112' title='bbox 567 1254 723 1307; x_wconf 55' lang='grc' dir='ltr'>((’Ότι</span> <span class='ocrx_word' id='word_1_113' title='bbox 761 1259 823 1321; x_wconf 87' lang='grc' dir='ltr'>γῆ</span> <span class='ocrx_word' id='word_1_114' title='bbox 863 1255 905 1307; x_wconf 76' lang='grc' dir='ltr'>εἶ</span> <span class='ocrx_word' id='word_1_115' title='bbox 939 1258 1014 1307; x_wconf 84' lang='grc' dir='ltr'>καὶ</span> <span class='ocrx_word' id='word_1_116' title='bbox 1053 1260 1115 1311; x_wconf 82' lang='grc' dir='ltr'>εἰς</span> <span class='ocrx_word' id='word_1_117' title='bbox 1154 1260 1245 1322; x_wconf 82' lang='grc' dir='ltr'>γῆν</span> <span class='ocrx_word' id='word_1_118' title='bbox 1275 1257 1557 1325; x_wconf 81' lang='grc' dir='ltr'>ἀπελεύσῃ,”</span> <span class='ocrx_word' id='word_1_119' title='bbox 1592 1259 1666 1307; x_wconf 76' lang='grc' dir='ltr'>καὶ</span> <span class='ocrx_word' id='word_1_120' title='bbox 1699 1255 1911 1324; x_wconf 77' lang='grc' dir='ltr'>φθαρτὸς</span> 
     </span>
     <span class='ocr_line' id='line_1_22' title="bbox 326 1336 1909 1405; baseline 0.002 -18"><span class='ocrx_word' id='word_1_121' title='bbox 326 1337 380 1405; x_wconf 74' lang='grc' dir='ltr'>ἐξ</span> <span class='ocrx_word' id='word_1_122' title='bbox 405 1336 650 1402; x_wconf 80' lang='grc' dir='ltr'>ἀφθάρτου</span> <span class='ocrx_word' id='word_1_123' title='bbox 676 1337 855 1403; x_wconf 74' lang='grc' dir='ltr'>γε’γονε,</span> <span class='ocrx_word' id='word_1_124' title='bbox 881 1340 956 1389; x_wconf 80' lang='grc' dir='ltr'>καὶ</span> <span class='ocrx_word' id='word_1_125' title='bbox 983 1337 1219 1405; x_wconf 81' lang='grc' dir='ltr'>ὑπηνέχθη</span> <span class='ocrx_word' id='word_1_126' title='bbox 1245 1343 1340 1391; x_wconf 84' lang='grc' dir='ltr'>τοῖς</span> <span class='ocrx_word' id='word_1_127' title='bbox 1366 1344 1449 1389; x_wconf 87' lang='grc' dir='ltr'>τοῦ</span> <span class='ocrx_word' id='word_1_128' title='bbox 1479 1337 1682 1389; x_wconf 79' lang='grc' dir='ltr'>θανάτου</span> <span class='ocrx_word' id='word_1_129' title='bbox 1706 1340 1909 1400; x_wconf 83' lang='grc' dir='ltr'>δεσμοῖς.</span> 
     </span>
     <span class='ocr_line' id='line_1_23' title="bbox 326 1417 1907 1488; baseline 0.001 -20"><span class='ocrx_word' id='word_1_130' title='bbox 326 1417 481 1482; x_wconf 84' lang='grc' dir='ltr'>ἐπειδὴ</span> <span class='ocrx_word' id='word_1_131' title='bbox 507 1417 556 1468; x_wconf 79' lang='grc' dir='ltr'>δὲ</span> <span class='ocrx_word' id='word_1_132' title='bbox 583 1422 645 1472; x_wconf 82' lang='grc' dir='ltr'>εἰς</span> <span class='ocrx_word' id='word_1_133' title='bbox 669 1425 809 1470; x_wconf 90' lang='grc' dir='ltr'>τοῦτο</span> <span class='ocrx_word' id='word_1_134' title='bbox 834 1419 997 1470; x_wconf 83' lang='grc' dir='ltr'>πεσὼν</span> <span class='ocrx_word' id='word_1_135' title='bbox 1023 1420 1400 1484; x_wconf 84' lang='grc' dir='ltr'>ἐπαιδοποίησεν,</span> <span class='ocrx_word' id='word_1_136' title='bbox 1427 1423 1469 1471; x_wconf 82' lang='grc' dir='ltr'>οἱ</span> <span class='ocrx_word' id='word_1_137' title='bbox 1504 1420 1561 1488; x_wconf 75' lang='grc' dir='ltr'>ἐξ</span> <span class='ocrx_word' id='word_1_138' title='bbox 1591 1419 1734 1470; x_wconf 81' lang='grc' dir='ltr'>αὐτοῦ</span> <span class='ocrx_word' id='word_1_139' title='bbox 1764 1441 1907 1485; x_wconf 90' lang='grc' dir='ltr'>γεγο-</span> 
     </span>
     <span class='ocr_line' id='line_1_24' title="bbox 327 1499 1981 1569; baseline 0.001 -19"><span class='ocrx_word' id='word_1_140' title='bbox 327 1500 454 1554; x_wconf 87' lang='grc' dir='ltr'>νότες</span> <span class='ocrx_word' id='word_1_141' title='bbox 481 1502 544 1554; x_wconf 86' lang='grc' dir='ltr'>ὡς</span> <span class='ocrx_word' id='word_1_142' title='bbox 575 1499 670 1551; x_wconf 81' lang='grc' dir='ltr'>ἀπὸ</span> <span class='ocrx_word' id='word_1_143' title='bbox 697 1504 912 1568; x_wconf 82' lang='grc' dir='ltr'>φθαρτοῦ</span> <span class='ocrx_word' id='word_1_144' title='bbox 938 1502 1142 1569; x_wconf 77' lang='grc' dir='ltr'>φθαρτοὶ</span> <span class='ocrx_word' id='word_1_145' title='bbox 1173 1500 1452 1567; x_wconf 83' lang='grc' dir='ltr'>γεγόναμεν.</span> <span class='ocrx_word' id='word_1_146' title='bbox 1504 1502 1626 1551; x_wconf 82' lang='grc' dir='ltr'>οὕτω</span> <span class='ocrx_word' id='word_1_147' title='bbox 1651 1501 1733 1551; x_wconf 87' lang='grc' dir='ltr'>καί</span> <span class='ocrx_word' id='word_1_148' title='bbox 1766 1502 1910 1564; x_wconf 84' lang='grc' dir='ltr'>ἐσμεν</span> <span class='ocrx_word' id='word_1_149' title='bbox 1934 1519 1981 1558; x_wconf 88' lang='lat'>15</span> 
     </span>
     <span class='ocr_line' id='line_1_25' title="bbox 325 1579 1911 1649; baseline 0.001 -18"><span class='ocrx_word' id='word_1_150' title='bbox 325 1583 408 1644; x_wconf 81' lang='grc' dir='ltr'>τῆς</span> <span class='ocrx_word' id='word_1_151' title='bbox 433 1581 482 1631; x_wconf 82' lang='grc' dir='ltr'>ἐν</span> <span class='ocrx_word' id='word_1_152' title='bbox 507 1580 665 1645; x_wconf 78' lang='grc' dir='ltr'>Ἀδὰμ</span> <span class='ocrx_word' id='word_1_153' title='bbox 696 1579 901 1648; x_wconf 79' lang='grc' dir='ltr'>κατάρας</span> <span class='ocrx_word' id='word_1_154' title='bbox 936 1580 1235 1648; x_wconf 87' lang='grc' dir='ltr'>κληρονόμοι.</span> <span class='ocrx_word' id='word_1_155' title='bbox 1285 1583 1338 1633; x_wconf 85' lang='grc' dir='ltr'>οὐ</span> <span class='ocrx_word' id='word_1_156' title='bbox 1376 1581 1469 1649; x_wconf 80' lang='grc' dir='ltr'>γὰρ</span> <span class='ocrx_word' id='word_1_157' title='bbox 1493 1581 1681 1635; x_wconf 79' lang='grc' dir='ltr'>πάντως</span> <span class='ocrx_word' id='word_1_158' title='bbox 1719 1583 1782 1636; x_wconf 87' lang='grc' dir='ltr'>ὡς</span> <span class='ocrx_word' id='word_1_159' title='bbox 1819 1580 1911 1633; x_wconf 82' lang='grc' dir='ltr'>σὺν</span> 
     </span>
     <span class='ocr_line' id='line_1_26' title="bbox 326 1663 1905 1732; baseline 0.001 -19"><span class='ocrx_word' id='word_1_160' title='bbox 326 1663 481 1732; x_wconf 78' lang='grc' dir='ltr'>ἐκείνῳ</span> <span class='ocrx_word' id='word_1_161' title='bbox 521 1663 908 1729; x_wconf 84' lang='grc' dir='ltr'>παρακούσαντες</span> <span class='ocrx_word' id='word_1_162' title='bbox 945 1666 1028 1728; x_wconf 86' lang='grc' dir='ltr'>τῆς</span> <span class='ocrx_word' id='word_1_163' title='bbox 1067 1664 1192 1718; x_wconf 85' lang='grc' dir='ltr'>θείας</span> <span class='ocrx_word' id='word_1_164' title='bbox 1230 1665 1422 1728; x_wconf 85' lang='grc' dir='ltr'>ἐντολῆς</span> <span class='ocrx_word' id='word_1_165' title='bbox 1459 1664 1514 1728; x_wconf 79' lang='grc' dir='ltr'>ἧς</span> <span class='ocrx_word' id='word_1_166' title='bbox 1551 1663 1741 1732; x_wconf 79' lang='grc' dir='ltr'>ἐδέξατο</span> <span class='ocrx_word' id='word_1_167' title='bbox 1783 1686 1905 1714; x_wconf 88' lang='grc' dir='ltr'>τετι-</span> 
     </span>
     <span class='ocr_line' id='line_1_27' title="bbox 327 1743 1915 1813; baseline -0.001 -17"><span class='ocrx_word' id='word_1_168' title='bbox 327 1745 596 1810; x_wconf 87' lang='grc' dir='ltr'>μωρήμεθα,</span> <span class='ocrx_word' id='word_1_169' title='bbox 639 1745 749 1796; x_wconf 86' lang='grc' dir='ltr'>ἀλλ’</span> <span class='ocrx_word' id='word_1_170' title='bbox 794 1744 878 1808; x_wconf 79' lang='grc' dir='ltr'>ὅτι,</span> <span class='ocrx_word' id='word_1_171' title='bbox 919 1747 981 1799; x_wconf 86' lang='grc' dir='ltr'>ὡς</span> <span class='ocrx_word' id='word_1_172' title='bbox 1018 1745 1152 1813; x_wconf 74' lang='grc' dir='ltr'>ἔφην,</span> <span class='ocrx_word' id='word_1_173' title='bbox 1191 1745 1361 1810; x_wconf 83' lang='grc' dir='ltr'>θνητὸς</span> <span class='ocrx_word' id='word_1_174' title='bbox 1398 1744 1619 1811; x_wconf 83' lang='grc' dir='ltr'>γεγονὼς,</span> <span class='ocrx_word' id='word_1_175' title='bbox 1660 1749 1722 1799; x_wconf 82' lang='grc' dir='ltr'>εἷς</span> <span class='ocrx_word' id='word_1_176' title='bbox 1763 1743 1818 1795; x_wconf 80' lang='grc' dir='ltr'>τὸ</span> <span class='ocrx_word' id='word_1_177' title='bbox 1858 1744 1915 1812; x_wconf 75' lang='grc' dir='ltr'>ἐξ</span> 
     </span>
     <span class='ocr_line' id='line_1_28' title="bbox 328 1825 1911 1895; baseline -0.001 -18"><span class='ocrx_word' id='word_1_178' title='bbox 328 1828 470 1877; x_wconf 84' lang='grc' dir='ltr'>αὐτοῦ</span> <span class='ocrx_word' id='word_1_179' title='bbox 506 1826 699 1892; x_wconf 85' lang='grc' dir='ltr'>σπέρμα</span> <span class='ocrx_word' id='word_1_180' title='bbox 731 1827 1014 1895; x_wconf 74' lang='grc' dir='ltr'>παρέπεμψε</span> <span class='ocrx_word' id='word_1_181' title='bbox 1047 1827 1132 1890; x_wconf 88' lang='grc' dir='ltr'>τὴν</span> <span class='ocrx_word' id='word_1_182' title='bbox 1159 1825 1294 1892; x_wconf 80' lang='grc' dir='ltr'>ἀράν·</span> <span class='ocrx_word' id='word_1_183' title='bbox 1346 1829 1506 1890; x_wconf 77' lang='grc' dir='ltr'>θνητοὶ</span> <span class='ocrx_word' id='word_1_184' title='bbox 1534 1827 1627 1893; x_wconf 79' lang='grc' dir='ltr'>γὰρ</span> <span class='ocrx_word' id='word_1_185' title='bbox 1653 1825 1911 1892; x_wconf 85' lang='grc' dir='ltr'>γεγόναμεν</span> 
     </span>
     <span class='ocr_line' id='line_1_29' title="bbox 328 1907 1981 1975; baseline -0.003 -15"><span class='ocrx_word' id='word_1_186' title='bbox 328 1911 378 1960; x_wconf 87' lang='grc' dir='ltr'>ἐκ</span> <span class='ocrx_word' id='word_1_187' title='bbox 405 1913 589 1972; x_wconf 90' lang='grc' dir='ltr'>θνητοῦ·</span> <span class='ocrx_word' id='word_1_188' title='bbox 637 1909 662 1958; x_wconf 89' lang='grc' dir='ltr'>ὁ</span> <span class='ocrx_word' id='word_1_189' title='bbox 690 1908 745 1958; x_wconf 82' lang='grc' dir='ltr'>δέ</span> <span class='ocrx_word' id='word_1_190' title='bbox 773 1931 828 1974; x_wconf 86' lang='grc' dir='ltr'>γε</span> <span class='ocrx_word' id='word_1_191' title='bbox 857 1907 1030 1973; x_wconf 85' lang='grc' dir='ltr'>Κύριος</span> <span class='ocrx_word' id='word_1_192' title='bbox 1056 1909 1188 1971; x_wconf 81' lang='grc' dir='ltr'>ἡμῶν</span> <span class='ocrx_word' id='word_1_193' title='bbox 1211 1910 1399 1972; x_wconf 85' lang='grc' dir='ltr'>Ἰησοῦς</span> <span class='ocrx_word' id='word_1_194' title='bbox 1426 1910 1450 1959; x_wconf 85' lang='grc' dir='ltr'>ὁ</span> <span class='ocrx_word' id='word_1_195' title='bbox 1477 1907 1689 1974; x_wconf 84' lang='grc' dir='ltr'>Χριστὸς</span> <span class='ocrx_word' id='word_1_196' title='bbox 1719 1930 1906 1975; x_wconf 83' lang='grc' dir='ltr'>χρημα-</span> <span class='ocrx_word' id='word_1_197' title='bbox 1932 1931 1981 1955; x_wconf 89' lang='lat'>20</span> 
     </span>
     <span class='ocr_line' id='line_1_30' title="bbox 330 1988 1911 2056; baseline -0.001 -16"><span class='ocrx_word' id='word_1_198' title='bbox 330 1988 468 2043; x_wconf 87' lang='grc' dir='ltr'>τίσας</span> <span class='ocrx_word' id='word_1_199' title='bbox 509 1989 718 2055; x_wconf 84' lang='grc' dir='ltr'>δεύτερος</span> <span class='ocrx_word' id='word_1_200' title='bbox 743 1989 920 2053; x_wconf 80' lang='grc' dir='ltr'>Ἀδὰμ,</span> <span class='ocrx_word' id='word_1_201' title='bbox 963 1990 1041 2040; x_wconf 77' lang='grc' dir='ltr'>καὶ</span> <span class='ocrx_word' id='word_1_202' title='bbox 1078 1989 1200 2056; x_wconf 84' lang='grc' dir='ltr'>ἀρχὴ</span> <span class='ocrx_word' id='word_1_203' title='bbox 1234 1995 1317 2040; x_wconf 91' lang='grc' dir='ltr'>τοῦ</span> <span class='ocrx_word' id='word_1_204' title='bbox 1353 1989 1516 2054; x_wconf 83' lang='grc' dir='ltr'>γένους</span> <span class='ocrx_word' id='word_1_205' title='bbox 1553 1990 1685 2053; x_wconf 82' lang='grc' dir='ltr'>ἡμῶν</span> <span class='ocrx_word' id='word_1_206' title='bbox 1722 1989 1911 2054; x_wconf 79' lang='grc' dir='ltr'>δευτέρα</span> 
     </span>
     <span class='ocr_line' id='line_1_31' title="bbox 328 2070 1906 2139; baseline 0 -17"><span class='ocrx_word' id='word_1_207' title='bbox 328 2071 447 2136; x_wconf 79' lang='grc' dir='ltr'>μετὰ</span> <span class='ocrx_word' id='word_1_208' title='bbox 478 2070 564 2136; x_wconf 87' lang='grc' dir='ltr'>τὴν</span> <span class='ocrx_word' id='word_1_209' title='bbox 589 2071 795 2138; x_wconf 81' lang='grc' dir='ltr'>πρώτην,</span> <span class='ocrx_word' id='word_1_210' title='bbox 822 2071 1162 2139; x_wconf 82' lang='grc' dir='ltr'>ἀνεμόρφωσεν</span> <span class='ocrx_word' id='word_1_211' title='bbox 1187 2071 1308 2135; x_wconf 84' lang='grc' dir='ltr'>ἡμᾶς</span> <span class='ocrx_word' id='word_1_212' title='bbox 1340 2074 1402 2125; x_wconf 78' lang='grc' dir='ltr'>εἷς</span> <span class='ocrx_word' id='word_1_213' title='bbox 1434 2070 1722 2139; x_wconf 81' lang='grc' dir='ltr'>ἀφθαρσίαν,</span> <span class='ocrx_word' id='word_1_214' title='bbox 1748 2093 1906 2137; x_wconf 91' lang='grc' dir='ltr'>προσ-</span> 
     </span>
    </p>
   </div>
   <div class='ocr_carea' id='block_1_12' title="bbox 330 2230 1912 2693">
    <p class='ocr_par' dir='ltr' id='par_1_13' title="bbox 330 2230 1912 2693">
     <span class='ocr_line' id='line_1_32' title="bbox 377 2230 1912 2278; baseline -0.001 -11"><span class='ocrx_word' id='word_1_215' title='bbox 377 2244 411 2278; x_wconf 85' lang='grc'>3.</span> <span class='ocrx_word' id='word_1_216' title='bbox 439 2231 478 2277; x_wconf 70' lang='lat'>5]</span> <span class='ocrx_word' id='word_1_217' title='bbox 498 2231 551 2267; x_wconf 82' lang='lat' dir='ltr'>Ita</span> <span class='ocrx_word' id='word_1_218' title='bbox 567 2232 613 2267; x_wconf 87' lang='lat' dir='ltr'>A.</span> <span class='ocrx_word' id='word_1_219' title='bbox 674 2232 854 2276; x_wconf 77' lang='grc' dir='ltr'>εὐθύνομεν</span> <span class='ocrx_word' id='word_1_220' title='bbox 866 2232 912 2267; x_wconf 89' lang='grc' dir='ltr'>Α.</span> <span class='ocrx_word' id='word_1_221' title='bbox 930 2231 1117 2276; x_wconf 80' lang='grc' dir='ltr'>εὐθύνωμεν</span> <span class='ocrx_word' id='word_1_222' title='bbox 1136 2231 1176 2267; x_wconf 90' lang='lat' dir='ltr'>C.</span> <span class='ocrx_word' id='word_1_223' title='bbox 1193 2232 1364 2276; x_wconf 84' lang='grc' dir='ltr'>ἐκτίνομεν</span> <span class='ocrx_word' id='word_1_224' title='bbox 1380 2232 1409 2266; x_wconf 95' lang='grc' dir='ltr'><strong>Α</strong></span> <span class='ocrx_word' id='word_1_225' title='bbox 1422 2243 1508 2278; x_wconf 67' lang='lat' dir='ltr'>mg„</span> <span class='ocrx_word' id='word_1_226' title='bbox 1527 2242 1636 2266; x_wconf 87' lang='lat' dir='ltr'>manu</span> <span class='ocrx_word' id='word_1_227' title='bbox 1653 2237 1692 2265; x_wconf 89' lang='lat' dir='ltr'>ut</span> <span class='ocrx_word' id='word_1_228' title='bbox 1710 2230 1782 2266; x_wconf 88' lang='lat' dir='ltr'>vid.</span> <span class='ocrx_word' id='word_1_229' title='bbox 1799 2232 1912 2276; x_wconf 85' lang='lat' dir='ltr'>prima</span> 
     </span>
     <span class='ocr_line' id='line_1_33' title="bbox 330 2278 1910 2324; baseline -0.001 -11"><span class='ocrx_word' id='word_1_230' title='bbox 330 2279 367 2324; x_wconf 87' lang='lat' dir='ltr'>(i.</span> <span class='ocrx_word' id='word_1_231' title='bbox 379 2291 408 2313; x_wconf 90' lang='lat' dir='ltr'>e.</span> <span class='ocrx_word' id='word_1_232' title='bbox 427 2279 574 2314; x_wconf 87' lang='lat' dir='ltr'>verbum</span> <span class='ocrx_word' id='word_1_233' title='bbox 592 2279 797 2324; x_wconf 85' lang='lat' dir='ltr'>explicans).</span> <span class='ocrx_word' id='word_1_234' title='bbox 815 2279 985 2323; x_wconf 78' lang='grc' dir='ltr'>ἐκτίνωμεν</span> <span class='ocrx_word' id='word_1_235' title='bbox 1003 2279 1050 2313; x_wconf 91' lang='lat' dir='ltr'>D.</span> <span class='ocrx_word' id='word_1_236' title='bbox 1069 2279 1236 2313; x_wconf 85' lang='grc' dir='ltr'>ἐκτίνουσι</span> <span class='ocrx_word' id='word_1_237' title='bbox 1252 2279 1313 2323; x_wconf 81' lang='grc' dir='ltr'>μὲν</span> <span class='ocrx_word' id='word_1_238' title='bbox 1331 2279 1398 2313; x_wconf 79' lang='lat' dir='ltr'>Ed.</span> <span class='ocrx_word' id='word_1_239' title='bbox 1628 2288 1659 2323; x_wconf 89' lang='lat'>7.</span> <span class='ocrx_word' id='word_1_240' title='bbox 1678 2281 1751 2312; x_wconf 76' lang='grc' dir='ltr'>οὔτε</span> <span class='ocrx_word' id='word_1_241' title='bbox 1771 2278 1910 2312; x_wconf 89' lang='lat' dir='ltr'><strong>A.C.D.</strong></span> 
     </span>
     <span class='ocr_line' id='line_1_34' title="bbox 330 2323 1911 2370; baseline -0.001 -11"><span class='ocrx_word' id='word_1_242' title='bbox 330 2326 397 2360; x_wconf 80' lang='grc' dir='ltr'>οὔτ’</span> <span class='ocrx_word' id='word_1_243' title='bbox 418 2325 484 2359; x_wconf 88' lang='lat' dir='ltr'>Ed.</span> <span class='ocrx_word' id='word_1_244' title='bbox 686 2337 719 2370; x_wconf 89' lang='lat'>9.</span> <span class='ocrx_word' id='word_1_245' title='bbox 747 2326 800 2359; x_wconf 88' lang='lat' dir='ltr'>Ita</span> <span class='ocrx_word' id='word_1_246' title='bbox 817 2325 906 2360; x_wconf 88' lang='lat' dir='ltr'><strong>A.C.</strong></span> <span class='ocrx_word' id='word_1_247' title='bbox 925 2326 1049 2370; x_wconf 86' lang='grc' dir='ltr'>κεφαλ.</span> <span class='ocrx_word' id='word_1_248' title='bbox 1068 2323 1094 2368; x_wconf 84' lang='grc' dir='ltr'>η’</span> <span class='ocrx_word' id='word_1_249' title='bbox 1116 2325 1162 2358; x_wconf 92' lang='lat' dir='ltr'>D.</span> <span class='ocrx_word' id='word_1_250' title='bbox 1182 2325 1249 2360; x_wconf 90' lang='lat' dir='ltr'>Ed.</span> <span class='ocrx_word' id='word_1_251' title='bbox 1461 2336 1513 2359; x_wconf 87' lang='lat'>12.</span> <span class='ocrx_word' id='word_1_252' title='bbox 1540 2324 1678 2369; x_wconf 78' lang='grc' dir='ltr'>ἤκουσε]</span> <span class='ocrx_word' id='word_1_253' title='bbox 1702 2328 1739 2364; x_wconf 85' lang='grc' dir='ltr'>-Ι-</span> <span class='ocrx_word' id='word_1_254' title='bbox 1759 2325 1825 2370; x_wconf 86' lang='grc' dir='ltr'>γὰρ</span> <span class='ocrx_word' id='word_1_255' title='bbox 1844 2324 1911 2358; x_wconf 88' lang='lat' dir='ltr'>Ed.</span> 
     </span>
     <span class='ocr_line' id='line_1_35' title="bbox 330 2371 1910 2416; baseline -0.001 -11"><span class='ocrx_word' id='word_1_256' title='bbox 330 2372 612 2416; x_wconf 75' lang='lat' dir='ltr'>repugnantibus</span> <span class='ocrx_word' id='word_1_257' title='bbox 630 2372 769 2406; x_wconf 87' lang='lat' dir='ltr'><strong>A.C.D.</strong></span> <span class='ocrx_word' id='word_1_258' title='bbox 944 2382 996 2415; x_wconf 85' lang='lat'>13.</span> <span class='ocrx_word' id='word_1_259' title='bbox 1021 2371 1190 2415; x_wconf 82' lang='grc' dir='ltr'>ὑπηνέχθη</span> <span class='ocrx_word' id='word_1_260' title='bbox 1209 2371 1348 2406; x_wconf 88' lang='lat' dir='ltr'><strong>A.C.D.</strong></span> <span class='ocrx_word' id='word_1_261' title='bbox 1366 2371 1531 2416; x_wconf 84' lang='grc' dir='ltr'>ὑπενέχθη</span> <span class='ocrx_word' id='word_1_262' title='bbox 1551 2371 1617 2405; x_wconf 88' lang='lat' dir='ltr'>Ed.</span> <span class='ocrx_word' id='word_1_263' title='bbox 1689 2373 1749 2405; x_wconf 85' lang='grc' dir='ltr'>τοῦ</span> <span class='ocrx_word' id='word_1_264' title='bbox 1766 2371 1910 2405; x_wconf 83' lang='grc' dir='ltr'>θανάτου</span> 
     </span>
     <span class='ocr_line' id='line_1_36' title="bbox 331 2417 1911 2461; baseline 0.001 -11"><span class='ocrx_word' id='word_1_265' title='bbox 331 2418 470 2461; x_wconf 79' lang='grc' dir='ltr'>δεσμοῖς</span> <span class='ocrx_word' id='word_1_266' title='bbox 487 2418 553 2451; x_wconf 86' lang='lat' dir='ltr'>hoc</span> <span class='ocrx_word' id='word_1_267' title='bbox 571 2418 691 2452; x_wconf 85' lang='lat' dir='ltr'>ordine</span> <span class='ocrx_word' id='word_1_268' title='bbox 710 2417 797 2452; x_wconf 88' lang='lat' dir='ltr'><strong>A.C.</strong></span> <span class='ocrx_word' id='word_1_269' title='bbox 943 2429 995 2460; x_wconf 90' lang='lat'>14.</span> <span class='ocrx_word' id='word_1_270' title='bbox 1014 2420 1113 2451; x_wconf 85' lang='grc' dir='ltr'>τοῦτο</span> <span class='ocrx_word' id='word_1_271' title='bbox 1131 2417 1271 2451; x_wconf 89' lang='lat' dir='ltr'><strong>A.C.D.</strong></span> <span class='ocrx_word' id='word_1_272' title='bbox 1290 2421 1410 2452; x_wconf 85' lang='grc' dir='ltr'>τοῦτον</span> <span class='ocrx_word' id='word_1_273' title='bbox 1428 2418 1494 2452; x_wconf 85' lang='lat' dir='ltr'>Ed.</span> <span class='ocrx_word' id='word_1_274' title='bbox 1560 2417 1598 2459; x_wconf 80' lang='grc' dir='ltr'>ἐξ</span> <span class='ocrx_word' id='word_1_275' title='bbox 1615 2417 1717 2450; x_wconf 82' lang='grc' dir='ltr'>αὐτοῦ</span> <span class='ocrx_word' id='word_1_276' title='bbox 1733 2418 1911 2461; x_wconf 81' lang='grc' dir='ltr'>γεγονότες</span> 
     </span>
     <span class='ocr_line' id='line_1_37' title="bbox 331 2462 1909 2507; baseline -0.001 -10"><span class='ocrx_word' id='word_1_277' title='bbox 331 2463 398 2497; x_wconf 91' lang='lat' dir='ltr'>hoc</span> <span class='ocrx_word' id='word_1_278' title='bbox 417 2463 539 2497; x_wconf 81' lang='lat' dir='ltr'>ordine</span> <span class='ocrx_word' id='word_1_279' title='bbox 557 2464 645 2498; x_wconf 86' lang='lat' dir='ltr'><strong>A.C.</strong></span> <span class='ocrx_word' id='word_1_280' title='bbox 945 2473 999 2507; x_wconf 88' lang='lat'>15.</span> <span class='ocrx_word' id='word_1_281' title='bbox 1025 2464 1070 2498; x_wconf 80' lang='grc' dir='ltr'>ὡς</span> <span class='ocrx_word' id='word_1_282' title='bbox 1086 2475 1156 2497; x_wconf 90' lang='lat' dir='ltr'>om.</span> <span class='ocrx_word' id='word_1_283' title='bbox 1178 2463 1219 2497; x_wconf 91' lang='lat' dir='ltr'>C.</span> <span class='ocrx_word' id='word_1_284' title='bbox 1269 2464 1323 2497; x_wconf 82' lang='grc' dir='ltr'>καί</span> <span class='ocrx_word' id='word_1_285' title='bbox 1340 2469 1561 2507; x_wconf 86' lang='lat' dir='ltr'>assumptum</span> <span class='ocrx_word' id='word_1_286' title='bbox 1579 2474 1620 2496; x_wconf 86' lang='lat' dir='ltr'>ex</span> <span class='ocrx_word' id='word_1_287' title='bbox 1637 2464 1681 2496; x_wconf 89' lang='lat' dir='ltr'>A.</span> <span class='ocrx_word' id='word_1_288' title='bbox 1701 2462 1796 2496; x_wconf 81' lang='lat' dir='ltr'>deest</span> <span class='ocrx_word' id='word_1_289' title='bbox 1812 2463 1846 2496; x_wconf 91' lang='lat' dir='ltr'>in</span> <span class='ocrx_word' id='word_1_290' title='bbox 1868 2462 1909 2496; x_wconf 87' lang='lat' dir='ltr'>C.</span> 
     </span>
     <span class='ocr_line' id='line_1_38' title="bbox 335 2508 1910 2554; baseline -0.001 -11"><span class='ocrx_word' id='word_1_291' title='bbox 335 2520 389 2554; x_wconf 88' lang='lat'>17.</span> <span class='ocrx_word' id='word_1_292' title='bbox 414 2509 875 2553; x_wconf 71' lang='grc' dir='ltr'>παρακούσαντες-ἐδέξατο</span> <span class='ocrx_word' id='word_1_293' title='bbox 901 2509 944 2543; x_wconf 91' lang='grc' dir='ltr'>Α.</span> <span class='ocrx_word' id='word_1_294' title='bbox 971 2509 1332 2553; x_wconf 75' lang='grc' dir='ltr'>παρακούσαντες-ἧς</span> <span class='ocrx_word' id='word_1_295' title='bbox 1354 2510 1478 2544; x_wconf 80' lang='grc' dir='ltr'>ἐκεῖνος</span> <span class='ocrx_word' id='word_1_296' title='bbox 1504 2509 1642 2551; x_wconf 78' lang='grc' dir='ltr'>ἐδέξατο</span> <span class='ocrx_word' id='word_1_297' title='bbox 1664 2508 1705 2542; x_wconf 89' lang='lat' dir='ltr'>C.</span> <span class='ocrx_word' id='word_1_298' title='bbox 1732 2510 1791 2552; x_wconf 86' lang='grc' dir='ltr'>τῆς</span> <span class='ocrx_word' id='word_1_299' title='bbox 1817 2509 1910 2542; x_wconf 86' lang='grc' dir='ltr'>ἐντο-</span> 
     </span>
     <span class='ocr_line' id='line_1_39' title="bbox 330 2553 1909 2599; baseline 0.001 -11"><span class='ocrx_word' id='word_1_300' title='bbox 330 2557 394 2598; x_wconf 81' lang='grc' dir='ltr'>λῆς</span> <span class='ocrx_word' id='word_1_301' title='bbox 441 2556 714 2598; x_wconf 79' lang='grc' dir='ltr'>παρακούσαντες</span> <span class='ocrx_word' id='word_1_302' title='bbox 742 2556 779 2599; x_wconf 81' lang='grc' dir='ltr'>ἧς</span> <span class='ocrx_word' id='word_1_303' title='bbox 808 2556 949 2598; x_wconf 79' lang='grc' dir='ltr'>ἐδέξατο</span> <span class='ocrx_word' id='word_1_304' title='bbox 976 2556 1024 2590; x_wconf 93' lang='lat' dir='ltr'>D.</span> <span class='ocrx_word' id='word_1_305' title='bbox 1050 2557 1108 2598; x_wconf 80' lang='grc' dir='ltr'>τῆς</span> <span class='ocrx_word' id='word_1_306' title='bbox 1132 2555 1269 2598; x_wconf 79' lang='grc' dir='ltr'>ἐντολῆς</span> <span class='ocrx_word' id='word_1_307' title='bbox 1294 2555 1333 2598; x_wconf 77' lang='grc' dir='ltr'>ἧς</span> <span class='ocrx_word' id='word_1_308' title='bbox 1366 2555 1504 2598; x_wconf 79' lang='grc' dir='ltr'>ἐδέξατο</span> <span class='ocrx_word' id='word_1_309' title='bbox 1535 2553 1811 2599; x_wconf 81' lang='grc' dir='ltr'>παρακούσαντες</span> <span class='ocrx_word' id='word_1_310' title='bbox 1840 2555 1909 2589; x_wconf 87' lang='lat' dir='ltr'>Ed.</span> 
     </span>
     <span class='ocr_line' id='line_1_40' title="bbox 335 2601 1911 2646; baseline -0.001 -10"><span class='ocrx_word' id='word_1_311' title='bbox 335 2604 389 2636; x_wconf 85' lang='grc'>18.</span> <span class='ocrx_word' id='word_1_312' title='bbox 416 2603 535 2635; x_wconf 83' lang='grc' dir='ltr'>ἑαυτοῦ</span> <span class='ocrx_word' id='word_1_313' title='bbox 554 2613 616 2646; x_wconf 82' lang='lat' dir='ltr'>pro</span> <span class='ocrx_word' id='word_1_314' title='bbox 634 2602 671 2646; x_wconf 78' lang='grc' dir='ltr'>ἐξ</span> <span class='ocrx_word' id='word_1_315' title='bbox 688 2602 790 2635; x_wconf 79' lang='grc' dir='ltr'>αὐτοῦ</span> <span class='ocrx_word' id='word_1_316' title='bbox 809 2602 849 2635; x_wconf 86' lang='lat' dir='ltr'>C.</span> <span class='ocrx_word' id='word_1_317' title='bbox 1050 2612 1105 2635; x_wconf 93' lang='lat'>20.</span> <span class='ocrx_word' id='word_1_318' title='bbox 1132 2601 1269 2646; x_wconf 85' lang='grc' dir='ltr'>θνητοῦ]</span> <span class='ocrx_word' id='word_1_319' title='bbox 1290 2602 1367 2635; x_wconf 87' lang='grc' dir='ltr'>θεοῦ</span> <span class='ocrx_word' id='word_1_320' title='bbox 1386 2601 1465 2645; x_wconf 86' lang='lat' dir='ltr'>(sic)</span> <span class='ocrx_word' id='word_1_321' title='bbox 1486 2601 1527 2635; x_wconf 85' lang='lat' dir='ltr'>C.</span> <span class='ocrx_word' id='word_1_322' title='bbox 1578 2602 1702 2634; x_wconf 79' lang='lat' dir='ltr'><strong>Statim</strong></span> <span class='ocrx_word' id='word_1_323' title='bbox 1720 2603 1911 2645; x_wconf 82' lang='grc' dir='ltr'>ὁ-νεκρῶν</span> 
     </span>
     <span class='ocr_line' id='line_1_41' title="bbox 332 2647 1909 2693; baseline 0 -12"><span class='ocrx_word' id='word_1_324' title='bbox 332 2648 383 2693; x_wconf 90' lang='lat' dir='ltr'>(p.</span> <span class='ocrx_word' id='word_1_325' title='bbox 401 2648 481 2693; x_wconf 81' lang='lat'><strong>561,</strong></span> <span class='ocrx_word' id='word_1_326' title='bbox 496 2647 544 2692; x_wconf 87' lang='lat'>4.)</span> <span class='ocrx_word' id='word_1_327' title='bbox 571 2648 653 2682; x_wconf 83' lang='lat' dir='ltr'>citat</span> <span class='ocrx_word' id='word_1_328' title='bbox 678 2649 834 2682; x_wconf 82' lang='lat' dir='ltr'>collectio</span> <span class='ocrx_word' id='word_1_329' title='bbox 851 2647 1132 2681; x_wconf 87' lang='lat' dir='ltr'>testimoniorum</span> <span class='ocrx_word' id='word_1_330' title='bbox 1150 2647 1280 2692; x_wconf 84' lang='lat' dir='ltr'>syriace</span> <span class='ocrx_word' id='word_1_331' title='bbox 1297 2648 1333 2681; x_wconf 88' lang='lat' dir='ltr'>in</span> <span class='ocrx_word' id='word_1_332' title='bbox 1352 2648 1440 2681; x_wconf 80' lang='lat' dir='ltr'><strong>Brit.</strong></span> <span class='ocrx_word' id='word_1_333' title='bbox 1460 2648 1555 2681; x_wconf 82' lang='lat' dir='ltr'>Mus.</span> <span class='ocrx_word' id='word_1_334' title='bbox 1575 2647 1664 2681; x_wconf 86' lang='lat' dir='ltr'>Cod.</span> <span class='ocrx_word' id='word_1_335' title='bbox 1682 2647 1763 2681; x_wconf 80' lang='lat' dir='ltr'>add.</span> <span class='ocrx_word' id='word_1_336' title='bbox 1786 2656 1909 2692; x_wconf 89' lang='lat'>14532,</span> 
     </span>
    </p>
   </div>
   <div class='ocr_carea' id='block_1_13' title="bbox 332 2686 1910 2763">
    <p class='ocr_par' dir='ltr' id='par_1_14' title="bbox 332 2686 1910 2763">
     <span class='ocr_line' id='line_1_42' title="bbox 332 2686 1910 2763; baseline 0.001 -20"><span class='ocrx_word' id='word_1_337' title='bbox 332 2709 448 2754; x_wconf 82' lang='lat' dir='ltr'><strong>fol.49</strong></span> <span class='ocrx_word' id='word_1_338' title='bbox 463 2721 496 2749; x_wconf 91' lang='lat' dir='ltr'>v,</span> <span class='ocrx_word' id='word_1_339' title='bbox 516 2709 583 2743; x_wconf 80' lang='lat' dir='ltr'>sub</span> <span class='ocrx_word' id='word_1_340' title='bbox 600 2709 707 2743; x_wconf 71' lang='lat' dir='ltr'>titulo</span> <span class='ocrx_word' id='word_1_341' title='bbox 726 2713 874 2745; x_wconf 47' lang='lat'>³253</span> <span class='ocrx_word' id='word_1_342' title='bbox 896 2686 1153 2743; x_wconf 46' lang='grc' dir='ltr'>ήλκαιπ</span> <span class='ocrx_word' id='word_1_343' title='bbox 1173 2696 1327 2744; x_wconf 66' lang='grc' dir='ltr'>Ρί-ιῖ-ῖ-</span> <span class='ocrx_word' id='word_1_344' title='bbox 1348 2711 1417 2763; x_wconf 55' lang='grc' dir='ltr'>(ΞΒ</span> <span class='ocrx_word' id='word_1_345' title='bbox 1444 2687 1684 2745; x_wconf 53' lang='lat' dir='ltr'>med-sian</span> <span class='ocrx_word' id='word_1_346' title='bbox 1710 2703 1910 2745; x_wconf 47' lang='lat' dir='ltr'>dia-‘22³</span> 
     </span>
    </p>
   </div>
   <div class='ocr_carea' id='block_1_14' title="bbox 331 2753 1910 2964">
    <p class='ocr_par' dir='ltr' id='par_1_15' title="bbox 331 2753 1910 2964">
     <span class='ocr_line' id='line_1_43' title="bbox 332 2753 1908 2820; baseline -0.001 -11"><span class='ocrx_word' id='word_1_347' title='bbox 332 2763 492 2812; x_wconf 58' lang='lat' dir='ltr'>‘&#39;C-»5³³</span> <span class='ocrx_word' id='word_1_348' title='bbox 524 2753 632 2808; x_wconf 43' lang='lat' dir='ltr'>3!ssss</span> <span class='ocrx_word' id='word_1_349' title='bbox 662 2776 784 2809; x_wconf 80' lang='lat' dir='ltr'>Sancti</span> <span class='ocrx_word' id='word_1_350' title='bbox 813 2774 938 2817; x_wconf 69' lang='lat' dir='ltr'>cyrilli</span> <span class='ocrx_word' id='word_1_351' title='bbox 963 2786 979 2806; x_wconf 85' lang='lat' dir='ltr'>e</span> <span class='ocrx_word' id='word_1_352' title='bbox 1003 2775 1172 2808; x_wconf 74' lang='lat' dir='ltr'>solatione</span> <span class='ocrx_word' id='word_1_353' title='bbox 1190 2775 1423 2820; x_wconf 78' lang='lat' dir='ltr'>quaestionum</span> <span class='ocrx_word' id='word_1_354' title='bbox 1441 2788 1526 2820; x_wconf 79' lang='lat' dir='ltr'>quae</span> <span class='ocrx_word' id='word_1_355' title='bbox 1541 2775 1635 2820; x_wconf 79' lang='lat' dir='ltr'>fecit</span> <span class='ocrx_word' id='word_1_356' title='bbox 1653 2774 1700 2808; x_wconf 81' lang='lat' dir='ltr'>ad</span> <span class='ocrx_word' id='word_1_357' title='bbox 1714 2775 1908 2808; x_wconf 77' lang='lat' dir='ltr'>monachos.</span> 
     </span>
     <span class='ocr_line' id='line_1_44' title="bbox 332 2824 1910 2871; baseline -0.002 -10"><span class='ocrx_word' id='word_1_358' title='bbox 332 2837 388 2862; x_wconf 88' lang='lat'>20.</span> <span class='ocrx_word' id='word_1_359' title='bbox 415 2829 432 2860; x_wconf 89' lang='grc' dir='ltr'>ὁ</span> <span class='ocrx_word' id='word_1_360' title='bbox 450 2827 508 2861; x_wconf 81' lang='lat' dir='ltr'><strong>alt.</strong></span> <span class='ocrx_word' id='word_1_361' title='bbox 527 2832 748 2870; x_wconf 78' lang='lat' dir='ltr'>assumptum</span> <span class='ocrx_word' id='word_1_362' title='bbox 766 2838 807 2860; x_wconf 83' lang='lat' dir='ltr'>ex</span> <span class='ocrx_word' id='word_1_363' title='bbox 825 2826 868 2858; x_wconf 91' lang='lat' dir='ltr'>A.</span> <span class='ocrx_word' id='word_1_364' title='bbox 888 2824 984 2859; x_wconf 81' lang='lat' dir='ltr'>deest</span> <span class='ocrx_word' id='word_1_365' title='bbox 1003 2824 1039 2858; x_wconf 86' lang='lat' dir='ltr'>in</span> <span class='ocrx_word' id='word_1_366' title='bbox 1058 2825 1099 2860; x_wconf 87' lang='lat' dir='ltr'>C.</span> <span class='ocrx_word' id='word_1_367' title='bbox 1169 2827 1383 2871; x_wconf 84' lang='grc' dir='ltr'>χρηματίσας</span> <span class='ocrx_word' id='word_1_368' title='bbox 1404 2826 1560 2871; x_wconf 78' lang='grc' dir='ltr'>δεύτερος</span> <span class='ocrx_word' id='word_1_369' title='bbox 1583 2826 1671 2870; x_wconf 80' lang='grc' dir='ltr'>ἅδὰμ</span> <span class='ocrx_word' id='word_1_370' title='bbox 1695 2825 1762 2860; x_wconf 91' lang='lat' dir='ltr'>hoc</span> <span class='ocrx_word' id='word_1_371' title='bbox 1787 2825 1910 2859; x_wconf 86' lang='lat' dir='ltr'>ordine</span> 
     </span>
     <span class='ocr_line' id='line_1_45' title="bbox 331 2871 1910 2918; baseline -0.001 -11"><span class='ocrx_word' id='word_1_372' title='bbox 331 2873 422 2907; x_wconf 87' lang='lat' dir='ltr'><strong>A.C.</strong></span> <span class='ocrx_word' id='word_1_373' title='bbox 442 2873 596 2918; x_wconf 80' lang='grc' dir='ltr'>δεύτερος</span> <span class='ocrx_word' id='word_1_374' title='bbox 613 2872 702 2917; x_wconf 83' lang='grc' dir='ltr'>ἀδὰμ</span> <span class='ocrx_word' id='word_1_375' title='bbox 719 2871 932 2916; x_wconf 83' lang='grc' dir='ltr'>χρηματίσας</span> <span class='ocrx_word' id='word_1_376' title='bbox 950 2871 1017 2905; x_wconf 86' lang='lat' dir='ltr'>Ed.</span> <span class='ocrx_word' id='word_1_377' title='bbox 1208 2883 1262 2906; x_wconf 85' lang='lat'>22.</span> <span class='ocrx_word' id='word_1_378' title='bbox 1287 2873 1534 2918; x_wconf 85' lang='grc' dir='ltr'>ἀνεμόρφωσεν</span> <span class='ocrx_word' id='word_1_379' title='bbox 1549 2871 1634 2916; x_wconf 78' lang='grc' dir='ltr'>ἡμᾶς</span> <span class='ocrx_word' id='word_1_380' title='bbox 1650 2872 1696 2908; x_wconf 78' lang='grc' dir='ltr'>εἷς</span> <span class='ocrx_word' id='word_1_381' title='bbox 1712 2871 1910 2917; x_wconf 81' lang='grc' dir='ltr'>ἀφθαρσίαν</span> 
     </span>
     <span class='ocr_line' id='line_1_46' title="bbox 331 2917 1370 2964; baseline 0 -11"><span class='ocrx_word' id='word_1_382' title='bbox 331 2920 398 2953; x_wconf 91' lang='lat' dir='ltr'>hoc</span> <span class='ocrx_word' id='word_1_383' title='bbox 416 2919 538 2953; x_wconf 80' lang='lat' dir='ltr'>ordine</span> <span class='ocrx_word' id='word_1_384' title='bbox 554 2919 643 2954; x_wconf 89' lang='lat' dir='ltr'><strong>A.C.</strong></span> <span class='ocrx_word' id='word_1_385' title='bbox 663 2919 709 2955; x_wconf 83' lang='grc' dir='ltr'>εἷς</span> <span class='ocrx_word' id='word_1_386' title='bbox 725 2918 923 2964; x_wconf 83' lang='grc' dir='ltr'>ἀφθαρσίαν</span> <span class='ocrx_word' id='word_1_387' title='bbox 939 2917 1024 2961; x_wconf 70' lang='grc' dir='ltr'>ἡμᾶς</span> <span class='ocrx_word' id='word_1_388' title='bbox 1040 2917 1286 2963; x_wconf 83' lang='grc' dir='ltr'>ἅνεμόρφωσεν</span> <span class='ocrx_word' id='word_1_389' title='bbox 1303 2919 1370 2953; x_wconf 86' lang='lat' dir='ltr'>Ed.</span> 
     </span>
    </p>
   </div>
  </div>
 </body>
</html>
