1981 3267
34 1621 90 1652 Es.
103 1621 150 1653 iii.

37 1673 87 1697 10.

257 115 313 154 28
651 120 701 161 B.
737 120 1017 161 CYRILLI
1059 123 1440 164 ALEXANDR.
1559 120 1842 170 xviii.12—14.

258 244 308 272 τε
343 226 425 286 τῆς·
463 225 628 278 ἑαυτοῦ
665 228 821 295 χειρὸς
853 234 936 279 τοῦ
965 229 1149 296 Πέτρου
1186 230 1273 294 τὴν
1311 230 1561 298 μάχαιραν,
1594 226 1846 279 ὑποθέντος

257 326 305 354 τε
345 304 509 372 ὥσπερ
544 313 644 361 ταῖς
682 314 776 359 τῶν
811 309 1051 361 Ἰουδαίων
1089 313 1252 378 χερσὶν
1290 312 1454 363 ἑαυτὸν
1492 316 1574 362 τοῦ
1614 313 1846 375 Χριστοῦ,

258 387 404 437 καίτοι
444 387 509 452 μὴ
550 394 716 440 παθεῖν
754 390 862 459 ἐξὸν
901 394 976 442 καὶ
1022 394 1264 458 διαδρᾶναι
1303 395 1433 462 ῥᾷον,
1477 391 1716 457 ἀνημέρως
1757 389 1847 454 ἤδη

214 468 482 534 ἆφέρονται
527 476 622 524 τοῖς
666 476 842 536 θυμοῖς,
888 475 964 524 καὶ
1008 478 1070 528 εἷς
1114 475 1301 542 ἄμαχον
1345 474 1508 540 ὥσπερ
1549 472 1848 524 ἀνακαίονται

258 549 451 615 θράσος,
480 552 527 602 οἵ
554 575 602 602 τε
632 559 920 620 στρατιῶται
959 554 1052 606 σὺν
1091 560 1157 626 τῷ
1197 561 1508 623 καθηγεῖσθαι
1547 553 1745 622 λαχόντι
1771 553 1846 603 καὶ

1866 571 1888 609 01

259 637 294 682 οἱ
335 630 428 682 σὺν
472 634 627 689 αὐτοῖς
668 635 889 707 ὑπηρέται.
948 638 1130 689 ε’ίκοντα
1181 638 1229 690 δὲ
1274 639 1364 703 ἠΙδη
1406 638 1525 705 πρὸς
1559 642 1655 689 πᾶν
1693 636 1848 686 ὁτιοῦν

257 713 413 767 αὐτοῖς
450 714 635 771 ἑλόντες
678 717 762 768 τὸν
798 719 988 785 Κύριον,
1031 723 1223 784 δεσμοῖς
1261 720 1348 784 μὲν
1388 721 1657 781 ἐντείνουσι,
1697 717 1847 768 καίτοι

258 794 332 845 διὰ
367 802 505 847 τοῦτο
539 796 658 863 πρὸς
690 800 811 863 ἡμᾶς
847 803 1125 870 ἀφιγμένον,
1151 803 1226 853 ἵνα
1259 806 1449 866 δεσμῶν
1480 803 1600 867 ἡμᾶς
1627 797 1846 870 {gemma

258 878 557 942 διαβολικῶν,
597 883 672 932 καὶ
716 883 767 933 ἐκ
813 887 908 934 τῶν
958 887 1040 948 τῆς
1089 885 1319 951 ἁμαρτίας
1363 884 1590 952 ἀπολύσῃ
1635 881 1841 949 βρόχων·

259 959 599 1026 ἀποκομίζουσι
631 962 679 1014 δὲ
714 964 821 1032 πρὶς
842 966 1017 1024 ’Ἃννοιν,
1047 965 1234 1035 πενθερὶν
1256 966 1369 1018 ὅντα
1399 969 1470 1018 τοῦ
1501 964 1715 1034 Καιάφα,
1742 962 1848 1014 ὅθεν
1871 981 1921 1008 10

258 1065 359 1095 πως
383 1042 494 1106 ἡμῖν
520 1043 699 1095 ἐἄπεισιν
725 1046 814 1111 ἤδη
842 1053 975 1111 νοεῖν,
1003 1048 1074 1099 ὅτι
1098 1054 1181 1099 τοῦ
1208 1048 1328 1100 κατὰ
1354 1046 1571 1115 Χριστὸν
1594 1049 1846 1110 ἀνοσιουρ-

220 1123 471 1189 ογήματος
521 1125 661 1181 αὐτὸς
703 1127 761 1193 ἧν
804 1130 896 1196 ἄρα
945 1133 1156 1199 τεχνίτης
1206 1134 1281 1183 καὶ
1328 1129 1687 1194 διασκευαστὴς,
1737 1128 1848 1193 παρ’

259 1206 401 1257 αὐτοῦ
439 1230 489 1258 τε
521 1208 641 1259 κατὰ
673 1210 726 1261 τὸ
758 1211 878 1265 εἰκὸς
914 1212 1330 1279 μεμισθαρνηκότα
1369 1212 1451 1264 τὸν
1489 1211 1726 1278 προδότην
1763 1207 1850 1273 τὴν

258 1290 643 1357 συλληψομένην
674 1291 756 1342 τὸν
787 1293 1004 1359 Χριστὸν
1040 1295 1286 1364 ἐξαιτῆσαι
1320 1295 1527 1359 πληθύν.
1589 1294 1714 1361 αὐτῷ
1744 1315 1845 1343 τοι-

257 1375 436 1436 γαροῦν
474 1372 805 1439 ἀποκομίζεται
843 1377 1034 1447 πρώτῳ.
1083 1375 1228 1427 ἐδόκει
1254 1376 1349 1443 γὰρ
1373 1382 1468 1430 τοῖς
1494 1376 1749 1435 Ἰουδαίοις,
1775 1374 1850 1425 καὶ
1870 1392 1918 1431 15

257 1452 413 1505 αὐτοῖς
452 1452 561 1516 ἡμῖν
587 1455 830 1524 ἀποδεῖξαι
869 1457 1152 1524 πράγμασιν
1181 1459 1353 1523 ἀληθὲς
1394 1460 1607 1526 ὑπάρχον
1645 1457 1734 1521 ἤδη
1774 1457 1850 1507 Καὶ

257 1533 411 1600 παρὸν
469 1534 584 1602 ὅπερ
635 1538 884 1605 ἐφαίνοντο
934 1541 1154 1606 λέγοντες
1205 1541 1281 1592 διὰ
1330 1544 1412 1606 τῆς
1463 1546 1547 1592 τοῦ
1599 1539 1849 1608 προφήτου

260 1619 422 1681 φωνῆς
452 1624 480 1646 “
500 1617 743 1682 Δήσωμεν
771 1621 853 1672 τὸν
887 1623 1077 1685 δίκαιον,
1106 1622 1178 1673 ὅτι
1217 1623 1522 1691 δύσχρηστος
1560 1623 1670 1687 ἡμῖν
1696 1621 1845 1673 ἐστι.”

260 1696 566 1765 δύσχρηστος
601 1699 695 1767 γὰρ
727 1701 873 1757 ὅντως
900 1703 1141 1759 Ἰουδαίοις
1166 1704 1224 1770 ἦν
1251 1706 1276 1755 ὁ
1304 1705 1532 1772 Χριστὸς,
1560 1706 1662 1772 οὐχὶ
1689 1709 1845 1755 τοιοῦ-

259 1802 340 1834 τος
384 1780 610 1849 ὑπάρχων
653 1782 804 1847 αὐτὸς,
850 1787 961 1836 ἀλλ’
1003 1788 1190 1854 ἐπείπερ
1229 1788 1384 1841 αὐτοῖς
1423 1787 1520 1856 ἕξιν
1560 1787 1724 1855 ε”χουσι
1762 1784 1849 1849 τὴν
1870 1810 1921 1836 20

35 1864 662 1931 1021Α.ἣφιλαμαρτήμονα
705 1868 781 1917 καὶ
821 1867 1094 1935 φιλήδονον,
1136 1869 1268 1921 οὐδὲν
1310 1869 1454 1922 ἐδόκει
1497 1874 1592 1921 τῶν
1640 1869 1850 1935 ἀρίστων

260 1945 507 2013 εἰσφέρειν,
533 1945 620 2011 τὴν
658 1947 774 2014 ὑπὲρ
806 1949 950 2014 νόμον
985 1951 1288 2017 δικαιοσύνην
1312 1952 1656 2019 εἰσηγούμενος,
1684 1953 1758 2002 καὶ
1794 1949 1848 2002 τὸ

259 2028 426 2078 δοκοῦν
474 2027 618 2083 ὅντως
667 2035 733 2100 τῷ
787 2033 1027 2104 φιλαρέτῳ
1073 2038 1182 2103 Θεῷ
1232 2037 1520 2100 περιστολῆς
1566 2057 1691 2088 τινος
1742 2034 1850 2101 δίχα

257 2113 528 2175 παρατιθεὶς
554 2114 617 2165 εἷς
643 2113 916 2178 ἐπίγνωσιν,
945 2117 998 2166 οὐ
1024 2115 1243 2180 τοιαύτην
1269 2116 1457 2184 ε”χοντος
1484 2122 1567 2167 τοῦ
1596 2115 1740 2179 νόμου
1764 2115 1851 2180 τὴν

257 2192 379 2255 ὁδὸν,
426 2192 502 2243 διὰ
544 2198 683 2248 σκιᾶς
725 2195 773 2246 δὲ
821 2201 1014 2261 μᾶλλον
1059 2200 1135 2249 καὶ
1179 2198 1468 2262 αἰνιγμάτων
1511 2198 1729 2264 πλαγίως
1774 2200 1849 2249 καὶ
1872 2215 1921 2254 25

258 2273 397 2338 μόλις
432 2273 486 2326 τὸ
517 2275 726 2343 πεφυκὸς
753 2280 956 2347 ὠφελεῖν
981 2285 1076 2334 τοῖς
1112 2281 1421 2346 ἀκροωμένοις
1454 2280 1844 2347 παρασημαίνον-

260 2380 356 2411 τος.
411 2357 554 2424 ὅνπερ
589 2359 671 2410 οὖν
701 2359 879 2426 τρόπον
905 2366 1001 2416 τοῖς
1034 2361 1118 2426 μὲν
1144 2363 1225 2413 οὖν
1250 2362 1336 2426 τὴν
1359 2362 1475 2431 ὄψιν
1500 2362 1850 2427 λελωβημένας

260 2438 568 2506 δύσχρηστόν
605 2464 707 2495 πως
745 2443 848 2494 ε’στὶ
887 2449 970 2494 τοῦ
1009 2444 1146 2508 ἡλίου
1180 2443 1234 2496 τὸ
1275 2449 1390 2512 φῶς,
1436 2446 1654 2510 οὐδεμίαν
1695 2446 1850 2499 αὐτοῖς

258 2522 481 2585 ἐμποιοῦν
515 2520 601 2586 τὴν
637 2521 818 2588 ὄνησιν,
853 2525 1266 2593 παραποδιζούσης
1301 2529 1362 2581 εἰς
1397 2533 1537 2579 τοῦτο
1571 2530 1651 2591 τῆς
1689 2526 1850 2590 νόσου,

259 2608 356 2656 τοῖς
396 2602 445 2653 δὲ
482 2602 568 2667 τὴν
609 2605 707 2673 ἕξιν
744 2608 1081 2671 κεκακωμένοις
1131 2608 1192 2660 τὰ
1233 2613 1328 2660 τῶν
1362 2609 1635 2673 ἐδεσμάτων
1675 2608 1850 2674 ὑγιεινὰ
1871 2629 1922 2666 30

262 2684 657 2753 δυσχρηστότερά
682 2710 783 2742 πως
809 2693 904 2740 τῶν
933 2691 1103 2757 ἑτέρων
1130 2688 1244 2742 εἶναι
1269 2694 1406 2754 δοκεῖ,
1433 2692 1579 2742 καίτοι
1606 2691 1850 2760 προξενεῖν
1907 2700 1910 2701 ’

310 2884 343 2920 7.
368 2875 553 2911 ἐντείνουσι
572 2876 614 2910 Ε.
632 2876 819 2913 ἐκτείνουσι
837 2878 905 2915 Ed.
1061 2890 1116 2923 24.
1143 2882 1280 2915 τοιαῦτα
1299 2881 1341 2915 Ε.
1500 2892 1557 2926 30.
1584 2881 1621 2915 δὲ
1637 2882 1697 2925 τὴν
1714 2894 1785 2917 om.
1804 2883 1848 2918 E.

261 2922 517 2970 κεκακωμένοις]
534 2924 588 2958 καὶ
606 2923 808 2969 κακωμένοις
822 2926 864 2960 Ε.
