2012 3272
98 133 166 159 xx.
192 133 255 175 13,
278 135 342 173 14.
469 123 543 163 IN
585 123 627 164 S.
662 121 1001 163 JOANNEM.
1065 121 1188 163 LIB.
1224 122 1328 162 XII.
1607 123 1687 162 113

97 229 265 279 τούτου
303 233 361 297 τῇ
400 234 582 296 γυναικὶ
626 233 936 295 σημαίνοντες
981 230 1166 298 οἰομένῃ
1205 233 1562 294 μετατεθεῖσθαι
1606 229 1689 279 τὸν

99 309 288 376 Κύριον,
316 314 378 365 ὡς
405 314 488 364 οὐκ
511 311 569 364 ἀν
595 313 798 378 ἠδίκησέ
816 335 884 366 τις
911 311 964 363 τὸ
991 312 1127 378 ἅγιον
1153 316 1310 375 σῶμα,
1337 310 1684 377 προσεδρευόν-
1707 317 1735 358 d

93 414 188 442 των
227 391 448 459 ἀγγέλων
489 397 565 445 καὶ
611 395 853 459 δυνάμεων
895 395 1042 460 ἁγίων
1082 393 1241 463 κύκλῳ
1286 392 1369 444 τὸν
1411 398 1534 445 θεῖον
1577 392 1689 444 ναὸν

93 480 431 542 περιεχουσῶν·
482 475 662 545 ᾔδεσαν
698 476 792 543 γὰρ
823 476 906 528 τὸν
941 476 1057 527 ἰ’διον
1097 474 1352 540 δεσπότην.
1407 475 1606 542 ζητήσαι
1644 477 1686 527 δ’

52 566 74 603 5
96 555 153 606 ἄν
187 579 270 620 τις,
299 560 375 608 καὶ
410 559 543 622 μάλα
581 559 781 621 εἰκότως,
822 558 898 608 διὰ
934 559 1076 609 ποίαν
1112 558 1264 608 αἰτίαν
1297 561 1393 612 τοῖς
1426 557 1512 621 μὲν
1540 559 1689 623 ἁγίοις

95 642 324 703 μαθηταῖς
369 639 502 692 οὐδὲν
546 640 929 708 προσελάλησαν
973 643 1013 690 οἱ
1065 638 1284 706 μακάριοι
1331 640 1543 706 ἄγγελοι,
1585 641 1689 692 οὐδὲ

96 719 189 784 μὴν
239 719 476 790 ὤφθησαν
527 722 666 785 ὅλως,
712 723 958 790 φαίνονται
1009 721 1056 772 δὲ
1108 723 1184 772 καὶ
1236 727 1580 789 προσλαλοῦσι
1631 727 1689 790 τῇ

96 803 293 868 γυναικί.
348 806 541 869 ἐροῦμεν
578 805 672 866 οὖν,
713 804 783 855 ὅτι
827 801 1010 857 σκοπὸς
1052 801 1110 867 ἧν
1151 806 1218 873 τῷ
1261 806 1447 870 Σωτῆρι
1487 807 1689 874 Χριστῷ

96 891 178 935 τοῦ
208 886 315 937 καθ’
349 885 513 937 ἑαυτὸν
538 886 802 952 μυστηρίου
841 884 925 949 τὴν
950 885 1287 954 πληροφορίαν
1312 890 1411 939 ταῖς
1443 890 1537 937 τῶν
1564 888 1684 952 ἀγα-

30 991 77 1016 10
95 966 294 1018 πώντων
330 967 470 1019 αὑτὸν
496 967 883 1034 ἐγκατασπείρειν
920 971 1111 1036 ψυχαῖς,
1139 969 1340 1018 ἐτελεῖτο
1375 965 1424 1018 δὲ
1463 967 1689 1036 διάφορος

96 1051 179 1112 τῆς
218 1050 548 1117 πληροφορίας
586 1051 610 1100 ὁ
644 1049 833 1116 τρόπος,
861 1053 918 1117 τῇ
957 1053 1052 1100 τῶν
1090 1050 1557 1117 πληροφορουμένων
1596 1050 1728 1118 ἕξειο

96 1131 386 1197 προσεοικώς
426 1154 475 1182 τε
517 1133 593 1182 καὶ
634 1130 841 1198 πρέπων.
908 1136 1004 1185 τοῖς
1037 1130 1122 1194 μὲν
1158 1132 1240 1182 οὖν
1275 1130 1424 1197 ἁγίοις
1458 1136 1688 1196 μαθηταῖς

98 1213 214 1278 αὐτὴ
249 1218 343 1264 τῶν
372 1213 668 1281 πραγμάτων
697 1214 725 1278 ἡ
758 1213 953 1275 ε”κβασις
993 1218 1051 1282 τῇ
1087 1212 1217 1280 παρά
1252 1218 1354 1268 ταῖς
1393 1214 1534 1268 θείαις
1573 1238 1690 1281 γρα-

99 1299 211 1362 φαῖς
248 1297 402 1347 ἐλπίδι
441 1295 776 1359 συμβαίνουσα
814 1295 934 1362 πρὸς
972 1297 1306 1364 πληροφορίαν
1338 1296 1583 1365 ἐξήρκεσε,
1614 1298 1689 1348 καὶ

32 1395 78 1434 15
99 1378 263 1429 πίστιν
310 1378 494 1429 ἐνετίθει
542 1377 628 1442 τὴν
677 1377 935 1440 οὐδαμόθεν
977 1379 1268 1445 ἀμφίβολον.
1327 1377 1689 1432 πεπιστευκότες

99 1457 192 1525 γὰρ
219 1460 483 1527 ἀνεχώρουν
509 1465 608 1513 ταῖς
635 1460 788 1525 ἁγίαις
814 1465 1038 1529 γραφαῖς,
1068 1461 1144 1510 καὶ
1171 1458 1229 1523 ἧν
1254 1483 1356 1514 πως
1382 1460 1447 1511 ε”τι
1473 1460 1690 1527 περιττὸν

97 1545 194 1595 τοῖς
233 1542 354 1593 οὕτω
393 1543 595 1602 βεβαίαν
622 1542 784 1610 ε”χουσι
825 1540 912 1605 τὴν
945 1542 1111 1593 πίστιν
1150 1543 1225 1592 καὶ
1260 1541 1315 1592 τὸ
1357 1541 1432 1593 διὰ
1473 1545 1556 1606 τῆς
1596 1547 1690 1594 τῶν

98 1624 246 1689 ἁγίων
276 1624 498 1690 ἀγγέλων
528 1622 891 1675 ἐκδιδάσκεσθαι
925 1626 1102 1692 φωνῆς·
1152 1622 1523 1690 ἀναγκαιότατον
1556 1624 1604 1676 δὲ
1635 1624 1690 1676 τὸ

98 1708 258 1772 χρῆμα
292 1707 351 1774 τῇ
386 1708 583 1771 γυναικὶ,
610 1705 696 1771 τὴν
738 1704 864 1773 ἱεράν
905 1728 954 1756 τε
995 1708 1070 1756 καὶ
1110 1706 1239 1757 θείαν
1277 1707 1360 1756 οὐκ
1399 1706 1690 1775 ἐπισταμένῃ

30 1813 79 1838 20
98 1785 305 1855 γραφὴν,
350 1789 454 1839 οὔτε
495 1787 589 1851 μὴν
632 1788 744 1839 καθ’
787 1787 944 1854 ἕτερόν
981 1810 1086 1838 τινα
1126 1787 1303 1855 τρόπον
1344 1786 1398 1839 τὸ
1441 1788 1568 1850 βαθὺ
1609 1792 1693 1854 τῆς

98 1868 408 1923 ἀναστάσεως
446 1871 590 1940 εἶδυίᾳ
628 1869 906 1936 μυστήριον.

1705 1981 1913 2017 a1082A.

96 2029 215 2076 ΛέΓει
247 2026 393 2071 αὐτοῖς
417 2029 517 2072 ’Ότι
550 2030 659 2087 ἐίραν
686 2031 760 2072 τὸν
791 2030 942 2088 Κύριόν
969 2045 1063 2083 μου,
1091 2032 1159 2071 καὶ
1191 2030 1266 2072 οὐκ
1293 2026 1389 2072 οἶδα
1416 2035 1497 2072 ποῦ
1529 2031 1689 2074 ἔθΗκαν

167 2112 309 2155 αὐτόν.
357 2117 491 2155 ταῦτα
527 2111 707 2155 εἰποῦσα
741 2113 936 2172 ἐστράῳΗ
972 2112 1033 2156 εἷς
1069 2113 1120 2156 τὰ
1155 2113 1306 2166 ὀπίσω,
1334 2114 1402 2154 καὶ
1430 2114 1585 2172 θεωρεῖ
1617 2115 1690 2156 τὸν
1714 2127 1759 2162 14

159 2195 328 2238 ἸΗσοῦν
356 2195 538 2248 ἑστῶτα,
566 2196 636 2237 καὶ
661 2197 736 2238 οὐκ
766 2196 859 2255 ᾔδει
885 2198 949 2238 ὅτι
970 2197 1137 2238 ’lunone
1164 2197 1269 2239 ἐστι.

31 2335 78 2373 25
174 2311 378 2373 Βραδεῖα
408 2310 494 2373 μέν
519 2333 620 2363 πως
652 2313 714 2364 εἰς
747 2310 945 2361 σύνεσιν
975 2310 1003 2374 ἡ
1032 2308 1165 2375 γυνὴ,
1192 2314 1383 2374 μᾶλλον
1410 2309 1460 2361 δὲ
1494 2309 1693 2375 σύμπαν

98 2388 152 2440 τὸ
179 2394 380 2454 θηλειῶν
406 2391 553 2456 γένος.
604 2392 829 2454 μανθάνει
868 2391 961 2459 γὰρ
1001 2393 1131 2443 οὔπω
1170 2391 1225 2442 τὸ
1264 2394 1312 2443 ἐκ
1346 2395 1429 2456 τῆς
1455 2393 1692 2448 ὀπτασίας

100 2472 502 2536 ὑποδηλούμενον,
551 2473 849 2539 ἀπαγγέλλει
892 2475 935 2525 δ’
978 2475 1060 2525 οὖν
1100 2473 1224 2537 ὅμως
1267 2479 1350 2525 τοῦ
1391 2474 1564 2541 θρήνου
1604 2474 1733 2539 τὴνὶ)

97 2552 361 2621 πρόφασιν.
413 2553 570 2619 ἐπειδὴ
619 2554 667 2606 δὲ
711 2558 860 2626 Κύριον
905 2554 1200 2622 ὀνομάζουσα
1250 2555 1334 2606 τὸν
1377 2556 1595 2622 Χριστὸν
1636 2559 1690 2608 οὑ

100 2635 373 2704 κατέληξεν,
400 2637 597 2687 ἐδείκνυε
627 2635 675 2688 δὲ
701 2639 776 2687 καὶ
804 2636 880 2687 διὰ
915 2637 1082 2689 τούτου
1116 2636 1201 2702 τὴν
1228 2641 1292 2692 εἰς
1326 2637 1469 2690 αὐτὸν
1494 2637 1684 2705 ἀγάπη-

31 2740 81 2776 30
100 2738 194 2779 σιν,
221 2716 431 2783 εὐλόγως
467 2717 557 2782 ἤδη
596 2719 671 2769 καὶ
703 2719 844 2782 αὐτῆς
876 2722 959 2783 τῆς
997 2724 1092 2769 τῶν
1124 2719 1428 2783 ποθουμένων
1461 2720 1689 2771 ἀπολαύει

101 2797 222 2852 θέας.
276 2801 364 2868 ὁρᾷ
397 2798 491 2866 γὰρ
521 2800 588 2852 τὶν
615 2802 789 2863 ’Ino-0311,
817 2804 853 2851 εἶ
881 2804 956 2852 καὶ
983 2802 1113 2852 οὔπω
1140 2800 1353 2867 παρόντα
1380 2806 1485 2864 νοεῖ,
1511 2804 1588 2852 καὶ
1615 2801 1690 2852 διὰ

340 2943 394 2976 14.
421 2932 608 2979 ἐξὴρκουσε
627 2932 708 2979 (Sic)
730 2933 771 2968 Ε.
1125 2943 1181 2980 27.
1207 2934 1393 2980 ἀπαγγέλει
1411 2933 1454 2968 Ε.

161 2996 253 3026 VOL.
276 2999 344 3027 111.
910 3000 939 3038 q
