<?xml version="1.0" encoding="UTF-8"?>
<!DOCTYPE html PUBLIC "-//W3C//DTD XHTML 1.0 Transitional//EN"
    "http://www.w3.org/TR/xhtml1/DTD/xhtml1-transitional.dtd">
<html xmlns="http://www.w3.org/1999/xhtml" xml:lang="en" lang="en">
 <head>
  <title>
</title>
<meta http-equiv="Content-Type" content="text/html;charset=utf-8" />
  <meta name='ocr-system' content='tesseract 3.04.00' />
  <meta name='ocr-capabilities' content='ocr_page ocr_carea ocr_par ocr_line ocrx_word'/>
</head>
<body>
  <div class='ocr_page' id='page_1' title='image "./operacyrilli05cyriuoft/operacyrilli05cyriuoft_0567.png"; bbox 0 0 2012 3272; ppageno 0'>
   <div class='ocr_carea' id='block_1_1' title="bbox 482 139 1698 188">
    <p class='ocr_par' dir='ltr' id='par_1_1' title="bbox 482 139 1698 188">
     <span class='ocr_line' id='line_1_1' title="bbox 482 139 1698 188; baseline 0.008 -11"><span class='ocrx_word' id='word_1_1' title='bbox 482 139 559 179; x_wconf 41' lang='lat' dir='ltr'>*DE</span> <span class='ocrx_word' id='word_1_2' title='bbox 593 140 945 181; x_wconf 75' lang='lat' dir='ltr'><strong>DOGMATUM</strong></span> <span class='ocrx_word' id='word_1_3' title='bbox 978 142 1331 185; x_wconf 86' lang='lat' dir='ltr'><strong>SOLUTIONE.</strong></span> <span class='ocrx_word' id='word_1_4' title='bbox 1616 148 1698 188; x_wconf 83' lang='lat'>553</span> 
     </span>
    </p>
   </div>
   <div class='ocr_carea' id='block_1_2' title="bbox 38 244 1912 2275">
    <p class='ocr_par' dir='ltr' id='par_1_2' title="bbox 38 244 1912 2275">
     <span class='ocr_line' id='line_1_2' title="bbox 115 244 1694 321; baseline 0.006 -26"><span class='ocrx_word' id='word_1_5' title='bbox 115 244 284 310; x_wconf 74' lang='grc' dir='ltr'>φαμὲν,</span> <span class='ocrx_word' id='word_1_6' title='bbox 311 246 427 298; x_wconf 82' lang='grc' dir='ltr'>καθὸ</span> <span class='ocrx_word' id='word_1_7' title='bbox 465 249 540 297; x_wconf 81' lang='grc' dir='ltr'>καὶ</span> <span class='ocrx_word' id='word_1_8' title='bbox 579 247 759 314; x_wconf 81' lang='grc' dir='ltr'>ἀγαθὸν</span> <span class='ocrx_word' id='word_1_9' title='bbox 786 251 859 300; x_wconf 76' lang='grc' dir='ltr'>καὶ</span> <span class='ocrx_word' id='word_1_10' title='bbox 900 250 1076 301; x_wconf 85' lang='grc' dir='ltr'>δίκαιον</span> <span class='ocrx_word' id='word_1_11' title='bbox 1101 251 1309 319; x_wconf 73' lang='grc' dir='ltr'>πέφυκεν</span> <span class='ocrx_word' id='word_1_12' title='bbox 1335 250 1447 302; x_wconf 78' lang='grc' dir='ltr'>εἶναι</span> <span class='ocrx_word' id='word_1_13' title='bbox 1474 252 1528 302; x_wconf 84' lang='grc' dir='ltr'>τὸ</span> <span class='ocrx_word' id='word_1_14' title='bbox 1563 251 1694 321; x_wconf 74' lang='grc' dir='ltr'>ζῷον.</span> 
     </span>
     <span class='ocr_line' id='line_1_3' title="bbox 116 326 1695 401; baseline 0.006 -26"><span class='ocrx_word' id='word_1_15' title='bbox 116 326 272 390; x_wconf 76' lang='grc' dir='ltr'>ἐπειδὴ</span> <span class='ocrx_word' id='word_1_16' title='bbox 299 327 347 378; x_wconf 78' lang='grc' dir='ltr'>δὲ</span> <span class='ocrx_word' id='word_1_17' title='bbox 381 330 520 395; x_wconf 82' lang='grc' dir='ltr'>ἐχρῆν</span> <span class='ocrx_word' id='word_1_18' title='bbox 553 331 606 379; x_wconf 78' lang='grc' dir='ltr'>οὐ</span> <span class='ocrx_word' id='word_1_19' title='bbox 640 329 836 396; x_wconf 82' lang='grc' dir='ltr'>λογικὸν</span> <span class='ocrx_word' id='word_1_20' title='bbox 862 329 974 382; x_wconf 78' lang='grc' dir='ltr'>εἶναι</span> <span class='ocrx_word' id='word_1_21' title='bbox 1003 332 1161 395; x_wconf 85' lang='grc' dir='ltr'>μόνον,</span> <span class='ocrx_word' id='word_1_22' title='bbox 1189 335 1264 382; x_wconf 79' lang='grc' dir='ltr'>καὶ</span> <span class='ocrx_word' id='word_1_23' title='bbox 1295 335 1559 398; x_wconf 79' lang='grc' dir='ltr'>ἐπιτηδείως</span> <span class='ocrx_word' id='word_1_24' title='bbox 1588 335 1695 401; x_wconf 75' lang='grc' dir='ltr'>ε”χον</span> 
     </span>
     <span class='ocr_line' id='line_1_4' title="bbox 115 410 1693 480; baseline 0.006 -24"><span class='ocrx_word' id='word_1_25' title='bbox 115 410 177 460; x_wconf 79' lang='grc' dir='ltr'>εἰς</span> <span class='ocrx_word' id='word_1_26' title='bbox 197 410 517 476; x_wconf 80' lang='grc' dir='ltr'>ἀγαθουργίαν</span> <span class='ocrx_word' id='word_1_27' title='bbox 543 413 617 462; x_wconf 76' lang='grc' dir='ltr'>καὶ</span> <span class='ocrx_word' id='word_1_28' title='bbox 645 413 958 478; x_wconf 81' lang='grc' dir='ltr'>δικαιοσύνην,</span> <span class='ocrx_word' id='word_1_29' title='bbox 976 413 1107 464; x_wconf 80' lang='grc' dir='ltr'>ἀλλὰ</span> <span class='ocrx_word' id='word_1_30' title='bbox 1133 414 1225 479; x_wconf 80' lang='grc' dir='ltr'>γὰρ</span> <span class='ocrx_word' id='word_1_31' title='bbox 1250 417 1324 465; x_wconf 72' lang='grc' dir='ltr'>καὶ</span> <span class='ocrx_word' id='word_1_32' title='bbox 1350 416 1518 480; x_wconf 76' lang='grc' dir='ltr'>Ἀγίου</span> <span class='ocrx_word' id='word_1_33' title='bbox 1540 415 1693 466; x_wconf 83' lang='grc' dir='ltr'>Πνεύ-</span> 
     </span>
     <span class='ocr_line' id='line_1_5' title="bbox 113 491 1739 564; baseline 0.007 -24"><span class='ocrx_word' id='word_1_34' title='bbox 113 512 260 552; x_wconf 91' lang='grc' dir='ltr'>ματος</span> <span class='ocrx_word' id='word_1_35' title='bbox 285 491 497 559; x_wconf 77' lang='grc' dir='ltr'>μέτοχον,</span> <span class='ocrx_word' id='word_1_36' title='bbox 524 493 599 543; x_wconf 83' lang='grc' dir='ltr'>ἵνα</span> <span class='ocrx_word' id='word_1_37' title='bbox 625 495 979 560; x_wconf 76' lang='grc' dir='ltr'>λαμπροτέρους</span> <span class='ocrx_word' id='word_1_38' title='bbox 1005 495 1087 563; x_wconf 73' lang='grc' dir='ltr'>ἔχῃ</span> <span class='ocrx_word' id='word_1_39' title='bbox 1114 499 1196 559; x_wconf 79' lang='grc' dir='ltr'>τῆς</span> <span class='ocrx_word' id='word_1_40' title='bbox 1221 496 1346 550; x_wconf 82' lang='grc' dir='ltr'>θείας</span> <span class='ocrx_word' id='word_1_41' title='bbox 1373 497 1565 564; x_wconf 84' lang='grc' dir='ltr'>φύσεως</span> <span class='ocrx_word' id='word_1_42' title='bbox 1591 497 1698 551; x_wconf 74' lang='grc' dir='ltr'>τοὺς</span> <span class='ocrx_word' id='word_1_43' title='bbox 1716 516 1739 556; x_wconf 79' lang='lat' dir='ltr'>d</span> 
     </span>
     <span class='ocr_line' id='line_1_6' title="bbox 72 575 1694 646; baseline 0.004 -21"><span class='ocrx_word' id='word_1_44' title='bbox 72 589 94 625; x_wconf 93' lang='lat'>5</span> <span class='ocrx_word' id='word_1_45' title='bbox 114 575 412 638; x_wconf 79' lang='grc' dir='ltr'>χαρακτῆρας</span> <span class='ocrx_word' id='word_1_46' title='bbox 449 576 497 625; x_wconf 81' lang='grc' dir='ltr'>ἐν</span> <span class='ocrx_word' id='word_1_47' title='bbox 536 575 698 644; x_wconf 75' lang='grc' dir='ltr'>ἑαυτῷ,</span> <span class='ocrx_word' id='word_1_48' title='bbox 742 578 817 626; x_wconf 84' lang='grc' dir='ltr'>καὶ</span> <span class='ocrx_word' id='word_1_49' title='bbox 857 577 1153 645; x_wconf 80' lang='grc' dir='ltr'>ἐνεφύσησεν</span> <span class='ocrx_word' id='word_1_50' title='bbox 1199 578 1324 646; x_wconf 71' lang='grc' dir='ltr'>αὐτῷ</span> <span class='ocrx_word' id='word_1_51' title='bbox 1364 578 1516 643; x_wconf 87' lang='grc' dir='ltr'>πνοὴν</span> <span class='ocrx_word' id='word_1_52' title='bbox 1561 579 1694 645; x_wconf 74' lang='grc' dir='ltr'>ζωῆς.</span> 
     </span>
     <span class='ocr_line' id='line_1_7' title="bbox 113 655 1695 727; baseline 0.005 -23"><span class='ocrx_word' id='word_1_53' title='bbox 113 659 252 705; x_wconf 88' lang='grc' dir='ltr'>τοῦτο</span> <span class='ocrx_word' id='word_1_54' title='bbox 291 655 346 705; x_wconf 83' lang='grc' dir='ltr'>δέ</span> <span class='ocrx_word' id='word_1_55' title='bbox 377 657 481 706; x_wconf 88' lang='grc' dir='ltr'>ἐστι</span> <span class='ocrx_word' id='word_1_56' title='bbox 518 656 572 707; x_wconf 84' lang='grc' dir='ltr'>τὸ</span> <span class='ocrx_word' id='word_1_57' title='bbox 607 657 662 708; x_wconf 86' lang='grc' dir='ltr'>δι’</span> <span class='ocrx_word' id='word_1_58' title='bbox 690 661 809 708; x_wconf 76' lang='grc' dir='ltr'>Υὶοῦ</span> <span class='ocrx_word' id='word_1_59' title='bbox 846 661 904 725; x_wconf 85' lang='grc' dir='ltr'>τῇ</span> <span class='ocrx_word' id='word_1_60' title='bbox 942 663 1114 726; x_wconf 83' lang='grc' dir='ltr'>λογικῇ</span> <span class='ocrx_word' id='word_1_61' title='bbox 1155 660 1304 710; x_wconf 83' lang='grc' dir='ltr'>κτίσει</span> <span class='ocrx_word' id='word_1_62' title='bbox 1342 660 1695 727; x_wconf 83' lang='grc' dir='ltr'>χορηγούμενον</span> 
     </span>
     <span class='ocr_line' id='line_1_8' title="bbox 116 738 1696 808; baseline 0.005 -22"><span class='ocrx_word' id='word_1_63' title='bbox 116 738 322 800; x_wconf 82' lang='grc' dir='ltr'>Πνεῦμα,</span> <span class='ocrx_word' id='word_1_64' title='bbox 350 739 426 788; x_wconf 82' lang='grc' dir='ltr'>καὶ</span> <span class='ocrx_word' id='word_1_65' title='bbox 465 740 758 808; x_wconf 88' lang='grc' dir='ltr'>διαμορφοῦν</span> <span class='ocrx_word' id='word_1_66' title='bbox 783 739 928 804; x_wconf 81' lang='grc' dir='ltr'>αὐτὴν</span> <span class='ocrx_word' id='word_1_67' title='bbox 953 744 1016 795; x_wconf 81' lang='grc' dir='ltr'>εἷς</span> <span class='ocrx_word' id='word_1_68' title='bbox 1054 739 1173 795; x_wconf 77' lang='grc' dir='ltr'>εἶδος</span> <span class='ocrx_word' id='word_1_69' title='bbox 1212 740 1265 792; x_wconf 84' lang='grc' dir='ltr'>τὸ</span> <span class='ocrx_word' id='word_1_70' title='bbox 1297 741 1535 805; x_wconf 80' lang='grc' dir='ltr'>ἀνωτοίτω,</span> <span class='ocrx_word' id='word_1_71' title='bbox 1562 765 1696 794; x_wconf 86' lang='grc' dir='ltr'>τουτ-</span> 
     </span>
     <span class='ocr_line' id='line_1_9' title="bbox 113 816 1692 893; baseline 0.005 -26"><span class='ocrx_word' id='word_1_72' title='bbox 113 816 231 879; x_wconf 78' lang='grc' dir='ltr'>έστι,</span> <span class='ocrx_word' id='word_1_73' title='bbox 256 817 310 869; x_wconf 84' lang='grc' dir='ltr'>τὸ</span> <span class='ocrx_word' id='word_1_74' title='bbox 339 823 479 869; x_wconf 83' lang='grc' dir='ltr'>θεῖον.</span> <span class='ocrx_word' id='word_1_75' title='bbox 534 820 605 870; x_wconf 80' lang='grc' dir='ltr'>ὅτι</span> <span class='ocrx_word' id='word_1_76' title='bbox 643 820 737 887; x_wconf 76' lang='grc' dir='ltr'>γὰρ</span> <span class='ocrx_word' id='word_1_77' title='bbox 763 823 846 872; x_wconf 84' lang='grc' dir='ltr'>οὐκ</span> <span class='ocrx_word' id='word_1_78' title='bbox 881 826 944 876; x_wconf 85' lang='grc' dir='ltr'>εἱς</span> <span class='ocrx_word' id='word_1_79' title='bbox 981 821 1148 891; x_wconf 76' lang='grc' dir='ltr'>ψυχὴν</span> <span class='ocrx_word' id='word_1_80' title='bbox 1173 823 1408 893; x_wconf 73' lang='grc' dir='ltr'>ἀνθρώπῳ</span> <span class='ocrx_word' id='word_1_81' title='bbox 1445 823 1500 875; x_wconf 82' lang='grc' dir='ltr'>τὸ</span> <span class='ocrx_word' id='word_1_82' title='bbox 1539 825 1692 891; x_wconf 82' lang='grc' dir='ltr'>ἐμφυ-</span> 
     </span>
     <span class='ocr_line' id='line_1_10' title="bbox 111 897 1694 969; baseline 0.005 -21"><span class='ocrx_word' id='word_1_83' title='bbox 111 897 259 962; x_wconf 77' lang='grc' dir='ltr'>σηθὲν</span> <span class='ocrx_word' id='word_1_84' title='bbox 279 900 404 969; x_wconf 73' lang='grc' dir='ltr'>αὐτῷ</span> <span class='ocrx_word' id='word_1_85' title='bbox 425 900 588 966; x_wconf 78' lang='grc' dir='ltr'>γέγονε</span> <span class='ocrx_word' id='word_1_86' title='bbox 607 907 802 966; x_wconf 85' lang='grc' dir='ltr'>πνεῦμα,</span> <span class='ocrx_word' id='word_1_87' title='bbox 823 905 925 954; x_wconf 80' lang='grc' dir='ltr'>οὔτε</span> <span class='ocrx_word' id='word_1_88' title='bbox 946 904 1038 968; x_wconf 83' lang='grc' dir='ltr'>μὴν</span> <span class='ocrx_word' id='word_1_89' title='bbox 1058 908 1120 959; x_wconf 84' lang='grc' dir='ltr'>εἷς</span> <span class='ocrx_word' id='word_1_90' title='bbox 1141 910 1265 963; x_wconf 89' lang='grc' dir='ltr'>νοῦν,</span> <span class='ocrx_word' id='word_1_91' title='bbox 1287 907 1349 958; x_wconf 85' lang='grc' dir='ltr'>ὡς</span> <span class='ocrx_word' id='word_1_92' title='bbox 1370 904 1547 956; x_wconf 78' lang='grc' dir='ltr'>οἴονταί</span> <span class='ocrx_word' id='word_1_93' title='bbox 1562 928 1694 968; x_wconf 84' lang='grc' dir='ltr'>τινες,</span> 
     </span>
     <span class='ocr_line' id='line_1_11' title="bbox 45 979 1695 1054; baseline 0.006 -27"><span class='ocrx_word' id='word_1_94' title='bbox 45 1000 93 1026; x_wconf 90' lang='lat'>10</span> <span class='ocrx_word' id='word_1_95' title='bbox 111 979 318 1031; x_wconf 84' lang='grc' dir='ltr'>ἐντεῦθεν</span> <span class='ocrx_word' id='word_1_96' title='bbox 344 981 473 1032; x_wconf 78' lang='grc' dir='ltr'>ἔστιν</span> <span class='ocrx_word' id='word_1_97' title='bbox 500 985 622 1033; x_wconf 78' lang='grc' dir='ltr'>ἰδεῖν.</span> <span class='ocrx_word' id='word_1_98' title='bbox 673 989 862 1050; x_wconf 81' lang='grc' dir='ltr'>πρῶτον</span> <span class='ocrx_word' id='word_1_99' title='bbox 899 984 985 1049; x_wconf 81' lang='grc' dir='ltr'>μὲν</span> <span class='ocrx_word' id='word_1_100' title='bbox 1020 985 1112 1052; x_wconf 81' lang='grc' dir='ltr'>γὰρ</span> <span class='ocrx_word' id='word_1_101' title='bbox 1149 988 1174 1036; x_wconf 85' lang='grc' dir='ltr'>ὁ</span> <span class='ocrx_word' id='word_1_102' title='bbox 1200 986 1488 1054; x_wconf 85' lang='grc' dir='ltr'>ἐμφυσήσας</span> <span class='ocrx_word' id='word_1_103' title='bbox 1527 991 1695 1038; x_wconf 79' lang='grc' dir='ltr'>νοεῖται</span> 
     </span>
     <span class='ocr_line' id='line_1_12' title="bbox 110 1059 1733 1136; baseline 0.006 -25"><span class='ocrx_word' id='word_1_104' title='bbox 110 1061 135 1111; x_wconf 87' lang='grc' dir='ltr'>ὁ</span> <span class='ocrx_word' id='word_1_105' title='bbox 163 1059 296 1124; x_wconf 82' lang='grc' dir='ltr'>Θεὸς,</span> <span class='ocrx_word' id='word_1_106' title='bbox 322 1062 375 1113; x_wconf 81' lang='grc' dir='ltr'>τὸ</span> <span class='ocrx_word' id='word_1_107' title='bbox 402 1063 450 1114; x_wconf 79' lang='grc' dir='ltr'>δὲ</span> <span class='ocrx_word' id='word_1_108' title='bbox 483 1065 757 1132; x_wconf 79' lang='grc' dir='ltr'>ἐμφυσηθὲν</span> <span class='ocrx_word' id='word_1_109' title='bbox 787 1067 843 1136; x_wconf 78' lang='grc' dir='ltr'>ἐξ</span> <span class='ocrx_word' id='word_1_110' title='bbox 872 1068 1013 1118; x_wconf 82' lang='grc' dir='ltr'>αὑτοῦ</span> <span class='ocrx_word' id='word_1_111' title='bbox 1052 1067 1239 1122; x_wconf 78' lang='grc' dir='ltr'>πάντως</span> <span class='ocrx_word' id='word_1_112' title='bbox 1278 1091 1370 1120; x_wconf 84' lang='grc' dir='ltr'>που</span> <span class='ocrx_word' id='word_1_113' title='bbox 1408 1073 1577 1119; x_wconf 83' lang='grc' dir='ltr'>νοεῖται</span> <span class='ocrx_word' id='word_1_114' title='bbox 1618 1071 1733 1120; x_wconf 60' lang='lat' dir='ltr'>Kale</span> 
     </span>
     <span class='ocr_line' id='line_1_13' title="bbox 109 1141 1694 1209; baseline 0.006 -17"><span class='ocrx_word' id='word_1_115' title='bbox 109 1141 225 1193; x_wconf 85' lang='grc' dir='ltr'>’ίδιον</span> <span class='ocrx_word' id='word_1_116' title='bbox 251 1145 406 1207; x_wconf 84' lang='grc' dir='ltr'>αὐτοῦ,</span> <span class='ocrx_word' id='word_1_117' title='bbox 430 1146 532 1209; x_wconf 73' lang='grc' dir='ltr'>ἤτοι</span> <span class='ocrx_word' id='word_1_118' title='bbox 564 1149 647 1209; x_wconf 85' lang='grc' dir='ltr'>τῆς</span> <span class='ocrx_word' id='word_1_119' title='bbox 679 1149 841 1201; x_wconf 83' lang='grc' dir='ltr'>οὐσίας</span> <span class='ocrx_word' id='word_1_120' title='bbox 868 1150 1025 1200; x_wconf 79' lang='grc' dir='ltr'>αὐτοῦ.</span> <span class='ocrx_word' id='word_1_121' title='bbox 1082 1147 1180 1201; x_wconf 80' lang='grc' dir='ltr'>εἶτα</span> <span class='ocrx_word' id='word_1_122' title='bbox 1204 1154 1305 1203; x_wconf 80' lang='grc' dir='ltr'>πῶς</span> <span class='ocrx_word' id='word_1_123' title='bbox 1331 1149 1387 1201; x_wconf 82' lang='grc' dir='ltr'>ἂν</span> <span class='ocrx_word' id='word_1_124' title='bbox 1413 1148 1466 1201; x_wconf 81' lang='grc' dir='ltr'>τὸ</span> <span class='ocrx_word' id='word_1_125' title='bbox 1493 1152 1543 1201; x_wconf 82' lang='grc' dir='ltr'>ἐκ</span> <span class='ocrx_word' id='word_1_126' title='bbox 1570 1155 1694 1202; x_wconf 89' lang='grc' dir='ltr'>Θεοῦ</span> 
     </span>
     <span class='ocr_line' id='line_1_14' title="bbox 112 1228 1690 1298; baseline 0.005 -24"><span class='ocrx_word' id='word_1_127' title='bbox 112 1228 307 1289; x_wconf 87' lang='grc' dir='ltr'>Πνεῦμα</span> <span class='ocrx_word' id='word_1_128' title='bbox 348 1228 608 1289; x_wconf 79' lang='grc' dir='ltr'>μετέβαλεν</span> <span class='ocrx_word' id='word_1_129' title='bbox 647 1232 711 1283; x_wconf 82' lang='grc' dir='ltr'>εἷς</span> <span class='ocrx_word' id='word_1_130' title='bbox 749 1231 898 1297; x_wconf 84' lang='grc' dir='ltr'>φύσιν</span> <span class='ocrx_word' id='word_1_131' title='bbox 937 1234 1110 1298; x_wconf 77' lang='grc' dir='ltr'>ψυχῆς,</span> <span class='ocrx_word' id='word_1_132' title='bbox 1150 1231 1178 1295; x_wconf 82' lang='grc' dir='ltr'>ἢ</span> <span class='ocrx_word' id='word_1_133' title='bbox 1219 1234 1293 1282; x_wconf 83' lang='grc' dir='ltr'>καὶ</span> <span class='ocrx_word' id='word_1_134' title='bbox 1333 1237 1440 1285; x_wconf 85' lang='grc' dir='ltr'>νοῦς</span> <span class='ocrx_word' id='word_1_135' title='bbox 1479 1232 1690 1297; x_wconf 65' lang='grc' dir='ltr'>ἐγένετο;</span> 
     </span>
     <span class='ocr_line' id='line_1_15' title="bbox 109 1304 1693 1378; baseline 0.005 -22"><span class='ocrx_word' id='word_1_136' title='bbox 109 1304 354 1373; x_wconf 84' lang='grc' dir='ltr'>ἀμήχανον</span> <span class='ocrx_word' id='word_1_137' title='bbox 379 1307 473 1374; x_wconf 76' lang='grc' dir='ltr'>γὰρ</span> <span class='ocrx_word' id='word_1_138' title='bbox 500 1315 583 1360; x_wconf 87' lang='grc' dir='ltr'>τοῦ</span> <span class='ocrx_word' id='word_1_139' title='bbox 615 1311 872 1376; x_wconf 78' lang='grc' dir='ltr'>τρέπεσθαι</span> <span class='ocrx_word' id='word_1_140' title='bbox 907 1312 961 1362; x_wconf 86' lang='grc' dir='ltr'>τὸ</span> <span class='ocrx_word' id='word_1_141' title='bbox 991 1313 1187 1376; x_wconf 74' lang='grc' dir='ltr'>Πνεῦμα</span> <span class='ocrx_word' id='word_1_142' title='bbox 1224 1315 1371 1365; x_wconf 84' lang='grc' dir='ltr'>ἐστιν.</span> <span class='ocrx_word' id='word_1_143' title='bbox 1428 1317 1464 1364; x_wconf 84' lang='grc' dir='ltr'>εἰ</span> <span class='ocrx_word' id='word_1_144' title='bbox 1504 1312 1553 1364; x_wconf 75' lang='grc' dir='ltr'>δὲ</span> <span class='ocrx_word' id='word_1_145' title='bbox 1592 1314 1693 1378; x_wconf 86' lang='grc' dir='ltr'>δοίη</span> 
     </span>
     <span class='ocr_line' id='line_1_16' title="bbox 43 1386 1694 1462; baseline 0.004 -24"><span class='ocrx_word' id='word_1_146' title='bbox 43 1410 89 1449; x_wconf 89' lang='lat'>15</span> <span class='ocrx_word' id='word_1_147' title='bbox 109 1410 177 1441; x_wconf 89' lang='grc' dir='ltr'>τις</span> <span class='ocrx_word' id='word_1_148' title='bbox 205 1386 318 1438; x_wconf 76' lang='grc' dir='ltr'>εἶναι</span> <span class='ocrx_word' id='word_1_149' title='bbox 344 1392 417 1440; x_wconf 80' lang='grc' dir='ltr'>καὶ</span> <span class='ocrx_word' id='word_1_150' title='bbox 445 1390 564 1440; x_wconf 79' lang='grc' dir='ltr'>κατὰ</span> <span class='ocrx_word' id='word_1_151' title='bbox 591 1391 769 1457; x_wconf 87' lang='grc' dir='ltr'>τροπὴν</span> <span class='ocrx_word' id='word_1_152' title='bbox 793 1393 1015 1458; x_wconf 79' lang='grc' dir='ltr'>γενέσθαι</span> <span class='ocrx_word' id='word_1_153' title='bbox 1035 1393 1199 1462; x_wconf 79' lang='grc' dir='ltr'>ψυχὴν</span> <span class='ocrx_word' id='word_1_154' title='bbox 1223 1393 1251 1459; x_wconf 76' lang='grc' dir='ltr'>ἢ</span> <span class='ocrx_word' id='word_1_155' title='bbox 1279 1400 1404 1445; x_wconf 88' lang='grc' dir='ltr'>νοῦν·</span> <span class='ocrx_word' id='word_1_156' title='bbox 1450 1394 1565 1460; x_wconf 82' lang='grc' dir='ltr'>ὅπερ</span> <span class='ocrx_word' id='word_1_157' title='bbox 1591 1396 1694 1445; x_wconf 79' lang='grc' dir='ltr'>ἐστὶ</span> 
     </span>
     <span class='ocr_line' id='line_1_17' title="bbox 107 1469 1692 1541; baseline 0.004 -23"><span class='ocrx_word' id='word_1_158' title='bbox 107 1473 202 1519; x_wconf 82' lang='grc' dir='ltr'>τῶν</span> <span class='ocrx_word' id='word_1_159' title='bbox 240 1469 508 1538; x_wconf 79' lang='grc' dir='ltr'>ἀμηχάνων·</span> <span class='ocrx_word' id='word_1_160' title='bbox 573 1473 683 1523; x_wconf 78' lang='grc' dir='ltr'>ἀλλ’</span> <span class='ocrx_word' id='word_1_161' title='bbox 723 1473 867 1525; x_wconf 79' lang='grc' dir='ltr'>ἐκεῖνό</span> <span class='ocrx_word' id='word_1_162' title='bbox 905 1498 958 1539; x_wconf 87' lang='grc' dir='ltr'>γε</span> <span class='ocrx_word' id='word_1_163' title='bbox 997 1476 1130 1529; x_wconf 77' lang='grc' dir='ltr'>εὐθὺς</span> <span class='ocrx_word' id='word_1_164' title='bbox 1169 1476 1301 1526; x_wconf 72' lang='grc' dir='ltr'>ε”στιν</span> <span class='ocrx_word' id='word_1_165' title='bbox 1339 1479 1464 1529; x_wconf 77' lang='grc' dir='ltr'>ἰδεῖν.</span> <span class='ocrx_word' id='word_1_166' title='bbox 1518 1480 1555 1526; x_wconf 85' lang='grc' dir='ltr'>εὶ</span> <span class='ocrx_word' id='word_1_167' title='bbox 1600 1474 1692 1541; x_wconf 77' lang='grc' dir='ltr'>γὰρ</span> 
     </span>
     <span class='ocr_line' id='line_1_18' title="bbox 106 1549 1912 1624; baseline 0.006 -24"><span class='ocrx_word' id='word_1_168' title='bbox 106 1554 170 1604; x_wconf 81' lang='grc' dir='ltr'>εἷς</span> <span class='ocrx_word' id='word_1_169' title='bbox 197 1549 362 1619; x_wconf 77' lang='grc' dir='ltr'>ψυχὴν</span> <span class='ocrx_word' id='word_1_170' title='bbox 398 1555 465 1620; x_wconf 72' lang='grc' dir='ltr'>τῷ</span> <span class='ocrx_word' id='word_1_171' title='bbox 503 1552 736 1624; x_wconf 77' lang='grc' dir='ltr'>ἀνθρώπῳ</span> <span class='ocrx_word' id='word_1_172' title='bbox 773 1555 826 1606; x_wconf 82' lang='grc' dir='ltr'>τὸ</span> <span class='ocrx_word' id='word_1_173' title='bbox 868 1560 992 1608; x_wconf 81' lang='grc' dir='ltr'>θεῖον</span> <span class='ocrx_word' id='word_1_174' title='bbox 1034 1561 1231 1620; x_wconf 90' lang='grc' dir='ltr'>Πνεῦμα</span> <span class='ocrx_word' id='word_1_175' title='bbox 1269 1557 1476 1624; x_wconf 78' lang='grc' dir='ltr'>γε’γονεν,</span> <span class='ocrx_word' id='word_1_176' title='bbox 1516 1557 1838 1619; x_wconf 67' lang='grc' dir='ltr'>ἕμεινενα369</span> <span class='ocrx_word' id='word_1_177' title='bbox 1860 1574 1912 1611; x_wconf 90' lang='lat' dir='ltr'>A.</span> 
     </span>
     <span class='ocr_line' id='line_1_19' title="bbox 106 1630 1691 1704; baseline 0.005 -22"><span class='ocrx_word' id='word_1_178' title='bbox 106 1630 221 1696; x_wconf 83' lang='grc' dir='ltr'>ἂνὴ</span> <span class='ocrx_word' id='word_1_179' title='bbox 257 1632 392 1700; x_wconf 76' lang='grc' dir='ltr'>ψυχὴ</span> <span class='ocrx_word' id='word_1_180' title='bbox 431 1638 506 1684; x_wconf 81' lang='grc' dir='ltr'>καὶ</span> <span class='ocrx_word' id='word_1_181' title='bbox 538 1635 562 1684; x_wconf 89' lang='lat'><em>6</em></span> <span class='ocrx_word' id='word_1_182' title='bbox 598 1641 704 1689; x_wconf 87' lang='grc' dir='ltr'>νοῦς</span> <span class='ocrx_word' id='word_1_183' title='bbox 742 1637 1036 1692; x_wconf 85' lang='grc' dir='ltr'>ἀνεπίδεκτος</span> <span class='ocrx_word' id='word_1_184' title='bbox 1073 1638 1315 1704; x_wconf 84' lang='grc' dir='ltr'>ἁμαρτίας.</span> <span class='ocrx_word' id='word_1_185' title='bbox 1356 1643 1393 1690; x_wconf 81' lang='grc' dir='ltr'>εἰ</span> <span class='ocrx_word' id='word_1_186' title='bbox 1432 1639 1480 1690; x_wconf 80' lang='grc' dir='ltr'>δὲ</span> <span class='ocrx_word' id='word_1_187' title='bbox 1520 1639 1691 1690; x_wconf 80' lang='grc' dir='ltr'>ὑποπέ-</span> 
     </span>
     <span class='ocr_line' id='line_1_20' title="bbox 105 1715 1691 1786; baseline 0.006 -23"><span class='ocrx_word' id='word_1_188' title='bbox 105 1735 289 1764; x_wconf 85' lang='grc' dir='ltr'>πτωκεν</span> <span class='ocrx_word' id='word_1_189' title='bbox 326 1715 571 1781; x_wconf 84' lang='grc' dir='ltr'>ἁμαρτίαις</span> <span class='ocrx_word' id='word_1_190' title='bbox 609 1721 672 1770; x_wconf 79' lang='grc' dir='ltr'>εἷς</span> <span class='ocrx_word' id='word_1_191' title='bbox 714 1718 878 1786; x_wconf 77' lang='grc' dir='ltr'>ψυχὴν</span> <span class='ocrx_word' id='word_1_192' title='bbox 918 1721 1341 1784; x_wconf 76' lang='grc' dir='ltr'>μεταβεβλημένον</span> <span class='ocrx_word' id='word_1_193' title='bbox 1382 1720 1436 1772; x_wconf 80' lang='grc' dir='ltr'>τὸ</span> <span class='ocrx_word' id='word_1_194' title='bbox 1477 1722 1526 1771; x_wconf 86' lang='grc' dir='ltr'>ἐκ</span> <span class='ocrx_word' id='word_1_195' title='bbox 1566 1725 1691 1772; x_wconf 87' lang='grc' dir='ltr'>Θεοῦ</span> 
     </span>
     <span class='ocr_line' id='line_1_21' title="bbox 38 1797 1682 1869; baseline 0.006 -25"><span class='ocrx_word' id='word_1_196' title='bbox 38 1812 88 1837; x_wconf 88' lang='lat'>20</span> <span class='ocrx_word' id='word_1_197' title='bbox 108 1797 319 1858; x_wconf 83' lang='grc' dir='ltr'>Πνεῦμα,</span> <span class='ocrx_word' id='word_1_198' title='bbox 368 1797 524 1848; x_wconf 81' lang='grc' dir='ltr'>διττὸν</span> <span class='ocrx_word' id='word_1_199' title='bbox 567 1799 694 1868; x_wconf 76' lang='grc' dir='ltr'>αὐτῷ</span> <span class='ocrx_word' id='word_1_200' title='bbox 744 1799 798 1850; x_wconf 82' lang='grc' dir='ltr'>τὸ</span> <span class='ocrx_word' id='word_1_201' title='bbox 843 1800 1060 1866; x_wconf 81' lang='grc' dir='ltr'>ἔγκλημα</span> <span class='ocrx_word' id='word_1_202' title='bbox 1110 1803 1218 1869; x_wconf 88' lang='grc' dir='ltr'>παρ’</span> <span class='ocrx_word' id='word_1_203' title='bbox 1264 1803 1396 1865; x_wconf 84' lang='grc' dir='ltr'>ἡμῶν</span> <span class='ocrx_word' id='word_1_204' title='bbox 1442 1801 1682 1868; x_wconf 78' lang='grc' dir='ltr'>ἐπάγεται.</span> 
     </span>
     <span class='ocr_line' id='line_1_22' title="bbox 104 1876 1691 1950; baseline 0.006 -24"><span class='ocrx_word' id='word_1_205' title='bbox 104 1881 293 1942; x_wconf 83' lang='grc' dir='ltr'>πρῶτον</span> <span class='ocrx_word' id='word_1_206' title='bbox 317 1876 416 1940; x_wconf 80' lang='grc' dir='ltr'>μὲν,</span> <span class='ocrx_word' id='word_1_207' title='bbox 442 1878 513 1929; x_wconf 77' lang='grc' dir='ltr'>ὅτι</span> <span class='ocrx_word' id='word_1_208' title='bbox 551 1879 730 1945; x_wconf 86' lang='grc' dir='ltr'>τροπὴν</span> <span class='ocrx_word' id='word_1_209' title='bbox 769 1882 980 1944; x_wconf 81' lang='grc' dir='ltr'>ὑπέμεινε</span> <span class='ocrx_word' id='word_1_210' title='bbox 1015 1883 1099 1947; x_wconf 85' lang='grc' dir='ltr'>τὴν</span> <span class='ocrx_word' id='word_1_211' title='bbox 1130 1887 1192 1938; x_wconf 78' lang='grc' dir='ltr'>εἷς</span> <span class='ocrx_word' id='word_1_212' title='bbox 1228 1883 1343 1950; x_wconf 80' lang='grc' dir='ltr'>ὅπερ</span> <span class='ocrx_word' id='word_1_213' title='bbox 1379 1885 1462 1935; x_wconf 84' lang='grc' dir='ltr'>οὐκ</span> <span class='ocrx_word' id='word_1_214' title='bbox 1496 1883 1567 1948; x_wconf 79' lang='grc' dir='ltr'>ἧν,</span> <span class='ocrx_word' id='word_1_215' title='bbox 1593 1884 1691 1936; x_wconf 78' lang='grc' dir='ltr'>εἶτα</span> 
     </span>
     <span class='ocr_line' id='line_1_23' title="bbox 103 1957 1686 2032; baseline 0.006 -24"><span class='ocrx_word' id='word_1_216' title='bbox 103 1957 222 2023; x_wconf 84' lang='grc' dir='ltr'>πρὸς</span> <span class='ocrx_word' id='word_1_217' title='bbox 264 1959 413 2028; x_wconf 77' lang='grc' dir='ltr'>τούτῳ</span> <span class='ocrx_word' id='word_1_218' title='bbox 452 1963 527 2010; x_wconf 80' lang='grc' dir='ltr'>καὶ</span> <span class='ocrx_word' id='word_1_219' title='bbox 567 1961 796 2028; x_wconf 83' lang='grc' dir='ltr'>ἁμαρτίας</span> <span class='ocrx_word' id='word_1_220' title='bbox 840 1962 953 2014; x_wconf 82' lang='grc' dir='ltr'>αὐτό</span> <span class='ocrx_word' id='word_1_221' title='bbox 998 1968 1155 2032; x_wconf 88' lang='grc' dir='ltr'>φαμεν</span> <span class='ocrx_word' id='word_1_222' title='bbox 1196 1965 1417 2030; x_wconf 79' lang='grc' dir='ltr'>γενέσθαι</span> <span class='ocrx_word' id='word_1_223' title='bbox 1462 1965 1686 2017; x_wconf 86' lang='grc' dir='ltr'>δεκτικόν.</span> 
     </span>
     <span class='ocr_line' id='line_1_24' title="bbox 104 2039 1693 2114; baseline 0.006 -25"><span class='ocrx_word' id='word_1_224' title='bbox 104 2039 270 2090; x_wconf 78' lang='grc' dir='ltr'>οὐκοῦν</span> <span class='ocrx_word' id='word_1_225' title='bbox 308 2040 535 2108; x_wconf 79' lang='grc' dir='ltr'>ἐψυχώθη</span> <span class='ocrx_word' id='word_1_226' title='bbox 572 2041 658 2105; x_wconf 72' lang='grc' dir='ltr'>μὲν</span> <span class='ocrx_word' id='word_1_227' title='bbox 689 2042 743 2093; x_wconf 82' lang='grc' dir='ltr'>τὸ</span> <span class='ocrx_word' id='word_1_228' title='bbox 783 2043 899 2113; x_wconf 67' lang='grc' dir='ltr'>ζῷον</span> <span class='ocrx_word' id='word_1_229' title='bbox 931 2045 1116 2114; x_wconf 80' lang='grc' dir='ltr'>ἀρῥήτῳ</span> <span class='ocrx_word' id='word_1_230' title='bbox 1149 2046 1337 2110; x_wconf 81' lang='grc' dir='ltr'>δυνάμει</span> <span class='ocrx_word' id='word_1_231' title='bbox 1365 2051 1503 2109; x_wconf 84' lang='grc' dir='ltr'>Θεοῦ,</span> <span class='ocrx_word' id='word_1_232' title='bbox 1531 2050 1605 2099; x_wconf 75' lang='grc' dir='ltr'>καὶ</span> <span class='ocrx_word' id='word_1_233' title='bbox 1643 2051 1693 2099; x_wconf 81' lang='grc' dir='ltr'>ἐν</span> 
     </span>
     <span class='ocr_line' id='line_1_25' title="bbox 105 2121 1690 2195; baseline 0.006 -25"><span class='ocrx_word' id='word_1_234' title='bbox 105 2121 323 2183; x_wconf 83' lang='grc' dir='ltr'>ὁμοιώσει</span> <span class='ocrx_word' id='word_1_235' title='bbox 361 2126 419 2188; x_wconf 83' lang='grc' dir='ltr'>τῇ</span> <span class='ocrx_word' id='word_1_236' title='bbox 456 2122 574 2188; x_wconf 81' lang='grc' dir='ltr'>πρὸς</span> <span class='ocrx_word' id='word_1_237' title='bbox 612 2124 754 2175; x_wconf 82' lang='grc' dir='ltr'>αὐτὸν</span> <span class='ocrx_word' id='word_1_238' title='bbox 792 2125 970 2190; x_wconf 83' lang='grc' dir='ltr'>γέγονε,</span> <span class='ocrx_word' id='word_1_239' title='bbox 1010 2128 1117 2176; x_wconf 83' lang='grc' dir='ltr'>καθ’</span> <span class='ocrx_word' id='word_1_240' title='bbox 1153 2126 1178 2177; x_wconf 72' lang='grc' dir='ltr'><em>ὃ</em></span> <span class='ocrx_word' id='word_1_241' title='bbox 1217 2128 1425 2195; x_wconf 78' lang='grc' dir='ltr'>πέφυκεν</span> <span class='ocrx_word' id='word_1_242' title='bbox 1465 2127 1578 2179; x_wconf 77' lang='grc' dir='ltr'>εἶναι</span> <span class='ocrx_word' id='word_1_243' title='bbox 1614 2132 1690 2180; x_wconf 84' lang='grc' dir='ltr'>καὶ</span> 
     </span>
     <span class='ocr_line' id='line_1_26' title="bbox 38 2201 1687 2275; baseline 0.006 -24"><span class='ocrx_word' id='word_1_244' title='bbox 38 2223 86 2261; x_wconf 88' lang='lat'>25</span> <span class='ocrx_word' id='word_1_245' title='bbox 105 2201 285 2268; x_wconf 82' lang='grc' dir='ltr'>ἀγαθὸν</span> <span class='ocrx_word' id='word_1_246' title='bbox 323 2206 398 2254; x_wconf 82' lang='grc' dir='ltr'>καὶ</span> <span class='ocrx_word' id='word_1_247' title='bbox 431 2205 608 2255; x_wconf 87' lang='grc' dir='ltr'>δίκαιον</span> <span class='ocrx_word' id='word_1_248' title='bbox 646 2208 721 2256; x_wconf 82' lang='grc' dir='ltr'>καὶ</span> <span class='ocrx_word' id='word_1_249' title='bbox 762 2208 928 2272; x_wconf 81' lang='grc' dir='ltr'>ἀρετῆς</span> <span class='ocrx_word' id='word_1_250' title='bbox 966 2208 1159 2272; x_wconf 83' lang='grc' dir='ltr'>ἁποίσης</span> <span class='ocrx_word' id='word_1_251' title='bbox 1195 2207 1423 2259; x_wconf 85' lang='grc' dir='ltr'>δεκτικόν·</span> <span class='ocrx_word' id='word_1_252' title='bbox 1478 2208 1687 2275; x_wconf 78' lang='grc' dir='ltr'>ἡγιάσθη</span> 
     </span>
    </p>
   </div>
   <div class='ocr_carea' id='block_1_3' title="bbox 104 2398 1689 2542">
    <p class='ocr_par' dir='ltr' id='par_1_3' title="bbox 104 2398 1689 2542">
     <span class='ocr_line' id='line_1_27' title="bbox 155 2398 1689 2449; baseline 0.006 -19"><span class='ocrx_word' id='word_1_253' title='bbox 155 2407 185 2430; x_wconf 87' lang='lat'>1.</span> <span class='ocrx_word' id='word_1_254' title='bbox 211 2412 292 2431; x_wconf 89' lang='grc' dir='ltr'>ειναι</span> <span class='ocrx_word' id='word_1_255' title='bbox 310 2399 348 2431; x_wconf 87' lang='grc' dir='ltr'>τὸ</span> <span class='ocrx_word' id='word_1_256' title='bbox 367 2400 451 2443; x_wconf 75' lang='grc' dir='ltr'>ζῷον</span> <span class='ocrx_word' id='word_1_257' title='bbox 468 2398 534 2432; x_wconf 85' lang='lat' dir='ltr'>hoc</span> <span class='ocrx_word' id='word_1_258' title='bbox 553 2399 674 2434; x_wconf 77' lang='lat' dir='ltr'>Ordine</span> <span class='ocrx_word' id='word_1_259' title='bbox 692 2400 735 2435; x_wconf 89' lang='lat' dir='ltr'>A.</span> <span class='ocrx_word' id='word_1_260' title='bbox 740 2412 770 2435; x_wconf 83' lang='lat' dir='ltr'>a.</span> <span class='ocrx_word' id='word_1_261' title='bbox 991 2413 1023 2436; x_wconf 83' lang='lat'>2.</span> <span class='ocrx_word' id='word_1_262' title='bbox 1050 2402 1163 2446; x_wconf 78' lang='grc' dir='ltr'>ἐπειδὴ</span> <span class='ocrx_word' id='word_1_263' title='bbox 1183 2403 1218 2436; x_wconf 82' lang='grc' dir='ltr'>δέ</span> <span class='ocrx_word' id='word_1_264' title='bbox 1236 2404 1280 2438; x_wconf 86' lang='lat' dir='ltr'>A.</span> <span class='ocrx_word' id='word_1_265' title='bbox 1299 2404 1371 2438; x_wconf 80' lang='grc' dir='ltr'>ἐπεὶ</span> <span class='ocrx_word' id='word_1_266' title='bbox 1390 2403 1425 2438; x_wconf 78' lang='grc' dir='ltr'>δὲ</span> <span class='ocrx_word' id='word_1_267' title='bbox 1445 2403 1512 2438; x_wconf 84' lang='lat' dir='ltr'>Ed.</span> <span class='ocrx_word' id='word_1_268' title='bbox 1585 2404 1689 2449; x_wconf 81' lang='grc' dir='ltr'>ε’χρῆν</span> 
     </span>
     <span class='ocr_line' id='line_1_28' title="bbox 104 2442 1687 2493; baseline 0.006 -18"><span class='ocrx_word' id='word_1_269' title='bbox 104 2442 144 2475; x_wconf 82' lang='grc' dir='ltr'>οὐ</span> <span class='ocrx_word' id='word_1_270' title='bbox 168 2444 307 2488; x_wconf 83' lang='grc' dir='ltr'>λογικὸν</span> <span class='ocrx_word' id='word_1_271' title='bbox 324 2459 406 2478; x_wconf 85' lang='grc' dir='ltr'>ειναι</span> <span class='ocrx_word' id='word_1_272' title='bbox 426 2446 527 2488; x_wconf 91' lang='grc' dir='ltr'>μόνον</span> <span class='ocrx_word' id='word_1_273' title='bbox 545 2446 589 2480; x_wconf 89' lang='lat' dir='ltr'>A.</span> <span class='ocrx_word' id='word_1_274' title='bbox 608 2447 648 2480; x_wconf 78' lang='grc' dir='ltr'>οὗ</span> <span class='ocrx_word' id='word_1_275' title='bbox 672 2448 774 2490; x_wconf 90' lang='grc' dir='ltr'>μόνον</span> <span class='ocrx_word' id='word_1_276' title='bbox 798 2449 938 2492; x_wconf 84' lang='grc' dir='ltr'>λογικὸν</span> <span class='ocrx_word' id='word_1_277' title='bbox 962 2449 1064 2493; x_wconf 83' lang='grc' dir='ltr'>ε’χρῆν</span> <span class='ocrx_word' id='word_1_278' title='bbox 1082 2464 1163 2483; x_wconf 86' lang='grc' dir='ltr'>ειναι</span> <span class='ocrx_word' id='word_1_279' title='bbox 1190 2450 1257 2484; x_wconf 83' lang='lat' dir='ltr'>Ed.</span> <span class='ocrx_word' id='word_1_280' title='bbox 1309 2450 1434 2484; x_wconf 80' lang='lat' dir='ltr'>Statim</span> <span class='ocrx_word' id='word_1_281' title='bbox 1462 2451 1687 2484; x_wconf 80' lang='grc' dir='ltr'>καὶ-δικαιο-</span> 
     </span>
     <span class='ocr_line' id='line_1_29' title="bbox 105 2488 1689 2542; baseline 0.005 -19"><span class='ocrx_word' id='word_1_282' title='bbox 105 2488 209 2532; x_wconf 80' lang='grc' dir='ltr'>σύνην</span> <span class='ocrx_word' id='word_1_283' title='bbox 225 2498 449 2525; x_wconf 82' lang='lat' dir='ltr'>accesserunt</span> <span class='ocrx_word' id='word_1_284' title='bbox 466 2504 508 2526; x_wconf 81' lang='lat' dir='ltr'>ex</span> <span class='ocrx_word' id='word_1_285' title='bbox 526 2493 569 2526; x_wconf 80' lang='lat' dir='ltr'>A.</span> <span class='ocrx_word' id='word_1_286' title='bbox 800 2505 832 2538; x_wconf 83' lang='lat'>3.</span> <span class='ocrx_word' id='word_1_287' title='bbox 859 2495 924 2538; x_wconf 81' lang='grc' dir='ltr'>γὰρ</span> <span class='ocrx_word' id='word_1_288' title='bbox 942 2503 1165 2540; x_wconf 80' lang='lat' dir='ltr'>assumptum</span> <span class='ocrx_word' id='word_1_289' title='bbox 1184 2508 1225 2530; x_wconf 86' lang='lat' dir='ltr'>ex</span> <span class='ocrx_word' id='word_1_290' title='bbox 1243 2497 1287 2531; x_wconf 92' lang='lat' dir='ltr'>A.</span> <span class='ocrx_word' id='word_1_291' title='bbox 1359 2497 1476 2542; x_wconf 70' lang='lat' dir='ltr'><strong>‘Ayt&#39;ov</strong></span> <span class='ocrx_word' id='word_1_292' title='bbox 1493 2497 1689 2541; x_wconf 79' lang='grc' dir='ltr'>Πνεὺματος</span> 
     </span>
    </p>
   </div>
   <div class='ocr_carea' id='block_1_4' title="bbox 103 2547 1688 2885">
    <p class='ocr_par' dir='ltr' id='par_1_4' title="bbox 103 2547 1688 2787">
     <span class='ocr_line' id='line_1_30' title="bbox 104 2547 1687 2603; baseline 0.005 -18"><span class='ocrx_word' id='word_1_293' title='bbox 104 2551 171 2585; x_wconf 86' lang='lat' dir='ltr'>hoc</span> <span class='ocrx_word' id='word_1_294' title='bbox 189 2552 310 2586; x_wconf 83' lang='lat' dir='ltr'>ordine</span> <span class='ocrx_word' id='word_1_295' title='bbox 327 2553 371 2587; x_wconf 89' lang='lat' dir='ltr'>A.</span> <span class='ocrx_word' id='word_1_296' title='bbox 501 2567 534 2597; x_wconf 91' lang='lat'>4.</span> <span class='ocrx_word' id='word_1_297' title='bbox 561 2547 631 2600; x_wconf 58' lang='lat' dir='ltr'>{²er</span> <span class='ocrx_word' id='word_1_298' title='bbox 645 2556 689 2590; x_wconf 97' lang='lat' dir='ltr'>A.</span> <span class='ocrx_word' id='word_1_299' title='bbox 754 2557 813 2600; x_wconf 85' lang='grc' dir='ltr'>τῆς</span> <span class='ocrx_word' id='word_1_300' title='bbox 830 2557 920 2592; x_wconf 84' lang='grc' dir='ltr'>θείας</span> <span class='ocrx_word' id='word_1_301' title='bbox 937 2556 1077 2601; x_wconf 80' lang='grc' dir='ltr'>φύσεως</span> <span class='ocrx_word' id='word_1_302' title='bbox 1094 2559 1171 2594; x_wconf 75' lang='grc' dir='ltr'>τοὺς</span> <span class='ocrx_word' id='word_1_303' title='bbox 1187 2561 1401 2603; x_wconf 84' lang='grc' dir='ltr'>χαρακτῆρας</span> <span class='ocrx_word' id='word_1_304' title='bbox 1418 2559 1486 2594; x_wconf 81' lang='lat' dir='ltr'>hoc</span> <span class='ocrx_word' id='word_1_305' title='bbox 1503 2559 1625 2593; x_wconf 79' lang='lat' dir='ltr'>ordine</span> <span class='ocrx_word' id='word_1_306' title='bbox 1642 2560 1687 2594; x_wconf 91' lang='lat' dir='ltr'>A.</span> 
     </span>
     <span class='ocr_line' id='line_1_31' title="bbox 103 2598 1688 2652; baseline 0.006 -21"><span class='ocrx_word' id='word_1_307' title='bbox 103 2598 181 2633; x_wconf 81' lang='grc' dir='ltr'>τοὺς</span> <span class='ocrx_word' id='word_1_308' title='bbox 197 2601 409 2644; x_wconf 86' lang='grc' dir='ltr'>χαρακτῆρας</span> <span class='ocrx_word' id='word_1_309' title='bbox 427 2607 505 2635; x_wconf 84' lang='lat' dir='ltr'><strong>ante</strong></span> <span class='ocrx_word' id='word_1_310' title='bbox 522 2603 580 2645; x_wconf 79' lang='grc' dir='ltr'>τῆς</span> <span class='ocrx_word' id='word_1_311' title='bbox 599 2603 666 2636; x_wconf 85' lang='lat' dir='ltr'>Ed.</span> <span class='ocrx_word' id='word_1_312' title='bbox 964 2614 999 2648; x_wconf 88' lang='lat'>5.</span> <span class='ocrx_word' id='word_1_313' title='bbox 1024 2605 1130 2650; x_wconf 81' lang='grc' dir='ltr'>ἑαυτῷ</span> <span class='ocrx_word' id='word_1_314' title='bbox 1148 2605 1192 2638; x_wconf 87' lang='lat' dir='ltr'><strong>A.</strong></span> <span class='ocrx_word' id='word_1_315' title='bbox 1199 2606 1243 2639; x_wconf 89' lang='lat' dir='ltr'>D.</span> <span class='ocrx_word' id='word_1_316' title='bbox 1262 2606 1351 2652; x_wconf 80' lang='grc' dir='ltr'>αὐτῷ</span> <span class='ocrx_word' id='word_1_317' title='bbox 1371 2605 1438 2640; x_wconf 88' lang='lat' dir='ltr'>Ed.</span> <span class='ocrx_word' id='word_1_318' title='bbox 1490 2605 1616 2640; x_wconf 82' lang='lat' dir='ltr'>Statim</span> <span class='ocrx_word' id='word_1_319' title='bbox 1635 2607 1688 2640; x_wconf 88' lang='grc' dir='ltr'>καὶ</span> 
     </span>
     <span class='ocr_line' id='line_1_32' title="bbox 103 2646 1688 2697; baseline 0.006 -20"><span class='ocrx_word' id='word_1_320' title='bbox 103 2651 325 2689; x_wconf 83' lang='lat' dir='ltr'>assumptum</span> <span class='ocrx_word' id='word_1_321' title='bbox 343 2657 385 2679; x_wconf 80' lang='lat' dir='ltr'>ex</span> <span class='ocrx_word' id='word_1_322' title='bbox 402 2646 447 2680; x_wconf 88' lang='lat' dir='ltr'>A.</span> <span class='ocrx_word' id='word_1_323' title='bbox 675 2659 729 2683; x_wconf 90' lang='lat'>10.</span> <span class='ocrx_word' id='word_1_324' title='bbox 756 2649 943 2684; x_wconf 71' lang='grc' dir='ltr'>ἐντεῦθεν”</span> <span class='ocrx_word' id='word_1_325' title='bbox 925 2665 1020 2684; x_wconf 84' lang='grc' dir='ltr'>εστιν</span> <span class='ocrx_word' id='word_1_326' title='bbox 1037 2650 1103 2684; x_wconf 90' lang='lat' dir='ltr'>hoc</span> <span class='ocrx_word' id='word_1_327' title='bbox 1122 2651 1243 2685; x_wconf 85' lang='lat' dir='ltr'>ordine</span> <span class='ocrx_word' id='word_1_328' title='bbox 1261 2653 1305 2686; x_wconf 90' lang='lat' dir='ltr'>A.</span> <span class='ocrx_word' id='word_1_329' title='bbox 1376 2652 1442 2697; x_wconf 79' lang='grc' dir='ltr'>γὰρ</span> <span class='ocrx_word' id='word_1_330' title='bbox 1462 2659 1688 2697; x_wconf 81' lang='lat' dir='ltr'><strong>assumptum</strong></span> 
     </span>
     <span class='ocr_line' id='line_1_33' title="bbox 103 2691 1685 2743; baseline 0.005 -19"><span class='ocrx_word' id='word_1_331' title='bbox 103 2701 145 2724; x_wconf 85' lang='lat' dir='ltr'>ex</span> <span class='ocrx_word' id='word_1_332' title='bbox 163 2691 208 2724; x_wconf 91' lang='lat' dir='ltr'>A.</span> <span class='ocrx_word' id='word_1_333' title='bbox 278 2694 401 2726; x_wconf 81' lang='grc' dir='ltr'>νοεῖται</span> <span class='ocrx_word' id='word_1_334' title='bbox 419 2694 436 2725; x_wconf 96' lang='lat'><em>6</em></span> <span class='ocrx_word' id='word_1_335' title='bbox 455 2693 540 2728; x_wconf 84' lang='grc' dir='ltr'>Θεὸς</span> <span class='ocrx_word' id='word_1_336' title='bbox 556 2693 600 2728; x_wconf 95' lang='grc' dir='ltr'>Α.</span> <span class='ocrx_word' id='word_1_337' title='bbox 618 2697 741 2729; x_wconf 80' lang='grc' dir='ltr'>νοεῖται</span> <span class='ocrx_word' id='word_1_338' title='bbox 760 2697 846 2731; x_wconf 86' lang='grc' dir='ltr'>Θεὸς</span> <span class='ocrx_word' id='word_1_339' title='bbox 864 2697 911 2730; x_wconf 90' lang='lat' dir='ltr'>D.</span> <span class='ocrx_word' id='word_1_340' title='bbox 931 2698 1015 2732; x_wconf 84' lang='grc' dir='ltr'>Θεὸς</span> <span class='ocrx_word' id='word_1_341' title='bbox 1032 2699 1155 2731; x_wconf 85' lang='grc' dir='ltr'>νοεῖται</span> <span class='ocrx_word' id='word_1_342' title='bbox 1173 2697 1241 2731; x_wconf 89' lang='lat' dir='ltr'>Ed.</span> <span class='ocrx_word' id='word_1_343' title='bbox 1552 2710 1605 2732; x_wconf 79' lang='lat'>12.</span> <span class='ocrx_word' id='word_1_344' title='bbox 1632 2697 1685 2743; x_wconf 82' lang='grc' dir='ltr'>ἐκ]</span> 
     </span>
     <span class='ocr_line' id='line_1_34' title="bbox 108 2737 1687 2799; baseline 0.004 -29"><span class='ocrx_word' id='word_1_345' title='bbox 108 2739 211 2776; x_wconf 80' lang='grc' dir='ltr'>-Ι-τοῦ</span> <span class='ocrx_word' id='word_1_346' title='bbox 230 2737 276 2771; x_wconf 89' lang='lat' dir='ltr'>D.</span> <span class='ocrx_word' id='word_1_347' title='bbox 296 2737 363 2771; x_wconf 87' lang='lat' dir='ltr'>Ed.</span> <span class='ocrx_word' id='word_1_348' title='bbox 382 2739 491 2772; x_wconf 88' lang='lat' dir='ltr'>invito</span> <span class='ocrx_word' id='word_1_349' title='bbox 508 2740 552 2773; x_wconf 92' lang='lat' dir='ltr'>A.</span> <span class='ocrx_word' id='word_1_350' title='bbox 700 2753 752 2786; x_wconf 85' lang='lat'>13.</span> <span class='ocrx_word' id='word_1_351' title='bbox 778 2743 966 2786; x_wconf 80' lang='grc' dir='ltr'>μετέβαλεν</span> <span class='ocrx_word' id='word_1_352' title='bbox 982 2744 1026 2799; x_wconf 78' lang='lat' dir='ltr'>A.</span> <span class='ocrx_word' id='word_1_353' title='bbox 1045 2743 1297 2787; x_wconf 79' lang='grc' dir='ltr'>μεταβεβληται</span> <span class='ocrx_word' id='word_1_354' title='bbox 1316 2743 1382 2779; x_wconf 87' lang='lat' dir='ltr'>Ed.</span> <span class='ocrx_word' id='word_1_355' title='bbox 1525 2745 1578 2778; x_wconf 83' lang='lat'>1.8</span> <span class='ocrx_word' id='word_1_356' title='bbox 1606 2745 1687 2777; x_wconf 86' lang='grc' dir='ltr'>ὑπο-</span> 
     </span>
    </p>

    <p class='ocr_par' dir='ltr' id='par_1_5' title="bbox 103 2781 1688 2881">
     <span class='ocr_line' id='line_1_35' title="bbox 103 2781 1686 2835; baseline 0.004 -19"><span class='ocrx_word' id='word_1_357' title='bbox 103 2781 277 2817; x_wconf 87' lang='grc' dir='ltr'>πέπτωκεν</span> <span class='ocrx_word' id='word_1_358' title='bbox 293 2783 468 2828; x_wconf 83' lang='grc' dir='ltr'>ἁμαρτίαις</span> <span class='ocrx_word' id='word_1_359' title='bbox 488 2785 554 2819; x_wconf 85' lang='lat' dir='ltr'>hoc</span> <span class='ocrx_word' id='word_1_360' title='bbox 572 2786 692 2821; x_wconf 86' lang='lat' dir='ltr'>ordine</span> <span class='ocrx_word' id='word_1_361' title='bbox 709 2788 754 2823; x_wconf 89' lang='lat' dir='ltr'>A</span> <span class='ocrx_word' id='word_1_362' title='bbox 866 2800 920 2822; x_wconf 89' lang='lat'>22.</span> <span class='ocrx_word' id='word_1_363' title='bbox 946 2789 1053 2835; x_wconf 84' lang='grc' dir='ltr'>τούτῳ</span> <span class='ocrx_word' id='word_1_364' title='bbox 1073 2790 1120 2824; x_wconf 88' lang='grc' dir='ltr'>Ι).</span> <span class='ocrx_word' id='word_1_365' title='bbox 1137 2793 1237 2825; x_wconf 84' lang='grc' dir='ltr'>τοῦτο</span> <span class='ocrx_word' id='word_1_366' title='bbox 1255 2790 1323 2825; x_wconf 87' lang='lat' dir='ltr'>Ed.</span> <span class='ocrx_word' id='word_1_367' title='bbox 1440 2801 1496 2835; x_wconf 84' lang='grc'>23.</span> <span class='ocrx_word' id='word_1_368' title='bbox 1521 2790 1686 2833; x_wconf 76' lang='grc' dir='ltr'>ἐψυχώθη</span> 
     </span>
     <span class='ocr_line' id='line_1_36' title="bbox 103 2824 1688 2885; baseline 0.005 -23"><span class='ocrx_word' id='word_1_369' title='bbox 103 2842 164 2871; x_wconf 88' lang='grc' dir='ltr'>μεν</span> <span class='ocrx_word' id='word_1_370' title='bbox 180 2830 218 2863; x_wconf 85' lang='grc' dir='ltr'>τὸ</span> <span class='ocrx_word' id='word_1_371' title='bbox 237 2831 320 2875; x_wconf 78' lang='grc' dir='ltr'>ζῷον</span> <span class='ocrx_word' id='word_1_372' title='bbox 337 2830 404 2864; x_wconf 87' lang='lat' dir='ltr'>hoc</span> <span class='ocrx_word' id='word_1_373' title='bbox 422 2830 543 2864; x_wconf 80' lang='lat' dir='ltr'>ordine</span> <span class='ocrx_word' id='word_1_374' title='bbox 560 2833 604 2865; x_wconf 91' lang='lat' dir='ltr'>A.</span> <span class='ocrx_word' id='word_1_375' title='bbox 623 2834 660 2866; x_wconf 88' lang='grc' dir='ltr'>τὸ</span> <span class='ocrx_word' id='word_1_376' title='bbox 679 2835 763 2879; x_wconf 78' lang='grc' dir='ltr'>ζῷον</span> <span class='ocrx_word' id='word_1_377' title='bbox 779 2834 841 2877; x_wconf 81' lang='grc' dir='ltr'>μὲν</span> <span class='ocrx_word' id='word_1_378' title='bbox 857 2835 1022 2885; x_wconf 77' lang='grc' dir='ltr'>ἐψυχώθη</span> <span class='ocrx_word' id='word_1_379' title='bbox 1035 2824 1108 2870; x_wconf 87' lang='lat' dir='ltr'>Ed.</span> <span class='ocrx_word' id='word_1_380' title='bbox 1285 2848 1341 2879; x_wconf 74' lang='lat'>24</span> <span class='ocrx_word' id='word_1_381' title='bbox 1367 2838 1527 2881; x_wconf 85' lang='grc' dir='ltr'>ὁμοιώσει</span> <span class='ocrx_word' id='word_1_382' title='bbox 1544 2838 1583 2878; x_wconf 85' lang='grc' dir='ltr'>τῇ</span> <span class='ocrx_word' id='word_1_383' title='bbox 1602 2835 1688 2880; x_wconf 83' lang='grc' dir='ltr'>πρὸς</span> 
     </span>
    </p>
   </div>
   <div class='ocr_carea' id='block_1_5' title="bbox 104 2875 1687 2966">
    <p class='ocr_par' dir='ltr' id='par_1_6' title="bbox 104 2875 1687 2966">
     <span class='ocr_line' id='line_1_37' title="bbox 104 2875 1687 2934; baseline 0.005 -26"><span class='ocrx_word' id='word_1_384' title='bbox 104 2875 206 2908; x_wconf 82' lang='grc' dir='ltr'>αὐτὸν</span> <span class='ocrx_word' id='word_1_385' title='bbox 222 2877 266 2910; x_wconf 92' lang='lat' dir='ltr'>A.</span> <span class='ocrx_word' id='word_1_386' title='bbox 292 2878 330 2920; x_wconf 88' lang='grc' dir='ltr'>τῆ</span> <span class='ocrx_word' id='word_1_387' title='bbox 356 2877 440 2934; x_wconf 82' lang='grc' dir='ltr'>πρὸς</span> <span class='ocrx_word' id='word_1_388' title='bbox 465 2877 565 2911; x_wconf 83' lang='grc' dir='ltr'>αὐτὸν</span> <span class='ocrx_word' id='word_1_389' title='bbox 582 2880 742 2922; x_wconf 88' lang='grc' dir='ltr'>ὁμοιώσει</span> <span class='ocrx_word' id='word_1_390' title='bbox 761 2880 827 2916; x_wconf 87' lang='lat' dir='ltr'>Ed.</span> <span class='ocrx_word' id='word_1_391' title='bbox 899 2881 1165 2926; x_wconf 73' lang='grc' dir='ltr'>εἰναι-ἁπάσης</span> <span class='ocrx_word' id='word_1_392' title='bbox 1181 2883 1225 2917; x_wconf 88' lang='grc' dir='ltr'>Α.</span> <span class='ocrx_word' id='word_1_393' title='bbox 1252 2883 1379 2928; x_wconf 81' lang='grc' dir='ltr'>ἀγαθὸν</span> <span class='ocrx_word' id='word_1_394' title='bbox 1403 2883 1456 2916; x_wconf 84' lang='grc' dir='ltr'>καὶ</span> <span class='ocrx_word' id='word_1_395' title='bbox 1482 2882 1609 2915; x_wconf 83' lang='grc' dir='ltr'>δίκαιον</span> <span class='ocrx_word' id='word_1_396' title='bbox 1633 2882 1687 2916; x_wconf 86' lang='grc' dir='ltr'>καὶ</span> 
     </span>
     <span class='ocr_line' id='line_1_38' title="bbox 104 2920 556 2966; baseline 0.009 -13"><span class='ocrx_word' id='word_1_397' title='bbox 104 2920 222 2965; x_wconf 76' lang='grc' dir='ltr'>ἀρετῆς</span> <span class='ocrx_word' id='word_1_398' title='bbox 239 2922 372 2966; x_wconf 84' lang='grc' dir='ltr'>ἀπάσης</span> <span class='ocrx_word' id='word_1_399' title='bbox 389 2937 470 2957; x_wconf 80' lang='grc' dir='ltr'>ειναι</span> <span class='ocrx_word' id='word_1_400' title='bbox 490 2923 556 2957; x_wconf 81' lang='lat' dir='ltr'>Ed.</span> 
     </span>
    </p>
   </div>
   <div class='ocr_carea' id='block_1_6' title="bbox 162 2989 946 3034">
    <p class='ocr_par' dir='ltr' id='par_1_7' title="bbox 162 2989 946 3034">
     <span class='ocr_line' id='line_1_39' title="bbox 162 2989 946 3034; baseline 0.008 -18"><span class='ocrx_word' id='word_1_401' title='bbox 162 2989 256 3018; x_wconf 75' lang='lat' dir='ltr'><strong>vor..</strong></span> <span class='ocrx_word' id='word_1_402' title='bbox 275 2991 343 3018; x_wconf 90' lang='lat'><strong>111.</strong></span> <span class='ocrx_word' id='word_1_403' title='bbox 875 2998 902 3034; x_wconf 81' lang='lat'>4</span> <span class='ocrx_word' id='word_1_404' title='bbox 923 2996 946 3022; x_wconf 87' lang='lat' dir='ltr'>B</span> 
     </span>
    </p>
   </div>
  </div>
 </body>
</html>
