2012 3272
57 579 78 617 ΕΠ

30 998 78 1022 10

26 1902 74 1927 20

517 126 758 166 CONTRA
802 127 958 167 SYNO
969 127 1265 167 USIASTAS.
1604 129 1687 169 483

101 241 128 263 ‘⁴
156 232 237 287 Εἷς
264 234 357 300 γὰρ
386 234 520 297 Θεὸς,
548 237 712 303 φησὶν,
740 235 802 289 εἷς
829 239 903 286 καὶ
929 236 1126 300 μεσίτης
1153 240 1278 286 Θεοῦ
1305 237 1379 286 καὶ
1407 236 1684 303 ἀνθρώπων,
1711 246 1909 286 ¹'l‘i1¹¹·ii-5‚

1705 290 1735 321 6.

99 322 126 344 “
152 315 399 381 ἄνθρωπος
450 316 664 382 Χριστὸς
712 318 917 381 Ἰησοῦς,
967 319 992 367 ὁ
1037 317 1143 371 δοὺς
1193 316 1358 368 ἑαυτὸν
1409 319 1688 384 ἀντίλυτρον

100 404 126 427 “
154 397 301 464 ὑπέρ”
330 398 475 462 ἡμῶν.
528 399 758 462 μεσιτεύει
789 398 883 465 γὰρ
911 402 974 453 ὡς
1001 399 1121 453 Θεός
1154 422 1203 449 τε
1241 400 1357 463 ὁμοῦ
1391 402 1465 451 καὶ
1498 401 1682 467 ἄνθρω-

96 502 183 533 πος
229 481 254 530 ὁ
294 478 451 542 αὐτὸς,
500 480 847 531 καταλλάττων
890 481 1010 544 ἡμᾶς
1049 484 1115 550 τῷ
1154 484 1263 550 Θεῷ
1307 484 1382 532 καὶ
1426 484 1583 548 Πατρὶ
1624 486 1684 534 δι’

98 564 262 612 ἑαυτοῦ
297 584 345 612 τε
385 563 461 612 καὶ
500 563 547 612 ἐν
573 563 711 631 αὐτῷ,
739 563 813 613 καὶ
850 564 1081 628 συνείρων
1114 562 1278 628 ὥσπερ
1318 567 1381 617 εἷς
1419 564 1589 614 ἕνωσιν
1627 564 1687 615 τὰ

97 648 192 697 τοῖς
231 647 313 708 τῆς
352 643 544 712 φύσεως
588 644 755 709 λόγοις
795 644 980 714 ἀμέτρῳ
1019 647 1227 714 διαφορᾷ
1270 645 1390 712 πρὸς
1438 646 1687 713 ἑτερότητα

97 726 433 791 διενηνεγμένα,
458 727 569 776 ἀλλ’
598 725 655 790 ἧν
680 728 728 777 ἐν
751 730 953 796 Χριστῷ
980 727 1397 793 συνδεδραμηκότα
1423 728 1542 795 πρὸς
1568 730 1684 780 ἕνω-

96 830 177 857 σιν
205 806 477 875 ἀσύγχυτόν
503 830 551 858 τε
578 809 654 858 καὶ
680 808 1031 860 ἀδιάσπαστον.
1081 809 1318 873 σύνηπται
1354 810 1439 872 μὲν
1465 810 1558 877 γὰρ
1585 815 1682 862 θεῖ-

96 894 187 943 κῶς
231 894 298 959 τῷ
340 892 509 956 Πατρῖ,
550 889 777 958 συνήφθη
817 891 865 941 δὲ
901 892 977 941 καὶ
1012 891 1123 954 ἡμῖν
1161 893 1481 956 ἀνθρωπίνως.
1538 895 1686 948 οὕτως

97 976 264 1023 νοεῖται
302 974 378 1023 καὶ
416 972 520 1023 ε”στι
559 974 756 1037 μεσίτης
795 974 927 1037 ἡμῶν
967 973 1214 1039 ἄνθρωπος
1240 973 1426 1038 Ἰησοῦς
1454 975 1683 1041 Χριστός·

95 1058 132 1104 εἰ
160 1054 207 1105 δὲ
233 1054 427 1120 γε’γονεν
453 1057 644 1119 ἀληθῶς
671 1055 948 1120 ἀπόβλητος
975 1056 1113 1125 αὐτῷ,
1143 1056 1270 1106 καθοί
1291 1061 1458 1124 φησιν,
1485 1058 1513 1121 ἡ
1539 1057 1683 1127 σὰρξ,

95 1138 280 1202 ἀπέστη
307 1137 495 1191 πάντως
521 1140 597 1188 καὶ
622 1144 705 1189 τοῦ
731 1139 991 1202 μεσιτεύειν
1017 1140 1137 1203 ἡμᾶς
1163 1141 1239 1190 καὶ
1264 1139 1383 1206 πρὸς
1412 1138 1495 1190 τὸν
1520 1141 1686 1190 ἑαυτοῦ

97 1221 306 1286 Πατέρα·
348 1224 448 1274 πῶς
477 1220 558 1270 οὖν
584 1219 650 1270 ἔτι
675 1219 910 1286 πρόσιμεν
934 1222 1078 1290 αὐτῷ,
1110 1221 1233 1274 τίνος
1259 1222 1325 1272 ἔτι
1350 1221 1685 1287 προσάγοντος

94 1302 240 1367 ἤγουν
277 1301 639 1366 μεσιτεύοντος;
705 1302 956 1369 ἄνθρωπον
1000 1302 1093 1369 γὰρ
1134 1301 1248 1354 εἶναι
1291 1303 1373 1354 τὸν
1418 1304 1617 1368 μεσίτην
1659 1305 1684 1354 ὁ

95 1383 350 1437 θεσπέσιος
388 1383 479 1452 ἔφη
509 1388 722 1437 Παῦλος·
764 1384 1038 1448 μεμνήμεθα
1078 1383 1126 1435 δὲ
1166 1408 1242 1435 και
1281 1387 1424 1436 αὐτοῦ
1462 1385 1685 1451 λέγοντος

399 1471 419 1481 a

93 1471 176 1516 τοῦ
202 1470 420 1532 Χριστου
459 1472 486 1494 “
509 1466 678 1519 Οὐδεις
718 1489 900 1533 ερχεται
939 1465 1058 1533 πρὸς
1095 1465 1178 1517 τὸν
1207 1466 1409 1532 Πατερα,
1446 1491 1483 1517 ει
1521 1467 1585 1531 μὴ
1626 1469 1680 1518 δι’
1702 1483 1733 1514 S.
1726 1483 1845 1558 Jo6an.

1663 1549 1675 1567 x
1701 1527 1757 1557 xiv

95 1548 289 1610 “ἐμοῦ.’
282 1548 305 1563 ”
360 1548 505 1601 ὕθλος
530 1547 612 1597 οὖν
639 1547 729 1613 ἄρα
764 1549 839 1598 καὶ
865 1547 1169 1616 ἀποπληξίας
1196 1571 1415 1613 γεμοντες
1442 1548 1594 1615 λόγοι,
1623 1574 1681 1602 τα

93 1633 187 1679 τῶν
213 1633 581 1680 συνουσιαστῶν
607 1628 860 1695 εὑρηματα.

891 1770 901 1787 Ι

859 1796 889 1826 ‘2‘
908 1814 916 1823 .

166 1885 193 1907 “
211 1876 326 1944 Ἆρά
351 1900 405 1943 γε
432 1877 632 1928 ἐλθὼν
613 1902 638 1929 ο
667 1877 761 1932 υιὸς
787 1884 870 1929 τοῦ
896 1879 1148 1944 ανθρώπου
1179 1879 1367 1945 εὑρήσει
1401 1880 1487 1944 τὴν
1517 1904 1681 1932 πιστιν
1701 1898 1733 1928 S
1747 1899 1837 1972 Βαρέ-

1700 1952 1778 1972 XVlll

1615 1963 1626 1979 Ι

107 1961 218 2011 ίἐπι
244 1962 326 2023 τῆς
351 1960 482 2025 γῆς·
457 2001 469 2019 ,
487 1960 649 2028 ’φερε
681 1960 775 2027 γὰρ
808 1961 1019 2026 ἐρώμεθα
1044 1984 1152 2015 τους
1180 1962 1234 2012 δι’
1263 1963 1486 2024 ἐναντίας,
1515 1964 1682 2014 ὁποιαν

92 2041 182 2107 ἄρα
208 2041 294 2106 τὴν
328 2042 494 2092 πίστιν
527 2040 658 2108 παρά
689 2065 743 2107 γε
781 2047 878 2096 τοῖς
917 2043 1053 2093 οὖσιν
1091 2045 1165 2094 ἐπὶ
1204 2046 1288 2107 τῆς
1326 2047 1412 2109 γῆς
1439 2046 1682 2110 εὑρεθῆναι

91 2124 315 2184 βούλεται
354 2122 633 2188 καθιγμένος
671 2124 727 2192 ἐξ
763 2125 973 2190 οὐρανῶν
1012 2125 1037 2174 ὁ
1077 2124 1172 2178 υἱὸς
1207 2131 1290 2176 τοῦ
1328 2126 1595 2192 ἀνθρώπου·
1649 2124 1678 2190 ἢ

91 2207 166 2255 καὶ
192 2205 295 2255 τίνα
325 2204 501 2270 τρόπον
532 2205 653 2268 ἡμᾶς
684 2205 852 2271 πρέποι
878 2204 936 2256 ἂν
963 2209 1224 2257 διοικεῖσθαι
1249 2209 1354 2273 περὶ
1393 2209 1550 2258 αὐτοῦ·
1605 2205 1676 2273 ἆρ’

91 2288 153 2339 ὡς
178 2285 362 2350 ἀπέστη
399 2290 482 2336 τοῦ
507 2283 622 2336 εἶναι
648 2286 801 2336 θέλειν
826 2286 925 2337 υἱὸν
952 2287 1216 2353 ἀνθρώπου,
1244 2288 1392 2353 ἤγουν
1428 2288 1497 2339 ὅτι
1533 2288 1672 2352 μεμέ-

91 2390 227 2431 νηκεν
266 2366 486 2429 ὁμοιώσει
527 2369 585 2435 τῇ
628 2366 748 2433 πρὸς
791 2367 943 2431 ἡμᾶς;
993 2369 1143 2419 καίτοι
1186 2374 1287 2423 πῶς
1326 2369 1382 2420 ἂν
1424 2369 1688 2421 ἐνδοιάσειέ

90 2472 174 2512 τις,
205 2451 266 2503 ὡς
292 2449 418 2515 εἴπερ
444 2447 501 2513 ἦν
527 2451 709 2500 ἀπᾶδον
735 2450 861 2519 αὐτῷ
895 2450 949 2501 τὸ
987 2449 1211 2519 ὑπάρχειν
1237 2452 1303 2502 ε”τι
1330 2455 1539 2502 νοεῖσθαι
1567 2453 1675 2503 καθ’

139 2611 169 2635 2.
194 2600 294 2634 Jesus
316 2599 497 2635 Christus
490 2613 549 2635 mv
552 2613 629 2635 erso
646 2601 769 2635 ordine
787 2601 866 2646 Syr.
1022 2613 1054 2644 4.
1081 2600 1123 2635 δι’
1141 2602 1244 2636 αὐτοῦ
1262 2601 1298 2636 b,
1454 2611 1486 2644 5.
1515 2602 1550 2636 ἐν
1567 2602 1675 2648 αὐτῷ]

90 2647 202 2691 pergit
220 2651 344 2691 etpost
358 2659 470 2692 pauca
488 2648 605 2681 Καίτοι
623 2651 693 2683 πῶς
711 2654 750 2682 ut
766 2648 869 2688 infra,
889 2648 948 2682 lin.
969 2648 1023 2681 26.
1292 2659 1325 2692 9.
1353 2648 1525 2693 συνῆφθαι
1545 2648 1629 2694 (sic)
1648 2660 1677 2683 c.

94 2703 144 2726 12.
170 2692 240 2735 μετ’
258 2708 360 2727 αυτου
378 2705 440 2738 pro
458 2695 577 2728 εαυτοῦ
596 2706 626 2728 c.
802 2706 855 2736 14.
882 2696 899 2727 ὁ
918 2694 1105 2730 θεσπεσιος
1121 2693 1276 2739 εφη]’φ
1230 2710 1244 2727 ε
1248 2695 1297 2738 φη
1316 2697 1334 2728 ὁ
1352 2707 1382 2729 C.
1559 2706 1614 2729 20.
1641 2696 1677 2728 ἐκ

89 2741 149 2771 τοῦ
166 2739 269 2773 αὐτοῦ
286 2741 392 2785 λόγου
410 2740 444 2774 b.
450 2752 477 2775 c.
552 2739 747 2785 ἀνθρώπου]
768 2743 857 2774 Θεοῦ
876 2740 960 2785 (sic)
980 2752 1009 2774 c.
1211 2752 1266 2775 21.
1293 2740 1461 2785 ἐρώμεθα]
1485 2741 1537 2775 Ita
1557 2741 1676 2774 Codex

89 2790 246 2830 uterque.
541 2797 596 2821 22,
621 2786 770 2832 παράγε]
789 2789 978 2832 παράγεται
997 2786 1077 2830 (sic)
1095 2798 1126 2821 c.
1437 2798 1492 2831 23.
1519 2787 1537 2829 ἢ
1556 2799 1625 2820 om.
1646 2798 1676 2820 c.

91 2841 145 2872 24
170 2832 292 2876 πρέποι
317 2832 356 2866 ἂν
381 2832 569 2867 διακεῖσθαι
595 2834 789 2867 emenda-Vl·
807 2848 929 2878 πρΕπΕι
947 2833 987 2867 ἂν
1003 2832 1192 2867 διακεισθαι
1209 2832 1244 2873 b,
1263 2833 1383 2877 πρέπει
1401 2833 1600 2867 Ενδίακὲίσθ(
1605 2848 1625 2866 ll.
1644 2844 1674 2866 C.

91 2877 292 2927 26—p.484,
312 2889 348 2913 11
371 2879 452 2913 citat
471 2878 644 2913 Severus
637 2891 671 2913 ln
692 2880 756 2924 Ep.
776 2879 930 2914 secunda
947 2879 990 2913 ad
1011 2879 1172 2924 Sergium
1192 2891 1298 2924 supra
1316 2881 1373 2914 cit.
1478 2888 1534 2923 2.7
1561 2877 1671 2923 εἴπερ]

90 2925 183 2958 Εἶπον
200 2935 231 2958 C

828 2993 951 3035 μω
