2017 3252
65 216 156 257 [108
175 215 254 257 M.]

61 1178 72 1199 1
89 1168 163 1199 Cor.
182 1178 236 1198 xv.

56 1221 109 1251 41.

71 2215 214 2288 S.Joag1.

70 2260 137 2290 xiv.

268 152 352 193 372
498 154 549 193 B.
580 151 825 193 CYRILLI
861 150 1210 191 ALEXANDR.
1246 148 1618 190 FRAGMENTA
1762 146 1788 185 i.
1806 158 1846 196 4.

271 281 438 310 σονται
464 258 512 311 δὲ
539 260 677 323 ὅμως,
702 259 782 311 ἐὰν
807 259 899 326 ἄρα
924 257 1156 322 μάθωσιν,
1179 260 1241 311 ὡς
1267 259 1314 307 ἐν
1340 255 1425 319 μὲν
1450 261 1545 309 τοῖς
1573 254 1847 320 ὀμογενέσιν

271 342 657 407 ὁμολογουμένως
697 346 831 408 φιλεῖ
863 339 917 391 τὸ
947 342 1029 403 τῆς
1063 340 1361 405 συγκρίσεως
1396 339 1630 402 γίνεσθαι,
1661 337 1735 387 καὶ
1768 336 1850 386 οὐκ

271 424 319 472 ἐν
345 427 439 474 τοῖς
467 421 794 487 ἑτερογενέσιν.

345 504 514 556 Οὐδεὶς
551 509 666 567 γοῦν
692 503 817 552 Θεὸν
850 503 1095 568 συγκρίνοι
1132 501 1251 567 πρὸς
1283 501 1545 567 ἄνθρωπον,
1571 497 1674 549 οὐδὲ
1706 496 1853 548 πάλιν

273 584 521 649 ἄνθρωπον
556 583 674 649 πρὸς
708 583 767 633 τὰ
805 583 975 648 ἄλογα,
1016 582 1118 633 οὐδὲ
1157 583 1283 651 ξύλα
1320 581 1438 648 πρὸς
1482 582 1641 633 λίθους
1680 578 1755 630 διὰ
1798 579 1896 636 τὸ5

274 664 492 728 ἀνόμοιον
541 668 622 728 τῆς
673 664 880 732 φύσεως·
941 663 1072 714 ἀλλὰ
1125 663 1247 717 Θεὸς
1291 663 1377 728 μὲν
1421 663 1708 728 ἀσύγκριτον
1752 662 1855 711 ἐστὶ

274 751 484 812 πρᾶγμα,
536 746 782 812 ἄνθρωπος
833 745 882 796 δὲ
939 744 1056 810 πρὸς
1107 745 1356 810 ἄνθρωπον
1417 744 1730 809 συγκρίνεται,
1780 743 1856 792 καὶ

276 828 425 896 ξύλον
455 827 573 893 πρὸς
613 827 775 896 ξύλον,
813 829 887 878 καὶ
928 828 1059 880 λίθος
1097 825 1215 892 πρὸς
1253 827 1404 877 λίθον·
1456 827 1532 876 καὶ
1571 825 1654 875 οὐκ
1693 823 1750 874 ἄν
1787 845 1857 876 τις

277 909 394 960 ε’ίποι
421 911 495 960 ἐπὶ
527 909 704 960 τούτων
729 909 784 959 τό
812 910 1029 978 Κρεῖττων,
1059 907 1189 959 ἀλλὰ
1214 907 1268 958 τὸ
1294 912 1483 971 μᾶλλον
1508 909 1583 957 καὶ
1609 905 1664 956 τὸ
1689 904 1853 956 πλέον.

279 993 425 1044 οὕτως
469 990 655 1058 Ἰωσὴφ
708 992 874 1055 ὡραῖος
933 994 1124 1053 μᾶλλον
1176 987 1234 1052 ἧν
1289 988 1419 1055 παρὰ
1467 987 1575 1040 τοὺς
1623 985 1858 1055 ἀδελφοὺς
1881 1010 1929 1035 10

279 1074 433 1134 αὐτοῦ,
461 1075 534 1123 καὶ
561 1071 748 1139 Ῥαχὴλ
785 1075 867 1135 τῆς
894 1072 1052 1125 Λείας·
1105 1073 1180 1122 καὶ
1213 1070 1368 1136 ἀστὴρ
1396 1070 1593 1135 ἀστέρος
1619 1069 1673 1119 οὐ
1702 1067 1855 1133 κρείτ-

279 1178 386 1216 των,
413 1153 544 1204 ἀλλὰ
569 1158 761 1216 μᾶλλον
788 1160 815 1182 “
836 1153 1042 1219 διαφέρει
1070 1154 1118 1203 ἐν
1144 1152 1306 1220 δόξῃ·”
1355 1153 1428 1203 ἐπὶ
1454 1150 1502 1202 δὲ
1527 1155 1620 1201 τῶν
1646 1150 1854 1215 ἑτερογε-

281 1240 387 1297 νῶν,
406 1235 517 1285 ὅταν
544 1257 612 1288 τις
639 1240 786 1285 ταῦτα
810 1233 1072 1301 παραβάλῃ
1090 1233 1208 1299 πρὸς
1234 1233 1443 1297 ἄλληλα,
1460 1232 1563 1283 τότε
1587 1231 1641 1282 τό
1670 1232 1861 1298 κρείττων

280 1316 398 1382 πρὸς
436 1316 490 1366 τὸ
531 1315 819 1366 διαλλάττον
857 1316 1059 1381 λέγεται,
1092 1314 1302 1381 καθάπερ
1341 1315 1415 1365 ἐπὶ
1453 1317 1535 1377 τῆς
1573 1312 1748 1381 σοφίας
1787 1312 1862 1362 καὶ

281 1403 376 1449 τῶν
422 1398 570 1448 λίθων
614 1397 802 1463 εἴρηται.
864 1401 900 1448 εἰ
945 1396 1029 1460 μὲν
1072 1397 1153 1447 οὖν
1194 1395 1386 1461 εἰρηκὼς
1425 1394 1482 1460 ἧν
1523 1396 1548 1445 ὁ
1590 1393 1862 1448 ἀπόστολος
1885 1413 1932 1452 15

283 1479 515 1548 Τοσούτῳ
553 1483 742 1542 μᾶλλον
767 1480 791 1528 ὁ
817 1478 930 1532 Υἱὸς
956 1483 1051 1529 τῶν
1085 1476 1308 1543 ἀγγέλων
1346 1477 1559 1543 προάγει,
1587 1474 1615 1540 ἢ
1647 1474 1862 1544 τοσούτῳ

284 1561 448 1627 μείζων
481 1562 623 1622 ἐστὶν,
660 1559 716 1624 ἧν
755 1559 813 1610 ἂν
852 1561 958 1623 ὑμῖν
996 1559 1239 1627 πρόφασις
1278 1561 1339 1612 ὡς
1378 1557 1745 1624 συγκρινομένου
1780 1562 1864 1608 τοῦ

283 1646 402 1692 Υὶοῦ
439 1641 557 1708 πρὸς
595 1640 701 1695 τοὺς
741 1640 990 1707 ἀγγέλους·
1046 1647 1128 1691 νῦν
1168 1638 1216 1691 δὲ
1254 1640 1409 1705 λέγων
1447 1640 1686 1704 κρείττονα
1724 1637 1867 1689 αὐτὸν

285 1722 399 1775 εἶναι
442 1725 518 1774 καὶ
568 1722 754 1792 τοσούτῳ
796 1723 1042 1791 διαφερειν,
1083 1721 1185 1791 ὅσῳ
1230 1721 1472 1786 διέστηκεν
1508 1721 1623 1774 Υἱὸς
1669 1718 1866 1781 δούλων,

284 1806 520 1856 δείκνυσιν
570 1804 711 1855 αὑτὸν
763 1804 917 1855 ἄλλον
967 1803 1081 1855 εἶναι
1130 1807 1213 1868 τῆς
1256 1808 1350 1854 τῶν
1391 1801 1612 1868 ἀγγέλων
1656 1800 1863 1868 φύσεως·
1887 1830 1936 1856 20

288 1886 444 1951 λέγων
480 1885 527 1937 δὲ
565 1885 713 1937 πάλιν
751 1886 894 1937 αὐτὸν
926 1884 1040 1936 εἶναι
1078 1885 1160 1936 τὸν
1200 1884 1556 1948 θεμελιώσαντα
1592 1882 1653 1933 τὰ
1689 1881 1865 1945 πάντα,

290 1969 523 2018 δείκνυσιν
561 1966 702 2018 αὐτὸν
737 1968 892 2018 ἄλλον
930 1965 1044 2018 εἶναι
1081 1965 1272 2018 πάντων
1310 1970 1404 2017 τῶν
1441 1968 1661 2031 γενητῶν·
1715 1964 1870 2015 ἄλλου

292 2049 339 2099 δὲ
360 2051 435 2100 καὶ
463 2050 757 2115 ἑτεροουσιόυ
785 2050 926 2100 αὐτοῦ
953 2048 1086 2102 ὄντος
1112 2047 1241 2114 παρὰ
1261 2047 1346 2112 τὴν
1366 2052 1460 2098 τῶν
1478 2050 1687 2113 γενητῶν
1707 2045 1869 2113 φύσιν,

290 2135 402 2184 ποία
429 2137 510 2197 τῆς
537 2134 699 2187 οὐσίας
726 2134 867 2184 αὐτοῦ
894 2132 1146 2199 σύγκρισις
1165 2131 1193 2197 ἢ
1212 2130 1427 2196 ὁμοιότης
1452 2131 1570 2196 πρὸς
1592 2128 1648 2181 τὰ
1668 2127 1868 2196 γενητοῖς

294 2214 369 2265 διὰ
407 2220 545 2265 τοῦτο
583 2214 676 2280 γὰρ
715 2217 789 2265 καὶ
824 2213 961 2268 αὐτὸς
989 2216 1014 2265 ὁ
1042 2213 1156 2267 Υἱὸς
1183 2215 1265 2264 οὐκ
1292 2213 1471 2280 ε’ίρηκεν
1494 2213 1557 2263 ‘O
1587 2210 1757 2277 Πατήρ
1781 2233 1872 2274 μου
1891 2230 1940 2269 25

293 2297 512 2362 κρείττων
550 2319 640 2359 μου
678 2297 820 2358 ἐστὶν,
859 2296 935 2346 ἵνα
972 2295 1037 2359 μὴ
1072 2296 1206 2364 ξένον
1247 2317 1315 2348 τις
1354 2297 1438 2357 τῆς
1475 2293 1645 2344 ἐκείνου
1683 2291 1874 2362 φύσεως

296 2378 437 2428 αὑτὸν
476 2377 716 2445 ὑπολάβῃ·
771 2377 901 2428 ἀλλὰ
938 2377 1103 2443 μείζων
1141 2374 1279 2438 εἶπεν,
1319 2376 1373 2425 οὐ
1410 2374 1594 2440 μεγέθει
1631 2375 1734 2436 τινὶ,
1769 2371 1874 2424 οὐδὲ

297 2458 464 2528 χρόνῳ,
492 2459 621 2509 ἀλλὰ
659 2458 734 2508 διὰ
766 2458 850 2522 τὴν
876 2458 933 2526 ἐξ
963 2459 1104 2509 αὐτοῦ
1130 2463 1213 2509 τοῦ
1240 2455 1430 2522 Πατρὸς
1456 2456 1691 2521 γέννησιν·
1745 2453 1875 2518 πλὴν

298 2539 368 2590 ὅτι
408 2541 480 2589 καὶ
513 2542 559 2589 ἐν
591 2544 657 2608 τῷ
691 2543 831 2590 εἰπεῖν
859 2539 1046 2605 Μείζων
1080 2540 1210 2589 ἐστὶν
1241 2537 1382 2605 ἔδειξε
1420 2535 1568 2588 πάλιν
1593 2538 1674 2599 τῆς
1713 2534 1876 2589 οὐσίας

299 2619 384 2683 τὴν
411 2618 633 2684 ἰδιότητα.
677 2623 752 2670 καὶ
779 2621 803 2669 ὁ
830 2619 1102 2673 ἀπόστολος
1129 2619 1192 2682 δὲ,
1219 2620 1272 2669 οὐ
1301 2617 1387 2682 τὴν
1412 2624 1495 2669 τοῦ
1522 2617 1682 2684 Λόγου
1709 2616 1876 2668 οὐσίαν
1894 2640 1945 2678 30

299 2700 660 2768 προηγουμένως
723 2704 948 2767 διακρῖναι
1011 2698 1165 2751 θέλων
1226 2699 1344 2766 πρὸς
1400 2698 1460 2749 τὰ
1522 2698 1694 2765 γενητὰ
1744 2696 1878 2765 ἔλεγε

354 2861 383 2883 ι.
407 2850 467 2892 μὲν
484 2860 553 2882 om.
573 2860 601 2882 a.
622 2848 750 2883 habent
767 2848 802 2883 b.
822 2847 879 2881 Cr.
898 2846 992 2881 unde
1009 2852 1042 2880 et
1060 2847 1190 2880 Maius.
1319 2858 1352 2888 4.
1380 2845 1555 2890 συγκρίνοι
1572 2856 1601 2877 a.
1621 2843 1793 2889 συγκρίνει
1811 2842 1879 2878 Ed.

308 2908 359 2940 13.
389 2898 539 2975 κρεῖττοιν
556 2907 585 2930 a.
810 2906 862 2936 14.
889 2894 1074 2928 διαλλάτον
1090 2893 1159 2927 a.b.‚
1379 2903 1435 2937 30.
1460 2893 1519 2926 τοῦ
1536 2892 1643 2935 λόγου
1660 2895 1739 2935 post
1755 2904 1878 2935 προηγ.

304 2948 499 2986 transpomt
527 2954 550 2976 J.
