2017 3252
111 196 124 236 [
146 205 205 235 114
219 197 298 239 M.]

108 255 161 286 Ps.
177 255 246 286 viii.
265 266 295 295 3.

105 496 248 546 SLJoan.

104 550 159 569 xn.
180 547 230 579 14.

105 582 156 612 Ib.
173 591 221 622 13.

104 652 136 683 S.
150 653 275 702 Matth.

104 706 170 727 xxx.
188 706 218 737 9.

103 821 154 852 Ib.
173 821 220 852 16.

100 1623 155 1656 ΡΞ.
175 1624 242 1656 viii.
261 1632 290 1664 5.

329 131 412 172 388
553 131 604 171 B.
633 129 882 170 CYRILLI
911 130 1262 172 ALEXANDR,
1294 131 1666 173 FRAGMENTA
1806 131 1847 171 ii.
1867 145 1903 185 9.

328 238 567 306 ἐκδείξειεν
593 237 651 288 ἀν
677 238 879 291 εὐκόλως
904 238 963 288 τὰ
988 238 1175 306 ἐφεξῆς·
1219 239 1309 307 ἔφη
1337 240 1429 306 γὰρ
1457 239 1527 290 ὅτι
1547 248 1573 270 “
1594 242 1642 290 ἐκ
1668 240 1907 303 στόματος

329 326 357 348 “
385 320 563 383 νηπίων
588 321 662 370 καὶ
689 318 987 385 θηλαζόντων
1015 321 1283 385 κατηρτίσω
1304 319 1472 373 αἶνον.”
1525 320 1679 385 ἐπειδὴ
1705 320 1799 386 γὰρ
1825 320 1907 371 τὸν

330 400 547 466 Λάζαρον
578 401 758 466 ἤγειρεν
782 402 832 451 ἐκ
864 405 1056 465 νεκρῶν,
1086 401 1410 464 τεθαύμασται
1435 401 1520 465 μὲν
1548 403 1678 468 παρὰ
1701 403 1906 463 πάντων,

329 488 355 510 “
381 482 527 546 εὑρὼν
571 482 618 532 δὲ
664 480 852 547 ὀνάριον
896 481 1110 532 ἐκάθισεν
1155 483 1224 533 ἐπ’
1272 484 1438 552 αὑτῲ,”
1507 483 1582 534 ὅτε
1629 486 1704 535 καὶ
1747 487 1908 537 παῖδες

328 563 556 622 λαβόντες
585 562 687 612 “τὰ
725 563 838 622 βαΐα
873 567 966 613 τῶν
1003 564 1251 630 φοινίκων”
1280 569 1379 618 ταῖς
1417 565 1730 629 καθηκούσαις
1766 564 1949 621 αὑτόνό

328 645 738 709 καταγεραίροντες
796 645 1042 709 εὐφημίαις
1102 645 1316 712 ἔφασκον
1372 653 1398 674 “
1423 646 1640 697 ξΩσαννά
1700 650 1765 715 τῷ
1825 648 1908 713 υἱῲ

328 731 354 754 “
382 727 575 787 Δαυεὶδ,
625 726 937 789 εὐλογημένος
989 727 1013 776 ὁ
1059 726 1307 793 ἐρχόμενος
1353 728 1401 777 ἐν
1444 726 1637 790 ὀνόματι
1684 728 1904 794 Κυρίου.”

327 806 644 869 ἐπιτιμώντων
671 806 718 857 δὲ
746 807 900 859 αὐτοῖς
926 811 1020 857 τῶν
1046 807 1226 870 ἄλλων,
1248 808 1457 876 ἔφασκεν
1479 809 1503 858 ὁ
1524 807 1737 873 Χριστός
1757 816 1783 838 “
1802 810 1907 859 Οὐκ

326 894 353 916 “
380 888 608 953 ἀνέγνωτε
641 888 712 938 ὅτι
746 890 794 938 ἐκ
831 887 1069 951 στόματος
1097 890 1274 952 νηπίων
1302 891 1376 939 καὶ
1403 889 1702 955 θηλαζόντων
1729 913 1902 955 κατηρ-

325 976 352 997 “
379 969 498 1019 τίσω
538 967 666 1019 αἶνον
690 970 731 1031 ;'’
773 969 1164 1035 ἐνηνθρωπηκότα
1200 969 1256 1033 δὴ
1292 971 1373 1020 οὖν
1407 969 1489 1021 τὸν
1514 970 1631 1021 Υὶὸν
1657 973 1905 1039 μονονουχὶ

326 1052 400 1100 καὶ
446 1050 761 1117 ἐποχούμενον
810 1055 877 1118 τῷ
929 1051 1078 1120 πώλῳ
1119 1051 1313 1111 βλέπων
1359 1051 1679 1116 κατατέθηπεν
1722 1051 1907 1105 εἰκότως

324 1132 466 1181 ἐκεῖνο
517 1133 900 1194 διενθυμούμενος
950 1132 1021 1182 ὅτι
1076 1131 1194 1197 πρὸς
1252 1139 1457 1183 τοσοῦτο
1509 1134 1906 1199 σμικροπρεπείας

323 1211 488 1262 ἑαυτὸν
515 1213 676 1278 ὁρᾶται
703 1215 856 1266 καθεὶς
888 1214 1035 1264 καίτοι
1072 1213 1190 1264 κατὰ
1218 1213 1367 1281 φύσιν
1394 1213 1617 1281 ὑπάρχων
1643 1213 1780 1276 Θεὸς,
1810 1211 1908 1265 εἶτα

322 1298 406 1342 τοῦ
444 1298 728 1344 κεκενῶσθαι
769 1292 854 1357 τὴν
889 1293 1111 1362 ἀφορμὴν
1147 1295 1234 1362 οὐχ
1273 1295 1434 1361 ἑτέραν
1472 1297 1594 1361 ὁρῶν
1625 1297 1649 1346 ὁ
1683 1296 1908 1361 μακάριος

324 1376 510 1435 Δαυεὶδ,
536 1374 668 1438 πλὴν
694 1375 764 1425 ὅτι
791 1374 962 1438 μόνους
989 1377 1110 1440 ἡμᾶς
1144 1375 1223 1430 οὓς
1257 1375 1315 1440 ἧν
1342 1378 1598 1441 ἀναγκαῖον
1624 1378 1700 1428 καὶ
1727 1381 1907 1445 φθορᾶς

321 1454 568 1522 ἐξελέσθαι
595 1458 670 1506 καὶ
698 1458 926 1522 ἁμαρτίας
954 1459 1028 1507 καὶ
1054 1461 1340 1524 τυραννικῶν
1366 1457 1580 1524 ἁρπάσαι
1607 1462 1786 1525 χειρῶν,
1814 1463 1908 1509 τῶν

322 1542 406 1586 τοῦ
445 1536 673 1597 διαβόλου
713 1540 848 1606 φημὶ,
892 1544 974 1589 τοῦ
1012 1539 1187 1592 παντὸς
1229 1539 1357 1607 ἀξιοῖ
1392 1539 1627 1603 θαύματος
1665 1542 1748 1603 τῆς
1790 1539 1908 1603 μετὰ

323 1616 502 1683 σαρκὸς
541 1619 803 1682 οἰκονομίας
841 1619 896 1670 τὸ
942 1620 1221 1686 μυστήριον.
1290 1620 1515 1688 ταύτῃτοί
1549 1626 1672 1689 φησι
1716 1628 1743 1651 “
1765 1620 1908 1688 Κύριε

324 1706 350 1728 “
376 1700 424 1749 τί
458 1701 588 1750 ἐστιν
627 1700 874 1767 ἄνθρωπος
908 1701 976 1752 ὅτι
1016 1700 1260 1770 μιμνήσκῃ
1294 1703 1434 1753 αὐτοῦ
1469 1702 1497 1767 ἢ
1535 1702 1629 1756 υἱὸς
1658 1703 1908 1770 ἀνθρώπου

323 1787 351 1809 “
378 1779 449 1831 ὅτι
490 1780 749 1849 ἐπισκέπτῃ
793 1781 993 1844 αὐτόν;”
1040 1784 1108 1836 τίς
1152 1782 1246 1848 γὰρ
1290 1784 1318 1847 ἡ
1362 1783 1611 1850 ἀνθρώπου
1656 1784 1802 1851 φύσις
1845 1787 1907 1838 ὡς

322 1861 441 1927 πρὸς
484 1861 642 1924 Θεόν;
687 1866 762 1913 καὶ
802 1864 853 1914 τί
888 1869 1027 1915 τοῦτο
1066 1863 1193 1929 λέγω
1215 1886 1228 1926 3
1273 1865 1321 1915 τί
1359 1864 1413 1915 τὸ
1455 1865 1588 1930 γένος
1627 1865 1680 1916 τὸ
1721 1866 1904 1933 ἀνθρώ-

323 1965 493 2005 πινον;
561 1944 701 2010 μοῖρά
744 1968 794 1995 τε
840 1944 932 2009 ὅση
979 1951 1369 2010 καταλογισθεῖεν
1410 1945 1468 1997 ἀν
1514 1951 1556 1997 οἱ
1597 1949 1670 1998 ἐπὶ
1715 1950 1802 2012 γῆς
1846 1950 1908 2001 ὡς

322 2023 440 2089 πρός
481 2048 535 2088 γε
578 2028 699 2093 φημὶ
743 2025 802 2076 τά
843 2030 938 2077 τῶν
976 2026 1123 2092 ἀγίων
1165 2025 1388 2093 ἀγγέλων
1429 2028 1679 2093 τάγματας
1719 2030 1829 2079 ἀλλ’
1869 2033 1907 2079 εἱ

323 2108 398 2156 καὶ
423 2105 567 2170 μηδὲν
594 2106 718 2160 ὅλως
744 2108 768 2157 ὁ
796 2108 1042 2173 ἄνθρωπος
1070 2108 1214 2177 φύσει
1248 2131 1296 2159 τε
1330 2111 1406 2159 καὶ
1434 2111 1631 2179 ἀριθμῷ,
1658 2111 1745 2177 οὐχ
1770 2111 1907 2176 ὑπερ-

322 2189 439 2237 εῖδεν
474 2188 594 2251 ἡμᾶς
632 2189 656 2238 ὁ
684 2189 1004 2254 Δημιουργὸς,
1035 2189 1248 2254 ἐμνήσθη
1283 2189 1375 2256 γὰρ
1414 2193 1489 2241 καὶ
1529 2192 1658 2255 ἡμῶν
1695 2193 1772 2242 καὶ
1809 2192 1906 2242 ε’πι-

322 2272 507 2332 σκοπῆς
539 2269 763 2337 ἠξίωσεν,
791 2272 851 2324 ὡς
878 2270 1197 2322 διολωλότων·
1251 2273 1275 2321 ὁ
1308 2274 1384 2322 καὶ
1410 2274 1457 2323 ἐν
1483 2273 1648 2339 ἀρχαῖς
1678 2278 1761 2324 τοῦ
1785 2295 1907 2338 παρ-

323 2354 517 2415 αγαγεῖν
549 2355 611 2404 εἰς
647 2351 862 2420 ὕπαρξιν,
890 2352 1048 2419 βραχὺ
1073 2352 1157 2416 μὲν
1183 2354 1302 2416 ἡμᾶς
1329 2354 1605 2407 ἐλαττώσας
1638 2353 1766 2420 παρὰ
1800 2352 1906 2408 τοὺς

323 2430 570 2495 ἀγγέλους,
598 2433 916 2499 στεφανώσας
943 2433 990 2484 δὲ
1015 2437 1126 2500 τιμῇ
1162 2456 1210 2484 τε
1245 2436 1320 2484 καὶ
1352 2434 1469 2502 δόξῃ
1495 2437 1570 2485 καὶ
1597 2434 1906 2499 καταστήσας

322 2510 407 2572 μὲν
431 2512 503 2561 ἐπὶ
531 2511 589 2562 τὰ
621 2513 735 2578 ἔργα
769 2518 864 2564 τῶν
889 2519 1057 2581 χειρῶν
1080 2516 1237 2577 αὐτοῦ,
1262 2515 1418 2566 πάντα
1456 2514 1504 2566 δὲ
1540 2516 1779 2586 ὑποτάξας
1814 2516 1905 2568 ὑπὸ

323 2590 470 2645 πόδας
497 2592 642 2655 ἡμῶν.

401 2674 494 2723 Καὶ
529 2676 611 2736 τῆς
642 2673 726 2737 μὲν
762 2674 876 2739 ὅλης
912 2677 1032 2744 ᾠδῆς
1071 2677 1095 2726 ὁ
1134 2675 1315 2730 σκόπος
1341 2679 1388 2728 ἐν
1414 2678 1614 2741 τούτοις,
1645 2683 1911 2748 φιλοσοφεῖ

373 2863 402 2886 2.
431 2855 483 2886 καὶ
502 2864 571 2887 om.
591 2853 651 2887 Cr.
905 2867 958 2900 23.
986 2858 1052 2900 πρό
1072 2856 1131 2890 Cr.
1393 2868 1448 2901 24.
1475 2858 1590 2902 μηδενὶ
1611 2857 1822 2904 (perperam)
1845 2857 1904 2893 Cr.

326 2907 379 2940 25.
408 2900 599 2944 ἐπισκοπῆς
618 2899 780 2946 ἠξίωσεν]
802 2901 1033 2945 ἐπισκοπῆσαι
1052 2903 1241 2946 ἐπηξίωσεν
1261 2902 1318 2938 Cr.

1929 991 1977 1016 10

1929 1807 1979 1832 20

1927 2210 1976 2249 25

1925 2614 1976 2650 30
