2012 3272
504 142 662 183 RESP.
697 142 778 183 AD
810 142 922 182 TIB.
958 141 1307 183 SOCIOSQUE.
1615 140 1694 179 595

1716 292 1735 310 a
1753 282 1815 319 380
1832 282 1874 313 Α.

179 335 272 376 “On
303 336 372 386 τὴν
405 336 655 389 εὐχαριστίαν
685 337 728 376 ἐν
759 336 896 385 μόναις
927 335 1000 388 χρὴ
1033 339 1115 377 ταῖς
1147 337 1371 376 καθολικαῖς
1397 334 1620 384 ἐκκλησίαις
1721 336 1799 378 ΙΑ’.

775 411 1028 450 ἐκτελεῖσθαι.

1716 465 1740 504 b

732 538 1077 574 ΕΠΙΛΎΣΙΣ.

183 636 254 688 Τὸ
282 638 338 688 δέ
357 661 410 703 γε
438 640 602 703 δῶρον,
630 638 730 701 ἤτοι
757 637 843 701 τὴν
865 636 1156 704 προσφορὰν
1182 635 1239 700 ἢν
1265 641 1491 699 τελοῦμεν
1517 660 1691 699 μυστι-

67 732 88 770 5
108 723 212 782 κῶς,
241 721 289 770 ἐν
317 720 469 785 ἁγίαις
503 719 776 784 ἐκκλησίαις
811 723 911 773 ταῖς·
937 723 1030 769 τῶν
1057 717 1327 788 ὀρθοδόξων
1352 717 1444 785 χρὴ
1471 717 1689 786 προσφέ-

106 805 275 866 ρεσθαι
313 800 490 865 μόναις,
531 804 607 852 καὶ
645 803 731 869 οὐχ
770 801 962 867 ἑτέρωθί
999 824 1106 852 που.
1153 800 1182 867 ὴ
1228 804 1271 851 οἱ
1313 807 1451 852 τοῦτο
1497 804 1696 866 δρῶντες

106 889 464 950 παρανομοῦσιν
488 885 722 951 ἐμφανῶς.
770 885 846 934 καὶ
885 889 1024 934 τοῦτο
1062 883 1193 934 ε”στιν
1220 885 1331 934 ἰδεῖν
1357 884 1406 933 ἐκ
1440 886 1535 933 τῶν
1562 885 1696 948 ἱερῶν

107 965 414 1031 γραμμάτων.
484 965 665 1017 ἐκέλευε
711 964 803 1032 γὰρ
849 966 873 1016 ὁ
923 964 1064 1029 νόμος
1109 965 1307 1016 θύεσθαι
1350 963 1405 1015 τὸ
1450 962 1696 1031 πρόβατον

107 1047 226 1098 κατὰ
246 1047 330 1112 τὴν
352 1048 528 1115 ἡμέραν
553 1048 655 1112 ἤτοι
675 1047 762 1112 τὴν
788 1046 954 1113 ἑορτὴν
973 1053 1056 1098 τοῦ
1077 1047 1262 1115 πάσχα,
1280 1051 1356 1098 καὶ
1382 1045 1439 1111 ἦν
1459 1049 1521 1100 εἰς
1546 1047 1694 1097 τύπον

1757 1134 1863 1164 Exod.

303 1137 322 1145 n
417 1133 426 1145 ν
501 1131 511 1146 9
614 1133 623 1145 Ὦ
718 1135 727 1147 ³
769 1131 780 1148 Ι
907 1132 926 1141 ⁶
1117 1128 1128 1145 Ι
1428 1131 1440 1146 x
1556 1130 1568 1145 x
1651 1129 1661 1143 ²

42 1151 88 1176 ιο
108 1133 342 1196 Χριστου·
400 1138 500 1181 αλλ
555 1138 580 1160 “
601 1154 650 1181 εν
688 1153 807 1198 οικιᾳ
844 1154 929 1198 μιᾳ
966 1134 1281 1196 βρωθησεται,
1319 1135 1457 1197 φησι,
1496 1151 1572 1179 και
1611 1151 1694 1180 ουκ
1755 1178 1798 1207 xii
1828 1178 1869 1217 46

108 1219 134 1241 ‘⁶
159 1212 366 1281 ἐξοίσετε
405 1217 499 1263 τῶν
523 1218 671 1280 κρεῶν
704 1213 847 1264 αὐτοῦ
874 1213 1008 1281 ἐξω.”
1062 1212 1154 1281 ἔξω
1179 1212 1334 1263 τοίνυν
1360 1210 1611 1277 ἐκφέρουσι
1639 1208 1693 1261 τὸ
1712 1235 1734 1261 ο

106 1297 269 1360 δῶρον,
296 1299 340 1345 οἱ
376 1294 441 1358 μὴ
481 1297 529 1345 ἐν
567 1299 625 1362 τῇ
664 1296 749 1364 μιᾷ
787 1297 863 1346 καὶ
910 1299 1139 1361 καθολικῇ
1176 1296 1296 1362 οἰκίᾳ
1336 1300 1419 1345 τοῦ
1461 1297 1692 1359 Χριστοῦ,

106 1378 333 1439 τουτέστι,
361 1381 418 1444 τῇ
449 1376 732 1446 Ἐκκλησία,
764 1383 1007 1430 τελοῦντες
1046 1376 1172 1428 αὐτό·
1237 1379 1311 1427 καὶ
1352 1375 1407 1427 δι’
1449 1375 1605 1441 ἑτέρου
1643 1374 1692 1426 δὲ

107 1458 250 1521 νόμου
280 1459 491 1510 τοιοῦτόν
516 1483 561 1510 τι
589 1460 883 1523 σημαίνεται.
938 1459 1201 1525 γέγραπται
1240 1458 1333 1524 γὰρ
1362 1457 1509 1509 πάλιν
1549 1465 1575 1486 “
1600 1459 1693 1509 Καὶ
1756 1464 1915 1495 Lewxvii.

41 1549 132 1593 15⁴⁶
159 1540 208 1594 ὃς
247 1540 327 1591 ἐὰν
366 1541 492 1609 θύσῃ
529 1540 717 1609 μόσχον
754 1540 782 1605 ἢ
820 1542 1066 1608 πρόβατον
1107 1542 1155 1591 ἐν
1196 1544 1253 1607 τῇ
1293 1541 1591 1607 παρεμβολῇ,
1617 1542 1693 1590 καὶ
1755 1516 1832 1548 3‚4-

105 1630 132 1652 ‘⁴
159 1625 233 1674 ἐπὶ
260 1622 341 1677 τὰς
369 1623 512 1689 θύρας
539 1627 621 1688 τῆς
649 1626 828 1688 σκηνῆς
862 1623 927 1687 μὴ
963 1623 1139 1691 ἐνέγκῃ,
1169 1621 1624 1691 ἐξολοθρευθήσεται
1663 1623 1691 1686 ἡ

104 1711 131 1733 “
158 1705 295 1772 ψυχὴ
317 1706 463 1769 ἐκείνη
490 1707 539 1756 ἐκ
565 1711 647 1756 τοῦ
675 1710 794 1755 λαοῦ
816 1706 999 1768 αὑτῆς·.”
1030 1706 1197 1755 οὐκοῦν
1224 1708 1265 1755 οἱ
1284 1703 1375 1773 ἔξω
1393 1704 1582 1758 θύοντες
1608 1707 1691 1768 τῆς

105 1790 299 1851 σκηνῆς,
329 1785 417 1838 εἷεν
449 1787 508 1838 ἂν
542 1788 629 1855 οὐχ
668 1788 818 1853 ἕτεροί
852 1810 970 1840 τινες
1008 1786 1138 1852 παρὰ
1175 1785 1283 1840 τοῦς
1321 1785 1589 1852 αἱρετικοῦς,
1617 1788 1736 1836 καὶᾶ

105 1869 299 1935 ὄλεθρος
325 1870 479 1923 αὐτοῖς
505 1869 760 1936 ἐπήρτηται
786 1874 881 1922 τοῖς
906 1874 1045 1920 τοῦτο
1071 1873 1290 1930 τολμῶσι
1319 1871 1447 1934 δρᾶν.
1498 1868 1692 1919 πιστεύ-

36 1975 84 2000 20
104 1974 216 2015 ομεν
254 1952 410 2002 τοίνυν
444 1950 528 2005 τὰς
563 1954 610 2003 ἐν
649 1955 748 2004 ταῖς
786 1952 1059 2015 ἐκκλησίαις
1099 1951 1393 2018 δωροφοριάς
1432 1952 1507 2000 καὶ
1547 1949 1686 2016 ἁγιά-

104 2032 266 2099 ζεσθαι
291 2036 366 2085 καὶ
393 2035 693 2101 εὐλογεῖσθαι
718 2035 794 2085 καὶ
816 2037 1114 2084 τελειοῦσθαι
1139 2031 1270 2099 παρὰ
1294 2036 1528 2100 Χριστοῦ.

156 2214 184 2236 1.
212 2202 263 2236 IA'
290 2203 429 2247 reposui
450 2214 491 2237 ex
516 2208 564 2243 Γ.,
584 2201 607 2236 1'
625 2203 657 2236 A
674 2214 747 2247 mg.
795 2202 926 2236 Totum
953 2202 1019 2236 hoc
1044 2202 1235 2246 capitulum
1263 2201 1344 2235 citat
1371 2199 1491 2234 Codex
1513 2199 1689 2233 Mediceo-

105 2249 362 2283 Laurentianus
387 2249 480 2283 Plut.
498 2261 530 2283 v.
551 2259 606 2283 22.
632 2249 780 2283 membr.
807 2260 874 2283 sec.
903 2249 961 2282 xii.
990 2253 1152 2283 exaratus
1181 2248 1241 2282 fol.
1264 2247 1352 2292 163„
1386 2247 1433 2280 ita
1462 2245 1688 2280 introducens

103 2298 170 2330 Τοῦ
195 2296 297 2330 αὐτοῦ
321 2296 484 2340 μακαρίου
509 2295 673 2339 κυρίλλου
697 2296 734 2329 ἐκ
758 2298 824 2329 τῶν
847 2295 1038 2330 ἐπιλύσεων
1054 2299 1120 2329 τῶν
1137 2295 1348 2340 δογματικῶν
1366 2294 1559 2337 ζητημάτων
1577 2292 1690 2336 ε’πιζη-

106 2342 272 2387 τηθέντων
288 2344 379 2387 παρὰ
396 2343 546 2385 τιβερίου
563 2342 717 2376 διακόνου
735 2342 788 2375 καὶ
805 2343 864 2386 τῆς
880 2342 1134 2386 ἀδελφότητοςε
1163 2340 1287 2375 deinde
1305 2340 1356 2374 ὅτι
1374 2341 1433 2383 τὴν
1452 2338 1598 2384 (1).[1n
1619 2339 1690 2383 sig-

105 2388 215 2434 navi]
346 2400 378 2423 2.
405 2388 618 2424 ἐκτελεῖσθαι
636 2389 680 2422 Α.
700 2388 766 2422 Ed.
786 2388 1016 2423 ἐπιτελεῖσθαι
1037 2388 1129 2422 C.m.
1273 2398 1305 2432 3.
1332 2387 1490 2421 ἐπίλυσις
1508 2385 1689 2420 A.C.P.m.

104 2437 230 2481 κεφαλ.
249 2437 286 2477 ιβ
305 2435 372 2470 Ed.
539 2448 572 2478 4.
598 2434 638 2478 ἦν
655 2447 718 2479 pro
732 2434 771 2479 ἦν
790 2434 870 2480 (sie)
890 2435 934 2469 A.
1100 2434 1134 2467 6.
1160 2434 1192 2467 οἱ
1210 2439 1431 2478 assumptum
1449 2444 1490 2466 ex
1509 2432 1688 2466 A.C.1*.m.

103 2483 136 2517 8.
174 2482 332 2517 ἐκέλευσε
365 2494 412 2516 m.
447 2482 566 2516 invitis
599 2481 740 2516 A.C.D.
791 2486 809 2498 '⁴'
828 2480 970 2516 θύεσθαι
1010 2481 1048 2515 τὸ
1089 2482 1262 2525 πρόβατον
1294 2480 1361 2514 hoc
1395 2478 1515 2513 ordine
1548 2478 1688 2513 A.C.m.

108 2540 160 2563 10.
186 2531 239 2563 καὶ
258 2541 327 2563 om.
348 2528 453 2571 C.m.,
471 2529 575 2563 habet
592 2529 636 2563 A.
914 2539 967 2562 ΙΙ.
994 2527 1146 2571 ἐξοίσετε
1165 2527 1351 2561 Α.Ι).Γ.Πι.
1370 2525 1540 2569 ἐξοίσεται
1559 2525 1600 2559 C.
1622 2525 1688 2559 Ed.

102 2576 168 2618 ἕξω
194 2576 292 2621 prius
317 2582 540 2620 assumptum
558 2587 600 2609 ex
618 2574 849 2610 A.C.F.D.rn.
922 2574 1109 2620 ἐκφέρουσι
1134 2575 1172 2607 τὸ
1198 2574 1307 2617 δῶρον
1323 2573 1390 2607 hoc
1408 2572 1529 2606 ordine
1547 2571 1687 2606 A.C.m.

107 2633 160 2656 12.
187 2623 216 2656 εἷ
234 2634 296 2666 pro
315 2623 346 2655 οἱ
365 2622 405 2655 C.
470 2622 585 2666 κυρίου
603 2634 666 2667 pro
684 2624 837 2666 Χριστοῦ
855 2627 890 2655 Γ.
966 2632 1018 2666 13.
1044 2622 1102 2664 τῆς
1119 2621 1300 2664 ἐκκλησίας
1319 2620 1413 2653 Α.Ι).
1433 2618 1493 2653 sed
1510 2620 1550 2662 τῇ
1570 2618 1688 2660 ἐκκλη-

103 2669 161 2712 σίᾳ
181 2669 307 2702 retinui
325 2680 405 2702 cum
425 2667 517 2702 C.m.
537 2668 605 2702 Ed.
672 2669 753 2703 αὐτό
771 2668 865 2702 A.m.
885 2667 1018 2712 Migne.
1037 2668 1126 2713 αὐτῷ
1146 2667 1187 2701 C.
1206 2667 1308 2700 αὐτόν
1328 2665 1393 2699 Ed.
1499 2677 1551 2706 14.
1577 2667 1687 2698 τοιοῦ-

103 2716 161 2749 τόν
177 2714 225 2760 τι]
245 2717 284 2748 τὸ
301 2717 453 2749 τοιοῦτόν
469 2729 501 2748 τι
520 2714 611 2749 C.m.
796 2723 849 2760 17.
875 2715 940 2757 ἕξω
958 2713 1092 2749 θύοντες
1109 2715 1167 2757 τῆς
1185 2715 1308 2756 σκηνῆς
1325 2713 1391 2746 hoc
1410 2711 1531 2746 Ordine
1548 2710 1686 2744 A.C.m.

102 2763 161 2804 τῆς
177 2763 302 2804 σκηνῆς
318 2761 384 2804 ἕξω
402 2760 538 2797 θύοντες
556 2760 622 2795 Ed.
816 2762 868 2795 18.
895 2759 926 2795 εἶ
940 2761 980 2794 ἂν
999 2761 1080 2805 (sie)
1101 2760 1142 2795 C.
1336 2770 1389 2802 19.
1415 2760 1484 2794 τοῖς
1502 2769 1572 2791 om.
1592 2757 1686 2790 A.D.

103 2807 233 2841 habent
250 2814 365 2841 tamen
385 2807 477 2841 C.m.
526 2806 976 2851 πιστεύομεν-ἁγιάζεσθαι
994 2807 1133 2841 A.C.m.
1152 2807 1262 2841 τοίνυν
1279 2807 1337 2842 τὰς
1355 2806 1390 2838 ἐν
1406 2806 1477 2839 ταῖς
1494 2803 1688 2845 ἐκκλησίαις

103 2854 318 2945 ῗιορζᾴέρίας
333 2853 531 2899 ἁγιάζεσθαι
551 2854 619 2897 (καὶ
636 2854 816 2898 omittens)
835 2853 1040 2898 πιστεύομεν
1059 2853 1125 2887 Ed.
1377 2862 1432 2885 20.
1458 2850 1687 2894 δωρυφορίαις

123 2912 172 2935 SIC
241 2927 249 2936 ο

837 2968 970 3012 4G2⁴
