2012 3272
509 149 830 191 EPISTOLAS
869 149 1262 191 CATHOLICAS.
1600 148 1682 187 447

96 264 155 308 τὴν
173 262 345 309 τιμωρίαν,
366 262 551 307 περιμένων
570 261 677 295 αὐτῶν
696 261 757 305 τὴν
774 261 959 305 μετάνοιαν,
981 262 1045 305 οὐχ
1065 262 1109 296 ὡς
1133 257 1432 304 μεταβεβλὴμενος
1455 259 1559 291 ταῦτα
1584 259 1684 301 ποιεῖ,

97 327 116 372 ἢ
137 329 188 362 καὶ
207 329 319 373 φιλῶν
337 327 414 362 τοὺς
433 326 689 371 ἁμαρτάνοντας·
720 325 810 359 ἀλλὰ
829 327 942 371 καιρὸν
960 326 1071 361 αὐτοῖς
1090 325 1303 370 ἐπιστροφῆς
1321 322 1488 368 παρέχων.

164 412 287 449 Addit
307 410 437 460 Migne
456 414 493 448 et
513 409 681 448 scholion
702 423 873 459 sequens,
894 411 995 459 quod
1014 415 1141 447 tamen
1163 408 1199 447 S.
1219 408 1355 458 Cyrilli
1375 421 1450 445 non
1471 412 1527 445 est
1548 407 1612 444 sed

614 473 653 510 in
674 488 707 511 a.
728 475 839 524 plano
858 474 1171 524 anepigraphum.

690 563 789 599 ''Ha-m
809 565 844 598 δὲ
864 565 955 609 ὑμῶν
973 565 1010 598 τὸ
1031 564 1092 599 ναί.

152 653 173 677 a
193 640 257 677 fol.
283 652 369 688 193.
400 653 419 677 c
438 640 501 679 fol.
529 643 585 678 18.
607 640 727 676 ’Ἔστω
755 641 774 685 ἡ
803 643 861 674 τοῦ
889 641 967 682 ,Βίου
987 639 1079 683 ἡμῶν
1100 639 1205 685 [ὑμῶν
1225 639 1272 684 0.]
1294 638 1458 684 μαρτυρία
1483 638 1687 682 βεβαιοτέρα

99 705 210 752 ὅρκου·
249 706 277 740 εἷ
311 706 349 740 δέ
375 721 426 741 τις
455 706 587 750 ἀναιδὴς
617 706 661 750 μὴ
690 704 947 748 δυσωπούμενος
979 705 1070 749 ὑμῶν
1097 706 1143 752 τῷ
1171 704 1237 751 βίῳ
1266 705 1374 748 τολμᾷ
1402 703 1478 747 ὑμῖν
1508 703 1688 748 ἐπαγαγεῖν

99 769 198 816 ὅρκον
216 771 304 805 ἔστω
325 771 400 814 ὑμῖν
419 769 460 805 τὸ
481 768 538 805 ναὶ
554 768 610 806 ναὶ
631 767 691 805 καὶ
710 769 751 804 τὸ
770 769 810 804 οὗ
831 768 871 804 οὗ
891 769 964 803 ἀντὶ
983 771 1043 803 τοῦ
1063 768 1174 814 ὅρκου.

139 854 261 893 Addit
280 854 410 905 Migne
430 860 468 892 et
488 855 657 893 scholion
677 867 848 904 sequens,
869 854 971 903 quod
990 853 1030 890 in
1051 853 1242 890 codicibus
1262 851 1561 902 anepigraphum
1582 856 1650 889 est.

565 964 614 1000 In
635 963 671 1002 S.
689 963 792 1001 Petri
813 963 1024 1012 Epistolam
1046 962 1219 1011 primam.

523 1053 582 1088 Εἷς
601 1051 638 1087 ὃν
657 1052 732 1098 ἅρτι
750 1052 795 1097 μὴ
815 1054 956 1098 ὁρῶντες
974 1050 1190 1086 πιστεύοντες
1211 1050 1258 1087 δέ.

155 1139 177 1163 a
195 1126 258 1165 fol.
285 1128 372 1176 196.
402 1140 421 1164 c
440 1126 503 1164 fol.
524 1140 584 1165 20.
615 1130 731 1163 Δεινὸν
749 1127 858 1163 τοίνυν
877 1129 929 1162 καὶ
948 1128 1098 1173 χαλεπὸν
1117 1126 1136 1171 ἡ
1156 1126 1305 1171 ἀπιστία,
1326 1126 1489 1172 μέγιστον
1508 1126 1544 1160 δὲ
1564 1126 1690 1172 ἀγαθὸν

101 1192 121 1236 ἡ
141 1193 265 1239 πίστις,
285 1194 447 1239 πρόξενος
465 1194 578 1237 πάσης
597 1192 764 1240 σωτηρίας
783 1193 993 1228 καθεστῶσα.

618 1269 720 1304 Λίθον
739 1269 976 1315 ἀκρογωνιαῖον
996 1268 1162 1302 ἐκλεκτόν.

157 1355 179 1379 a
198 1343 260 1381 fol.
287 1355 360 1392 199
380 1356 416 1380 v.
437 1357 456 1380 c
476 1343 540 1380 fol.
566 1356 624 1391 23.
648 1341 751 1379 Λίθον
777 1345 838 1389 μὲν
865 1343 923 1378 οὖν
945 1340 1015 1393 [ita
1040 1355 1068 1379 c.
1095 1341 1176 1379 eod.
1206 1341 1322 1379 Coisl.
1354 1342 1412 1377 οὖν
1437 1354 1509 1378 om.
1538 1354 1570 1378 a.
1599 1339 1687 1393 Ed.]

104 1406 273 1443 ἐκλεκτὸν
300 1410 470 1452 πολυτελῆ
498 1409 550 1443 καὶ
579 1409 709 1453 ἔντιμον
736 1408 794 1442 τὸν
813 1407 936 1453 Κύριον
955 1407 1045 1452 ἡμῶν
1062 1407 1197 1451 Ἰησοῦν
1215 1403 1344 1456 [ψτὸν
1364 1403 1411 1456 0.]
1438 1408 1587 1453 Χριστὸν
1606 1407 1690 1441 ἀπο-

105 1474 199 1506 καλεῖ
214 1473 273 1519 [-{—
284 1473 336 1507 καὶ
355 1473 401 1518 0.]
419 1475 459 1517 τῇ
480 1474 538 1516 τῆς
558 1473 712 1516 θεότητος
728 1472 808 1520 ᾃόξῃ
824 1473 877 1506 καὶ
892 1472 1041 1518 ὑπεροχῇ
1057 1471 1283 1518 διαπρέποντα
1302 1472 1510 1518 [διαπρέπων
1528 1470 1612 1517 (Sic)
1630 1472 1691 1517 0.]·

105 1535 359 1584 ἆκρογωνιαῖον
378 1536 416 1570 δέ
433 1538 542 1582 φησιν
563 1537 606 1572 ὡς
624 1537 681 1571 διὰ
699 1537 847 1572 πίστεως
871 1538 948 1581 μιᾶς
967 1534 1244 1582 κατασφίγγοντα
1271 1537 1355 1582 πρὸς
1383 1536 1520 1580 ἑνότητα
1546 1551 1692 1580 πνευμα-

104 1601 195 1645 τικὴν
223 1601 300 1637 τοὺς
328 1600 387 1636 δύο
415 1601 518 1637 λαοὺς
547 1602 605 1635 τὸν
633 1601 672 1644 ἐξ
703 1601 843 1647 Ἰσραὴλ
869 1602 921 1635 καὶ
949 1603 1008 1635 τὸν
1035 1601 1073 1645 ἐξ
1088 1601 1201 1636 ἐθνῶν.
1227 1600 1304 1634 ἀλλ’
1334 1601 1354 1635 ὁ
1382 1599 1560 1635 πιστεύων
1586 1601 1695 1646 φησὶν

105 1662 161 1701 ἐπ’
181 1665 276 1714 αὐτῷ
294 1665 335 1700 οὖ
355 1665 403 1713 μὴ
426 1664 669 1713 καταισχυνθῇ
692 1661 785 1715 [des.
808 1664 886 1701 cod.
907 1661 1055 1714 Coisl.].
1080 1665 1174 1710 ι’ίθρει
1194 1665 1230 1698 δὲ
1249 1668 1320 1700 πῶς
1339 1665 1451 1708 ἀνίησι
1470 1667 1539 1700 τοῖς
1558 1665 1694 1708 τεθλιμ-

104 1729 214 1775 μένοις
233 1731 271 1765 τὸ
291 1729 469 1776 ἐλεύθερον
488 1730 541 1764 καί
559 1731 649 1775 φησι
668 1727 800 1778 Τίθημι
823 1730 883 1765 τὸν
903 1729 1074 1764 ἐκλεκτὸν
1092 1726 1194 1764 λίθον
1209 1728 1262 1769 εἷς
1280 1729 1325 1764 τὰ
1345 1728 1495 1777 θεμέλια
1514 1729 1610 1765 Σιών.
1644 1730 1696 1763 καὶ

105 1794 139 1828 τί
156 1795 194 1828 τὸ
213 1794 363 1828 ἐντεῦθεν
382 1794 531 1840 ὅφελος;
561 1794 581 1828 ὁ
600 1793 779 1829 πιστεύων
798 1791 853 1829 ἐπ’
873 1793 968 1843 uin-q?
987 1794 1027 1829 οὔ
1048 1793 1097 1842 μὴ
1120 1792 1377 1843 καταισχυνθῇ.

160 1878 187 1915 d
205 1878 267 1916 fol.
293 1891 367 1925 244
388 1892 424 1916 v.
455 1878 635 1916 Scholion
661 1878 856 1916 diversum
877 1881 948 1917 sub
974 1879 1128 1916 nomine
1148 1881 1320 1926 Κυρίλλου
1340 1878 1495 1916 exhibet
1515 1879 1615 1928 quod
1636 1878 1699 1916 hic

108 1943 296 1993 subjungo
319 1941 510 1994 [sequitur
528 1942 831 1993 anepigraphum
851 1944 892 1980 in
911 1957 934 1981 a
953 1944 1018 1981 fol.
1045 1957 1117 1993 199
1134 1941 1203 1995 v.],
1218 1944 1354 1991 Ὥσπερ
1374 1947 1392 1979 ὁ
1412 1944 1535 1992 Κύριος
1559 1946 1634 1991 φῶς
1653 1945 1699 1979 ὢν

107 2009 265 2053 ἀληθινὸν
288 2010 335 2045 εἷς
360 2011 461 2056 κρῖμα
480 2009 526 2045 εἷς
545 2010 604 2044 τὸν
623 2010 751 2054 κόσμον
770 2009 934 2054 ἐλήλυθεν
952 2009 1004 2046 ἵνα
1023 2010 1208 2054 ὀμματώσῃ
1233 2010 1311 2046 τοὺς
1329 2012 1396 2056 πρὸ
1424 2011 1483 2054 τῆς
1510 2008 1698 2056 παρουσίας
1716 2017 1747 2048 S.
1760 2017 1784 2048 J
1786 2027 1859 2047 oan.

108 2074 209 2108 αὐτοῦ
237 2073 401 2119 τυφλοὺς,
421 2075 591 2119 τυφλώσῃ
616 2074 653 2108 δὲ
679 2074 758 2110 τοὺς
779 2074 861 2110 τέως
892 2071 991 2124 [τέως
1009 2086 1082 2110 om·
1103 2071 1154 2124 a.]
1175 2078 1281 2110 κακῶς
1305 2074 1511 2116 βλέποντας,
1533 2073 1619 2108 οὕτω
1646 2075 1698 2108 καὶ
1716 2061 1760 2091 ix·
1779 2069 1830 2102 39·

107 2137 204 2174 λίθος
222 2138 377 2174 ἐκλεκτὸς
394 2138 525 2182 ἔντιμος
544 2136 589 2172 ὧν
607 2137 714 2186 τιμὴν
733 2139 878 2185 ὑπάρχει
899 2136 1057 2189 [παρέχει
1076 2141 1178 2175 recte
1197 2135 1249 2189 a]
1270 2138 1346 2178 τοῖς
1366 2140 1420 2173 διὰ
1447 2138 1592 2174 πίστεως
1611 2140 1697 2173 οἶκο-

109 2201 322 2246 δομουμένοις
353 2202 453 2249 αὐτῷ,
485 2201 639 2246 θεμέλιος
671 2203 779 2236 αὐτῶν
811 2203 952 2244 βέβαιος
982 2203 1206 2248 ἀποδειχθεὶς,
1227 2206 1293 2237 τῶν
1320 2202 1545 2237 ἀπειθούντων
1578 2203 1613 2237 δέ
1644 2203 1698 2236 διὰ

109 2265 268 2302 ἀπιστίας
286 2266 375 2313 αὐτῷ
394 2266 453 2300 οὐκ
471 2266 602 2310 ἔντιμος
620 2266 710 2300 ἀλλὰ
728 2265 1010 2315 προσκόμματος
1037 2265 1138 2307 λίθος
1165 2264 1226 2302 καὶ
1248 2266 1452 2302 σκανδάλου
1472 2266 1587 2313 πέτρα
1606 2282 1698 2312 νομι-

110 2331 258 2374 ζόμενος,
286 2333 498 2376 προσσχῶσι
525 2331 596 2365 τοῖς
623 2330 887 2375 ἐξουθενήσασιν
914 2333 1014 2366 αὐτὸν
1040 2332 1236 2376 οἰκοδόμοις·
1266 2330 1356 2365 οὗτοι
1386 2330 1426 2365 δέ
1451 2331 1518 2365 εἶσι
1545 2346 1699 2378 γραμμα-

110 2396 178 2430 τεῖς
197 2395 250 2428 καὶ
268 2396 483 2440 Φαρισσαῖοι,
507 2390 599 2443 [des.
618 2391 671 2444 a.]
693 2393 725 2429 οἳ
743 2394 994 2440 ἀπεδοκίμασαν
1014 2397 1114 2431 αὐτὸν
1132 2395 1288 2442 λέγοντες
1307 2396 1358 2431 ὅτι
1377 2394 1579 2442 Σαμαρείτης
1597 2393 1631 2430 εἶ
1647 2397 1699 2430 καὶ
1717 2399 1768 2430 Ib.
1784 2399 1852 2429 viii.
1869 2398 1924 2438 48.

112 2458 132 2492 δ
201 2460 209 2471 ae
300 2459 319 2471 't
449 2459 458 2471 x
516 2460 546 2492 ελ
636 2458 650 2472 (³
756 2461 764 2472 2
809 2460 826 2471 -ν
930 2460 938 2472 ³
1020 2463 1034 2470 a-
1130 2463 1144 2470 a
1175 2460 1183 2472 ³
1241 2461 1248 2473 x
1369 2462 1384 2470 .-
1432 2462 1439 2475 χ
1486 2460 1502 2474 ³!
1716 2443 1767 2473 ΙΙ).
1784 2442 1828 2471 iX.
1849 2442 1900 2472 16.

133 2472 281 2503 αιμονιον
299 2473 389 2504 εχεις
407 2473 460 2493 και
478 2474 524 2493 πα
551 2473 581 2493 ιν
601 2464 710 2495 Ουτος
729 2474 789 2494 ουκ
808 2474 902 2494 εστιν
921 2475 956 2495 εκ
975 2475 1035 2495 του
1057 2466 1145 2495 Θεου
1165 2462 1256 2494 αλλα
1274 2462 1386 2505 πλανᾳ
1405 2475 1464 2495 τον
1483 2462 1599 2506 οχλον.
1717 2486 1759 2516 Ib
1789 2485 1834 2515 vii
1863 2493 1913 2515 12.

514 2535 686 2568 Παυσάτω
705 2535 765 2579 τὴν
783 2537 950 2581 γλῶσσαν
968 2536 1072 2570 αὐτοῦ
1091 2537 1158 2571 ἀπὸ
1178 2539 1288 2572 κακοῦ.

167 2621 189 2644 a
206 2607 270 2644 fol.
294 2619 369 2658 203
390 2621 424 2645 v.
454 2607 547 2645 Ood.
568 2608 990 2647 Mediceo-Laur.P1ut.
1005 2610 1053 2646 vi.
1071 2619 1093 2657 5
1117 2612 1162 2657 [c.
1184 2623 1260 2647 non
1277 2610 1451 2657 contuli}
1480 2611 1701 2658 Ἃγιοπρεπὲς

113 2674 153 2708 τὸ
166 2673 301 2718 μάθημα
315 2674 368 2708 καὶ
382 2673 560 2720 σωτήριον,
574 2674 627 2708 καὶ
638 2675 744 2720 λόγου
763 2676 887 2711 παντὸς
906 2674 1002 2719 ἀξίαν
1021 2673 1105 2710 εἷναί
1123 2678 1211 2722 φημι
1222 2677 1281 2721 τὴν
1304 2676 1487 2723 ὑφήγησιν·
1515 2676 1702 2723 γέγραπται

114 2738 180 2783 γὰρ
200 2736 252 2772 ὅτι
272 2742 292 2757 “
316 2738 457 2773 θάνατος
483 2738 535 2772 καὶ
555 2738 619 2782 ζωὴ
642 2738 678 2772 ἐν
701 2740 791 2785 χειρὶ
817 2741 993 2785 γλώσσης,
1014 2742 1046 2775 οἱ
1071 2741 1107 2775 δέ
1133 2744 1329 2786 κρατοῦντες
1353 2742 1452 2785 αὐτῆς
1471 2742 1599 2775 ἔδονται
1624 2740 1702 2775 τοὺς
1719 2750 1816 2780 va.
1833 2748 1928 2780 xviii,

117 2801 138 2820 “
158 2801 304 2847 καρποὺς
330 2801 460 2845 αὖτῆς.”
489 2802 556 2847 ἔφη
577 2801 615 2836 δέ
632 2817 698 2837 που
718 2804 770 2837 καὶ
789 2805 807 2838 ὁ
826 2807 976 2850 Χριστοῦ
1004 2804 1151 2849 μαθητής
1172 2810 1192 2824 “
1207 2804 1251 2839 Εἴ
1273 2820 1321 2840 τις
1347 2805 1381 2839 ἐν
1403 2807 1496 2852 λόγῳ
1519 2805 1558 2838 οὐ
1577 2804 1698 2844 πταίει,
1719 2801 1826 2866 &elac
1856 2834 1892 2864 fii

119 2866 139 2883 ‘⁴
159 2864 258 2901 οὗτος
275 2865 401 2901 τέλειος
420 2865 502 2911 ἀνὴρ
521 2865 657 2902 &thauros
674 2868 950 2914 χαλιναγωγῆσαι
978 2870 1030 2903 καὶ
1059 2870 1140 2904 ὅλον
1161 2870 1200 2904 τὸ
1220 2869 1350 2914 σῶμα·”
1378 2869 1465 2915 με’γα
1487 2869 1525 2912 δὴ
1551 2868 1606 2913 [δὴ
1627 2879 1698 2903 om.
1719 2853 1751 2910 B2:
1830 2859 1837 2865 ι
1895 2857 1902 2865 ·

119 2927 199 2964 cod.
221 2927 352 2975 Laur]
375 2928 433 2964 οὖν
451 2931 509 2973 τῆς
536 2931 701 2975 γλώσσης
726 2932 764 2964 τὸ
788 2932 952 2978 ἐγκρατὲς,
975 2934 1092 2979 ὥσπερ
1113 2932 1170 2968 οὖν
1190 2930 1267 2983 [οὖν
1287 2944 1360 2968 0111.
1383 2944 1415 2969 a.
1437 2930 1516 2968 cod.
1539 2929 1653 2968 Coisl.
1667 2928 1700 2980 2]
