2012 3272
97 141 169 182 xii.
193 155 217 197 3
240 156 325 196 sqq.
388 141 457 181 IN
493 140 578 182 ΕΡ.
611 141 647 181 1.
685 140 767 181 AD
805 138 1192 181 CORINTHIOS.
1248 137 1362 180 Lm.
1394 138 1445 179 v.
1599 139 1682 179 285

1725 213 1798 254 [64
1815 212 1898 253 M.]

651 430 997 479 ΤΟΜΟΣ
1075 431 1133 478 Ε.

708 571 968 619 ΛΟΓΟΣ
1028 571 1084 619 A.

104 728 256 770 Οὐδεὶς
289 728 334 771 ἐν
372 729 581 778 Πνεύματι
617 727 727 770 Θεοῦ
762 728 909 769 λαλῶν
948 727 1062 775 λέπει
1087 726 1303 775 Ἀνάθεμα
1337 727 1505 769 ἸΗσοῡν
1542 730 1688 772 κ.τ.λ.
1712 706 1900 815 ξξΐξηιβῖ·

176 838 239 888 ‘O
278 840 531 888 ΚΥΡΙΟΣ
569 837 702 900 ἡμῶν
726 837 915 900 Ἰησοῦς
952 837 977 886 ὁ
1004 834 1218 902 Χριστὸς
1244 836 1570 901 ἐπηγγέλλετο
1607 837 1691 900 μὲν

61 931 84 970 5
102 917 321 970 ἀπελθὼν
351 917 557 986 πέμψειν
581 918 691 982 ἡμῖν
717 915 800 968 τὸν
826 915 1154 983 παράκλητον·
1203 918 1473 983 προσετιθει
1499 917 1547 968 δὲ
1577 917 1688 968 τού-

264 998 275 1014 Ι

101 1023 197 1054 τοις
222 1022 276 1051 το
315 1006 343 1029 “
362 1001 570 1053 Ἐκεῖνος
597 999 674 1064 ἐμὲ
700 998 934 1067 &og-‘dctus’
983 999 1201 1062 συνίεμεν
1228 998 1276 1049 δὲ
1302 999 1432 1063 ἡμεῖς
1458 1001 1533 1050 καὶ
1559 999 1692 1063 μάλα
1711 1004 1857 1087 {Vffsffb

102 1083 253 1148 ὀρθῶς
293 1080 363 1132 ὅτι
402 1081 584 1150 δοξάζει
615 1079 833 1147 Χριστὸν
871 1080 925 1131 τὸ
966 1084 1164 1144 Πνεῦμα
1203 1081 1359 1143 αὐτοῦ,
1395 1083 1470 1132 καὶ
1509 1080 1693 1150 σοφοὺς

103 1166 367 1215 ἀποτελοῦν
392 1163 500 1217 τοὺς
527 1164 576 1213 ἐν
602 1161 669 1216 οἷς
695 1160 752 1213 ἂν
778 1162 974 1227 γε’νοιτο,
1002 1164 1078 1213 καὶ
1105 1160 1248 1213 αὐτὸν
1273 1167 1369 1216 τοῖς
1397 1163 1547 1228 ἁγίοις
1572 1164 1691 1213 ε’νοι-

103 1244 227 1310 κίζον
253 1245 308 1296 δι’
338 1246 514 1296 ἑαυτοῦ·
557 1244 660 1295 ε”στι
687 1242 780 1310 γὰρ
806 1245 855 1294 ἐν
881 1244 991 1307 ἡμῖν
1018 1243 1094 1294 διὰ
1118 1249 1201 1294 τοῦ
1226 1244 1380 1309 Ἁγίου
1404 1245 1692 1308 Πνεύματος·

37 1347 88 1374 10
105 1325 286 1395 δοξάζει
324 1325 373 1377 δὲ
411 1328 486 1377 καὶ
524 1325 701 1392 ἑτέρως,
727 1327 908 1391 ἐνεργεῖ
941 1324 1035 1392 γὰρ
1067 1324 1127 1376 τὰ
1159 1329 1221 1378 εἷς
1260 1325 1407 1394 δόξαν
1434 1327 1577 1377 αὐτοῦ
1618 1325 1694 1376 διὰ

103 1407 257 1476 χειρὸς
293 1408 453 1473 ἁγίων·
506 1411 543 1458 εἰ
570 1407 618 1459 δὲ
645 1406 826 1476 δοξάζει
855 1406 938 1457 τὸν
963 1406 1082 1458 Υὶὸν
1108 1406 1162 1457 τὸ
1189 1410 1386 1470 Πνεῦμα
1412 1408 1567 1471 αὐτοῦ,
1594 1411 1696 1460 πῶς

105 1488 164 1540 ἂν
202 1494 264 1544 εἰς
303 1488 446 1540 αὐτὸν
485 1488 844 1557 δυσφημήσειέν
882 1511 950 1543 τις
991 1493 1158 1539 λαλῶν
1190 1490 1239 1539 ἐν
1272 1489 1548 1553 Πνεύματι;
1607 1491 1702 1556 ἐρεῖ

104 1570 198 1638 γὰρ
225 1576 417 1637 μᾶλλον
444 1571 514 1622 ὅτι
543 1571 690 1641 Κύριος
716 1573 893 1632 Ἰησοῦς.
945 1571 1110 1622 οὐκοῦν
1135 1574 1177 1621 οὶ
1210 1574 1268 1638 τῇ
1303 1572 1452 1621 κτίσει
1487 1572 1692 1623 συντάτ-

104 1674 263 1708 τοντες
297 1652 380 1704 τὸν
404 1652 461 1703 δι’
489 1653 543 1704 οῦ
569 1652 629 1704 τὰ
653 1651 812 1704 πάντα
837 1655 1072 1718 παρῆκται
1107 1651 1226 1718 πρὸς
1252 1651 1450 1718 γένεσιν,
1475 1653 1697 1720 ἀμέτοχοι

40 1751 87 1790 15
104 1739 350 1788 παντελῶς
376 1732 463 1785 εἷεν
489 1732 547 1785 ἂν
572 1740 656 1786 τοῦ
680 1735 848 1801 “Αγίου
876 1735 1168 1798 Πνεύματος·
1212 1732 1408 1799 λέγουσι
1435 1734 1529 1801 γὰρ
1555 1735 1690 1800 ε’ναρ-

105 1820 202 1882 γῶς
250 1815 475 1885 Ἀνοίθεμα
517 1818 697 1878 Ἰησοῦς·
759 1820 802 1867 οἱ
847 1814 896 1867 δὲ
941 1817 1286 1882 ὁμολογοῦντες
1337 1815 1408 1867 ὅτι
1450 1815 1571 1870 Θεὸς
1621 1818 1698 1867 καὶ

109 1898 282 1964 Κύριος
325 1897 527 1963 Ἰησοῦς,
574 1899 784 1960 εὐσεβῶς
823 1898 881 1967 ἐξ
927 1898 1071 1948 αὐτοῦ
1121 1896 1570 1964 μαρτυρηθήσονται
1614 1903 1698 1948 τοῦ

104 1977 402 2046 πράγματος,
445 1979 516 2031 ὅτι
555 1983 640 2044 τῆς
677 1980 746 2031 ἐπ’
785 1980 910 2049 αὐτῷ
952 1979 1171 2033 θεοπτιάς
1201 1978 1289 2043 τὴν
1327 1983 1511 2045 γνῶσιν
1547 2002 1695 2043 μεμυ-

106 2060 444 2127 σταγώγηνται
470 2061 546 2112 διὰ
565 2061 855 2126 Πνεύματος·
896 2068 925 2091 “
943 2060 996 2112 τὸ
1023 2060 1115 2127 γὰρ
1140 2066 1324 2124 πνεῦμα
1349 2061 1506 2113 πάντα
1524 2061 1698 2130 ἐρευνᾷ,
1717 2081 1824 2123 Supra
1835 2081 1922 2113 ii.10.

41 2148 135 2183 20⁶⁴
160 2144 236 2193 καὶ
268 2142 328 2194 τὰ
361 2141 490 2207 βάθη
521 2148 604 2194 τοῦ
631 2145 802 2195 Θεοῦ.”
845 2143 974 2197 εἰδὼς
1013 2142 1061 2194 δὲ
1099 2141 1154 2193 τὸ
1188 2147 1384 2207 Πνεῦμα
1422 2142 1482 2194 τὰ
1515 2145 1563 2194 ἐν
1590 2146 1699 2212 Θεῷ

107 2224 412 2292 κεκρυμμένα,
436 2229 537 2279 ταῖς
574 2229 669 2276 τῶν
708 2225 857 2289 ἁγίων
891 2223 1010 2275 αὐτὰ
1046 2225 1373 2289 διαπορθμεύει
1403 2228 1596 2293 ψυχαῖς,
1623 2226 1699 2275 καὶ

108 2307 297 2370 ἀπλανῆ
337 2309 412 2358 καὶ
456 2307 713 2371 ἀμώμητον
757 2307 918 2360 αὑταῖς
963 2306 1113 2370 ἐνίησι
1153 2309 1351 2371 γνῶσιν.
1414 2309 1490 2356 καὶ
1531 2305 1699 2357 τούτου

160 2431 189 2462 1,
205 2431 236 2454 2.
263 2420 318 2454 Ita
337 2420 386 2454 H.
577 2431 640 2464 4-1
652 2432 679 2456 1.
706 2419 894 2466 ὁ-ἇγίων]
915 2421 1024 2455 Paulo
1041 2420 1138 2455 aliter
1155 2419 1392 2464 Ἐπειδήπερ“
1376 2436 1394 2454 ο
1412 2434 1524 2465 κυριος
1541 2419 1699 2465 ἐπαγγει-

109 2467 252 2510 λόμενος
278 2467 421 2510 πέμπειν
453 2468 522 2502 τοῖς
550 2467 658 2513 ἁγίοις
687 2467 896 2503 ἀποστόλοις
922 2468 981 2502 τὸν
1012 2469 1247 2512 Παράκλητον,
1275 2467 1472 2525 ἐπήγαγεν
1469 2466 1615 2502 Ἐκεῖνος
1642 2467 1698 2510 ἐμε

111 2513 265 2556 δοξάσει,
283 2513 370 2547 οὕτω
393 2513 528 2557 νοητέον
547 2516 661 2555 τοῦτο,
678 2514 730 2548 ὅτι
748 2513 843 2558 ἡνίκα
868 2514 1003 2560 σοφοὺς
1027 2514 1190 2548 ἀποτελεῖ
1214 2514 1359 2549 ἐκείνους
1384 2514 1419 2548 ἐν
1436 2511 1486 2548 οἷς
1510 2512 1551 2547 ἂν
1566 2527 1699 2558 γενοιτο

111 2559 277 2602 ἐνοικίζων
294 2559 335 2594 δι’
353 2560 473 2594 εαυτοῦ
490 2560 548 2595 τὸν
564 2561 715 2605 Χριστὸν
731 2575 767 2594 εν
783 2561 930 2601 ἐκείνοις,
945 2562 1022 2595 τότε
1039 2561 1172 2604 δοξάζει
1186 2561 1245 2594 τὸν
1257 2561 1420 2605 Χριστὸν,
1438 2560 1571 2603 δοξάζει
1589 2560 1625 2593 δε
1645 2560 1699 2593 καὶ

111 2604 208 2640 οὗτος
225 2606 325 2641 αὐτὸν
342 2605 421 2641 ὅταν
438 2606 556 2652 ενεργῇ
575 2607 630 2641 διὰ
645 2611 710 2641 τῶν
726 2606 831 2652 ἁγίων
847 2607 888 2641 τὰ
906 2607 959 2664 εἷς,
970 2607 1072 2650 δόξαν
1089 2609 1148 2641 τοῦ
1165 2608 1258 2640 Υἶοῦ.
1277 2607 1306 2641 εἷ
1326 2606 1374 2641 Η.
1517 2618 1530 2640 1
1542 2619 1570 2640 1.
1596 2606 1699 2640 αυτοῦ

112 2662 183 2685 om.
202 2651 251 2686 H.
367 2663 421 2688 12.
439 2653 652 2698 δυσφημὴσῃ
672 2653 722 2688 H.
786 2654 856 2699 ἐρεῖ
875 2653 923 2687 H.
942 2653 1027 2697 ἐρεῖς
1046 2653 1126 2696 (Sic)
1146 2653 1189 2687 A.
1209 2652 1277 2688 Ed.
1385 2664 1438 2695 14.
1457 2652 1498 2687 δι’
1516 2652 1557 2687 οὗ
1578 2652 1626 2686 Η.
1645 2653 1700 2686 διὰ

113 2699 172 2731 τοῦ
191 2697 257 2733 Ed.
320 2700 405 2743 πρὸς
421 2699 556 2744 γένεσιν
572 2711 642 2734 om
663 2699 712 2734 H.
828 2709 881 2743 15.
906 2700 1038 2735 πάντως
1055 2700 1142 2734 εἰσιν
1159 2711 1223 2744 pro
1240 2701 1415 2735 παντελῶς
1432 2714 1498 2734 ειεν
1514 2698 1555 2733 ἂν
1571 2701 1631 2733 τοῦ
1650 2698 1699 2732 Η.

113 2758 300 2788 πνευματος
316 2745 414 2790 ἁγίου
434 2745 483 2780 Η.
549 2746 693 2790 λεγουσι
709 2747 822 2791 γὰρ-
824 2745 956 2790 Ἰησοῦς
973 2752 1154 2790 assumpta
1171 2758 1212 2780 ex
1234 2746 1281 2780 H.
1382 2746 1434 2780 16.
1453 2747 1699 2790 ὁμολογοῦντες

115 2790 167 2824 ὅτι
180 2791 265 2827 Θεὸς
282 2792 335 2825 καὶ
347 2791 469 2835 Κύριος
485 2792 552 2827 hoc
564 2792 686 2827 ordine
702 2793 750 2827 H.
764 2794 1011 2837 ὁμολογοῦντες
1023 2798 1104 2837 post
1115 2791 1237 2837 Κύριος
1252 2793 1450 2837 transponit
1463 2792 1530 2826 Ed.
1573 2791 1699 2825 Statim

115 2834 248 2879 Ἰησοῦς
264 2838 409 2872 acceSSIt
426 2850 467 2871 ex
489 2838 536 2872 H.
651 2849 704 2884 17.
724 2838 809 2873 Post
827 2840 928 2873 αὐτοῦ
945 2839 1060 2884 pergit
1075 2841 1136 2873 τοῦ
1152 2839 1350 2884 πράγματος
1366 2839 1523 2882 δηλονότι
1542 2838 1579 2880 εξ
1596 2837 1699 2870 αὐτοῦ

118 2885 177 2916 τοῦ
194 2883 389 2927 Πνεῦματος
413 2899 738 2943 μεμυσταγωγηνται
760 2887 818 2929 τῆς
836 2885 885 2920 ἐπ
904 2886 993 2931 αὐτῷ
1011 2885 1168 2921 θεοπτίας
1184 2885 1244 2929 τὴν
1259 2889 1387 2930 γνῶσιν
1404 2886 1450 2919 ita
1468 2884 1629 2918 desinens
1649 2881 1698 2917 H.

123 2929 176 2962 18.
202 2930 290 2975 αὐτῷ
308 2930 401 2965 edidi
419 2942 459 2965 ex
481 2931 528 2966 H.
546 2931 667 2968 αὐτοὺς
685 2931 751 2966 Ed.
943 2942 997 2967 20.
1022 2932 1063 2966 τὰ
1080 2932 1178 2976 prius
1195 2943 1265 2966 om.
1284 2932 1328 2965 A.
