2001 3257
299 115 380 154 110
699 117 749 157 Β.
784 117 1063 160 CYRILLI
1106 121 1489 164 ALEXANDR.
1642 139 1793 175 xx.10‚
1817 140 1878 166 11.

295 227 478 285 βαθεῖα,
512 222 628 291 πρὸς
663 226 711 275 ἕν
741 249 784 277 τι
816 230 1066 295 καταφέρει
1109 231 1163 282 τὸ
1196 232 1556 297 σημαινόμενον,
1592 237 1666 285 καὶ
1704 239 1765 289 εἰς
1798 236 1880 286 τὸν

295 306 595 369 μεσαίτατον,
640 307 694 357 ἵν’
739 310 886 363 οὕτως
930 310 1058 374 ε’ίπω,
1104 319 1187 363 τοῦ
1231 316 1314 377 τῆς
1355 314 1519 369 νυκτὸς
1563 317 1881 381 διαστήματος

295 386 476 454 ἔρχεται
509 387 670 440 τόπον.
725 390 913 454 οὐδεμία
949 399 1199 459 τοιγαροῦν
1239 396 1267 459 ἡ
1306 397 1552 464 διαφωνία.
1607 400 1632 448 ὁ
1666 398 1750 462 μὲν
1786 398 1880 464 γὰρ

295 469 388 519 ἀπὸ
427 475 510 519 τοῦ
547 467 712 524 τέλους
752 474 834 535 τῆς
879 472 1057 537 νυκτὸς,
1095 475 1120 524 ὁ
1159 474 1207 526 δὲ
1254 476 1348 528 ἀπὸ
1389 481 1470 541 τῆς
1510 480 1658 546 ἀρχῆς
1696 479 1878 544 λαβὼν,

253 565 275 592 C
293 549 412 615 πρὸς
438 550 491 601 τὸ
518 548 666 612 βάθος
695 553 821 618 ἕρπει
847 558 941 604 τῶν
961 557 1108 622 ὡρῶν,
1126 558 1201 608 καὶ
1227 562 1288 612 εἰς
1315 557 1428 610 αὐτὸ
1456 558 1651 624 κάτεισι,
1670 562 1878 630 καθάπερ
1897 575 1919 612 5

292 632 412 699 ε”φην
437 633 618 699 ἀρτίως,
641 632 694 684 τὸ
719 637 1021 698 μεσαίτατον.

147 787 503 838 10‚11’Am”÷)x00v
535 787 608 831 οὖν
635 789 763 832 Πάλιν
796 791 904 848 Πρὸς
940 792 1120 835 ἑαυτοὺς.
1157 792 1195 835 οἶ
1233 795 1433 843 μαθηταί·
1480 796 1627 855 Μαρία
1659 798 1706 841 δὲ
1738 797 1878 842 ⁶:16ssst-

626 888 688 914 κει
725 874 832 930 Πρὸς
869 875 918 916 τὸ
954 873 1159 925 μνΗμεῖον
1195 877 1285 922 ἔξω
1319 878 1540 925 κλαίουσα.

365 984 689 1052 Ἀποχρῶσαν
723 986 812 1052 ἤδη
848 993 906 1056 τῇ
945 995 1028 1040 τοῦ
1065 994 1286 1057 Σωτῆρος
1327 992 1459 1056 ἡμῶν
1493 994 1756 1046 ἀναστάσει
1791 995 1877 1061 τὴν

290 1068 624 1135 πληροφορίαν
648 1069 972 1138 συλλέξαντες
1000 1075 1041 1122 οἱ
1076 1072 1353 1141 σοφώτατοι
1383 1078 1602 1140 μαθηταὶ,
1631 1077 1876 1143 ἱδρυμένην
1897 1096 1946 1122 10

291 1170 340 1197 τε
367 1148 537 1200 λοιπὸν
570 1152 645 1200 καὶ
679 1149 948 1203 ἀσάλευτον
982 1154 1224 1208 ὠδίνοντες
1257 1156 1436 1220 πίστιν,
1456 1158 1550 1209 ἀπό
1584 1181 1634 1209 τε
1664 1161 1746 1223 τῆς
1781 1164 1876 1211 τῶν

245 1231 271 1271 d
291 1230 539 1295 δρωμένων
578 1231 833 1295 ἐκβάσεως,
873 1235 950 1284 καὶ
989 1238 1071 1299 τῆς
1111 1240 1205 1287 τῶν
1243 1239 1390 1303 ἁγίων
1429 1243 1632 1306 γραφῶν
1660 1240 1871 1308 προρῥή-

289 1334 424 1374 σεως,
453 1311 607 1363 οἴκαδε
644 1314 793 1365 πάλιν
825 1317 1161 1384 ἀνεκομίζοντο,
1200 1321 1275 1370 καὶ
1314 1319 1433 1386 πρὸς
1471 1320 1578 1374 τοὺς
1616 1323 1875 1389 σφετέρους

288 1391 407 1443 κατά
445 1416 499 1459 γε
538 1395 591 1446 τὸ
630 1394 749 1450 εἰκὸς
775 1399 1178 1465 συλλειτουργοὺς
1217 1402 1484 1468 ἠπείγοντο,
1516 1405 1874 1469 διαγγελοῦντές

285 1497 335 1525 τε
371 1474 424 1526 τὸ
459 1480 630 1540 θαῦμα,
657 1480 732 1529 καὶ
764 1479 1128 1546 διασκεψάμενοι
1166 1483 1284 1546 μετὰ
1322 1490 1461 1536 τοῦτο
1499 1484 1585 1549 τὴν
1617 1490 1711 1537 τῶν
1744 1510 1867 1553 πρα-
1895 1508 1942 1546 15

287 1557 432 1608 κτέων
478 1558 602 1610 ὁδόν.
669 1559 730 1610 Yon
768 1561 805 1611 δ’
847 1560 905 1612 ἂν
944 1564 1025 1614 οὐκ
1064 1564 1159 1616 ἀπὸ
1197 1572 1384 1617 σκοποῦ
1425 1565 1479 1618 τὸ
1521 1569 1596 1618 καὶ
1636 1568 1792 1635 ἕτερόν
1829 1593 1874 1621 τι

285 1640 556 1709 πεπράχθαι
598 1643 793 1709 νομίζειν
830 1645 941 1710 παρ’
980 1647 1146 1699 αὐτῶν.
1200 1650 1247 1698 ἐν
1288 1650 1456 1712 ἀκμαῖς
1499 1649 1591 1715 γὰρ
1636 1649 1769 1705 ὄντος
1809 1652 1875 1703 ε”τι

287 1728 370 1773 τοῦ
422 1727 517 1774 τῶν
568 1725 809 1776 Ἰουδαίων
868 1731 1030 1791 θυμοῦ,
1086 1732 1161 1779 καὶ
1216 1730 1472 1797 φονώντων
1522 1731 1730 1796 ἐκθύμως
1780 1738 1874 1785 τῶν

287 1808 596 1871 καθηγεῖσθαι
632 1806 879 1875 λαχόντων
906 1809 1025 1860 κατὰ
1063 1811 1239 1866 παντὸς
1279 1812 1364 1876 μὲν
1394 1814 1644 1880 ἀνθρώπου
1676 1814 1760 1866 τὸν
1790 1823 1873 1868 τοῦ

289 1890 509 1954 Σωτῆρος
547 1889 679 1953 ἡμῶν
718 1889 1032 1958 θαυμάζοντος
1072 1892 1232 1960 λόγον,
1261 1897 1336 1946 καὶ
1371 1896 1458 1960 τὴν
1490 1896 1693 1964 ὁίρῥητον
1731 1899 1872 1950 αὐτοῦ
1891 1916 1940 1941 20

248 1970 362 2018 θκαῖ
415 1970 829 2036 θεοπρεπεστάτην
875 1974 1221 2041 ἀποδεχομένου
1267 1977 1462 2040 δύναμίν
1501 2001 1551 2029 τε
1597 1981 1672 2029 καὶ
1713 1978 1872 2049 δόξαν,

285 2050 501 2113 μοίλιστα
539 2051 587 2103 δὲ
625 2052 725 2103 κατ’
761 2055 914 2104 αὐτῶν
952 2060 1046 2106 τῶν
1085 2058 1232 2123 ἁγίων
1266 2063 1506 2123 μαθητῶν·
1561 2060 1614 2111 τὸ
1654 2062 1873 2125 ε’μπεσεῖν

284 2131 471 2187 εἰκότως
508 2135 882 2200 παραιτούμενοι,
917 2136 1010 2203 πρὸ
1050 2139 1197 2204 αὐγῆς
1235 2143 1318 2204 τῆς
1352 2142 1532 2196 τελείας
1570 2144 1871 2210 ἀποφοιτῶσι

283 2220 366 2265 τοῦ
403 2215 658 2280 μνήματος,
686 2219 748 2270 ὡς
782 2218 865 2268 οὐκ
895 2218 1003 2287 ἐξὸν
1029 2220 1282 2275 ἀκινδύνως
1307 2228 1446 2273 τοῦτο
1473 2225 1601 2289 δρᾶν,
1630 2228 1666 2275 εἰ
1692 2226 1871 2294 ὁρῷντο

283 2298 387 2359 μεθ’
416 2298 605 2363 ἡμέραν,
632 2301 715 2363 τῆς
747 2304 830 2350 τοῦ
863 2300 998 2363 ἡλίου
1035 2303 1287 2367 λαμποίδος
1317 2309 1413 2358 τοῖς
1450 2305 1671 2357 ἁπάντων
1704 2306 1870 2361 αὐτοὺς
1888 2324 1935 2362 25

282 2380 710 2444 ἀνακαλυπτούσης
737 2380 936 2443 ὄμμασι.
992 2386 1067 2434 καὶ
1101 2385 1154 2435 οὐ
1186 2383 1336 2449 δήπου
1363 2387 1540 2438 δειλίαν
1567 2389 1758 2454 ἐροῦμεν
1783 2388 1869 2453 τὴν

282 2458 512 2525 ἄνανδρον
562 2463 714 2512 αἰτίαν
765 2461 927 2529 ὥσπερ
978 2465 1133 2519 αὐτοῖς
1187 2470 1270 2530 τῆς
1322 2469 1467 2523 οὕτως
1515 2469 1869 2534 ἐμμελεστάτης

283 2544 575 2604 καταστῆναι
602 2546 770 2611 φυγῆς,
799 2544 1058 2608 οἰησόμεθα
1085 2548 1133 2598 δὲ
1168 2553 1359 2611 μᾶλλον
1384 2556 1466 2601 τοῦ
1505 2552 1746 2618 χρησίμου
1783 2552 1868 2616 τὴν

58 2625 463 2687 108οΑ.ηγνῶσιν
500 2627 601 2676 ταῖς
639 2628 733 2674 τῶν
764 2626 911 2691 ἁγίων
946 2630 1124 2695 ψυχαῖς
1157 2631 1443 2682 ἐντεθεῖσθαι
1480 2631 1609 2698 παρὰ
1636 2637 1867 2699 Χριστοῦ,

283 2704 397 2770 ἀωρὶ
438 2704 710 2756 κινδυνεύειν
737 2707 818 2757 οὐκ
859 2709 1186 2774 ἐπιτρέποντος
1223 2711 1329 2765 τοῦς
1368 2713 1499 2778 οἵπερ
1526 2713 1730 2776 ἔμελλον
1755 2715 1860 2767 ε”σε-
1885 2738 1934 2774 30

59 2803 194 2835 pmii.
282 2789 397 2837 σθαι
439 2789 521 2851 τῆς
560 2788 827 2852 οἰκουμένης
871 2794 1122 2858 φωστῆρες
1165 2795 1240 2844 καὶ
1281 2792 1578 2845 διδάσκαλοι.
1639 2795 1727 2846 ἔδει
1773 2797 1866 2863 γὰρ

62 2855 110 2886 15.

565 2924 617 2961 15.
645 2916 912 2963 διασκεψάμενοι
932 2919 973 2954 Ε.
1291 2931 1346 2967 25.
1374 2924 1432 2957 τοῦ
1450 2934 1519 2957 om.
1541 2923 1580 2957 E.
