1986 3282
108 149 224 191 xviii.
247 163 312 193 21.
366 152 440 192 IN
473 153 515 194 S.
540 152 880 193 JOANNEM.
935 152 1060 193 LIB.
1086 152 1165 193 XI.
1220 152 1354 193 CAP.
1379 152 1481 192 XII.
1650 152 1701 190 35

108 259 328 326 πρόωρον
373 259 538 327 ὥσπερ
589 261 916 328 ἐπενεγκόντες
964 261 1051 326 τὴν
1097 261 1315 321 κόλασιν,
1359 263 1588 327 περιττῶς
1638 259 1704 308 ἔτι

108 341 301 408 ζητοῦσι
340 342 400 394 τὰ
437 345 733 408 πταίσματα.
799 346 845 395 τί
875 345 1031 395 τοίνυν
1057 345 1210 413 φησὶν
1237 344 1399 414 ἐρωτᾷς
1434 343 1510 393 καὶ
1545 345 1703 394 καλεῖς
1721 348 1748 388 d

108 428 172 478 εἰς
197 426 466 492 ἀπολογίαν
492 426 574 477 τὸν
601 426 691 492 ἤδη
722 425 939 478 παθόντα
970 425 1058 490 τὴν
1084 426 1270 495 ἔφοδον,
1296 424 1629 492 πρεσβυτέραν
1655 446 1704 473 τε

108 510 204 557 τῶν
243 507 454 576 ἐλέγχων
495 509 710 577 λαχόντα
755 508 842 574 τὴν
882 509 1141 576 τιμωρίαν;
1196 511 1495 575 προσβαλεῖς
1537 504 1585 557 δὲ
1630 506 1706 555 καὶ

65 588 273 655 5ἑτέρως
310 595 407 645 τοῖς
445 591 712 658 εἰρημένοις.
769 595 811 643 οἱ
849 589 1162 656 μεμισηκότες
1201 590 1304 655 ἤδη,
1333 591 1471 659 φησὶ,
1499 590 1575 639 καὶ
1605 592 1706 640 ταῖς

108 672 230 723 οὕτω
263 674 430 727 δειναῖς
465 675 668 737 ἀτιμίαις
702 673 1119 741 περιβεβληκότες,
1145 673 1227 724 ε’ίτι
1262 695 1352 739 περ
1388 671 1575 737 λέγοιμι
1612 674 1707 721 τῶν

108 754 207 805 κατ’
239 755 452 819 ἐμαυτὸν,
492 757 577 807 οὐκ
616 755 674 808 ἂν
711 756 829 810 ἰ’σως
868 756 1121 821 ὀκνήσαιεν
1158 758 1233 806 καὶ
1272 753 1327 806 τὸ
1366 753 1523 823 ψεύδη
1562 757 1700 814 βοᾶν.

109 836 275 888 οὐκοῦν
312 837 443 905 παρὰ
481 841 564 903 τῆς
602 838 770 906 ἑτέρων
809 838 1094 890 διδάσκεσθε
1134 840 1308 907 φωνῆς.
1374 835 1707 901 ἀταλαίπωρος

107 924 355 974 παντελῶς
380 925 475 971 τῶν
500 921 752 988 μαρτύρων
778 922 806 987 ἡ
833 919 1043 987 ζήτησις·
1086 920 1181 972 οἵδε
1216 919 1310 986 γὰρ
1345 918 1576 985 γεγόνασι
1611 922 1706 968 τῶν

42 1016 90 1041 10
108 1002 232 1065 ἐμῶν
258 1001 478 1067 κατήκοοι
512 1002 689 1070 λόγων.
744 1006 821 1055 καὶ
848 1008 999 1069 νομιεῖ
1019 1005 1103 1068 μέν
1130 1026 1200 1057 τις
1226 1000 1384 1071 τυχὸν,
1412 1001 1484 1053 ὅτι
1516 1001 1708 1067 καρδίας

109 1082 240 1138 εἰδὼς
276 1087 352 1136 καὶ
388 1084 601 1154 νεφροὺς,
629 1085 844 1156 ὑπέδειξέ
874 1109 1003 1140 τινας
1038 1091 1132 1137 τῶν
1158 1083 1531 1152 παρεστηκότων
1563 1085 1625 1137 ὡς
1659 1085 1707 1134 ἐκ

109 1172 192 1217 τοῦ
224 1166 582 1236 παρατυχόντος
618 1167 1005 1235 ἀκροασαμένους
1045 1169 1202 1220 αὐτοῦ.
1252 1165 1306 1218 τὸ
1345 1165 1394 1217 δὲ
1434 1167 1522 1234 οὐχ
1562 1166 1710 1218 οὕτως

110 1249 217 1317 ἔχει.
271 1251 515 1320 παρέδειξε
556 1251 650 1318 γάρ
683 1274 812 1304 τινας
837 1255 932 1302 τῶν
959 1252 1218 1317 ὑπηρετῶν,
1245 1248 1288 1301 οἳ
1323 1251 1400 1300 καὶ
1435 1247 1586 1300 πάλαι
1622 1246 1708 1310 τὴν

109 1333 219 1399 παρ’
257 1334 400 1384 αὐτοῦ
444 1332 640 1401 διδαχὴν
677 1332 1019 1397 τεθαυμάκασι,
1059 1334 1136 1384 καὶ
1179 1337 1280 1386 πῶς
1321 1330 1349 1396 ἢ
1391 1329 1520 1393 πότε,
1559 1327 1707 1381 πάλιν

43 1426 90 1464 15
111 1419 255 1466 εἰπεῖν
299 1416 556 1481 ἀναγκαῖον
599 1415 714 1482 ὑπὲρ
761 1416 1025 1484 σαφηνείας
1068 1419 1162 1465 τῶν
1201 1413 1471 1480 εἰρημένων.
1539 1412 1708 1463 οὐκοῦν
1725 1423 1931 1460 a1026A.

110 1496 251 1551 αὐτὸς
284 1497 395 1561 ἡμῖν
423 1499 587 1548 οὑτοσὶ
620 1498 770 1550 πάλιν
797 1498 821 1548 ὁ
856 1496 1110 1550 θεσπέσιος
1146 1493 1515 1562 Εὐαγγελιστὴς
1555 1492 1702 1544 λελά-

110 1580 234 1645 ληκέ
264 1602 309 1631 τι
346 1585 575 1644 τοιοῦτον,
601 1582 663 1634 ὡς
697 1579 1015 1648 ἐξηγουμένου
1049 1579 1163 1631 ποτὲ
1202 1584 1286 1630 τοῦ
1319 1580 1541 1644 Σωτῆρος
1577 1576 1710 1640 ἡμῶν

110 1665 344 1730 Χριστοῦ,
371 1664 448 1713 καὶ
485 1666 584 1716 τοῖς
622 1661 1065 1728 συνδεδραμηκόσιν
1090 1661 1334 1714 Ἰουδαίοις
1373 1659 1455 1711 τὸν
1486 1661 1592 1725 περὶ
1627 1661 1710 1722 τῆς

111 1748 207 1795 τῶν
252 1745 465 1812 οὐρανῶν
508 1745 760 1807 βασιλείας
806 1744 1190 1797 διαπτύσσοντος
1241 1742 1406 1809 λόγον,
1447 1741 1709 1807 διεπρίοντο

42 1847 93 1872 20
110 1826 260 1879 πάλιν
298 1831 341 1879 οἱ
378 1832 474 1879 τῶν
508 1828 778 1878 Ἰουδαϊκῶν
818 1825 1077 1893 ταγμάτων
1115 1824 1380 1892 ἡγούμενοι,
1421 1825 1497 1875 καὶ
1536 1822 1710 1889 θερμὸν

112 1910 181 1961 ἐπ’
210 1909 337 1979 αὐτῷ
363 1908 446 1961 τὸν
473 1908 655 1979 φθόνον
682 1910 940 1972 ὠδίνοντες,
965 1910 1016 1960 ἐκ
1042 1907 1192 1972 μέσου
1218 1912 1368 1959 ποιεῖν
1394 1903 1703 1970 ἐσπούδαζον.

924 1991 936 2007 Ι

112 1992 242 2058 λέγει
279 1991 328 2043 δὲ
363 1993 510 2046 οὕτως
545 1994 569 2043 ὁ
597 1993 964 2059 Εὐαγγελιστης
990 1998 1017 2021 “
1041 1991 1134 2042 Καὶ
1161 1990 1451 2042 ἀπέστειλαν
1477 1992 1519 2039 οἱ
1545 1990 1701 2055 ἀρχιε-
1769 1997 1882 2077 §51³3

112 2080 140 2104 “
165 2079 259 2141 ρεῖς
285 2076 362 2125 καὶ
389 2078 432 2127 οἱ
458 2078 713 2142 Φαρισαῖοι
740 2073 972 2142 ὑπηρέτας
998 2074 1073 2125 ἵνα
1098 2072 1345 2125 πιάσωσιν
1372 2069 1553 2123 αὑτόν.”
1595 2071 1705 2121 ἀλλ’
1819 2063 1824 2068 ’
1870 2062 1896 2069 ⁰

113 2158 176 2210 ὡς
209 2155 362 2211 πολὺς
397 2159 474 2209 καὶ
509 2156 688 2224 μακρὸς
717 2158 741 2208 ὁ
773 2156 905 2223 παρὰ
932 2161 1014 2207 τοῦ
1042 2158 1264 2221 Σωτῆρος
1298 2155 1431 2218 ἡμῶν
1461 2152 1755 2221 ἐξετείνετοι)

45 2260 94 2300 25
114 2239 277 2304 λόγος,
321 2242 363 2290 οἱ
404 2238 535 2306 παρὰ
575 2244 671 2291 τῶν
710 2239 950 2290 Ἰουδαίων
989 2237 1343 2300 ἀπεσταλμένοι
1394 2240 1489 2289 τοῖς
1542 2234 1711 2287 ἄλλοις

115 2318 269 2372 ἅπασι
295 2322 644 2385 συνεπείθοντο,
673 2323 748 2373 καὶ
774 2320 1100 2384 τεθαυμάκασι
1125 2319 1274 2371 πλέον
1300 2318 1419 2385 ἥπερ
1453 2340 1523 2372 τις
1556 2316 1712 2382 ἕτερος

113 2407 209 2454 τῶν
234 2403 501 2455 τελούντων
527 2408 590 2459 εἰς
617 2402 808 2472 ὄχλους.
864 2403 991 2469 λέγει
1027 2401 1075 2453 δὲ
1109 2404 1231 2453 οὕτω
1258 2399 1407 2453 πάλιν
1433 2401 1458 2450 ὁ
1486 2400 1708 2466 Εὐάγγε-

114 2485 286 2550 λιστής
321 2484 563 2538 ((ςΗλθον
602 2487 684 2538 οὖν
723 2490 765 2537 οἱ
805 2484 1027 2552 ὑπηρέται
1065 2483 1185 2551 πρὸς
1222 2483 1331 2538 τοὺς
1372 2485 1598 2550 ἀρχιερεῖς
1636 2485 1712 2533 καὶ
1773 2490 1908 2529 11)·45-

116 2573 144 2597 “
170 2569 475 2635 Φαρισαίους,
516 2571 591 2620 καὶ
631 2567 764 2620 εἷπον
805 2569 962 2622 αὐτοῖς
1006 2569 1168 2618 ἐκεῖνοι
1208 2566 1352 2617 Διατί
1388 2565 1472 2615 οὐκ
1510 2562 1710 2629 ἠγάγετε

45 2672 97 2707 30
117 2657 144 2680 “
170 2650 349 2712 αὐτόνς
412 2651 739 2718 ἀπεκρίθησαν
793 2654 836 2702 οἱ
895 2649 1119 2717 ὑπηρέται
1174 2648 1417 2700 Οὐδέποτε
1473 2645 1713 2710 ἐλάλησεν

117 2740 145 2763 “
172 2734 320 2788 οὕτως
358 2734 620 2800 ἄνθρωπος.
689 2734 1016 2800 ἀπεκρίθησαν
1051 2733 1133 2783 οὖν
1174 2732 1328 2784 αὐτοῖς
1373 2733 1415 2781 οἱ
1458 2730 1712 2794 Φαρισαῖοι

119 2822 146 2846 “
174 2814 262 2880 Μὴ
289 2818 364 2868 καὶ
392 2817 518 2879 ὑμεῖς
552 2816 867 2881 πεπλάνησθε
890 2816 931 2878 ;”
973 2814 1152 2868 ἀκούεις
1193 2813 1320 2866 ὅπως
1358 2807 1707 2871 ἀναπεπεισμέ-
1729 2837 1751 2864 0

123 2986 176 3017 24.
203 2976 295 3021 παρὰ
313 2975 355 3011 Ε.
373 2975 450 3019 περὶ
470 2974 537 3008 Ed.
664 2974 718 3009 26.
746 2977 829 3018 ἤπερ
848 2972 1043 3008 emendavi.
1062 2972 1156 3016 ε’ίπερ
1175 2970 1243 3005 Ed.
1370 2976 1424 3013 27.
1453 2969 1544 3001 οὔπω
1565 2965 1647 3010 (Sic)
1671 2965 1711 2999 E.

880 3041 902 3067 F
926 3040 947 3068 2
