2027 3257
117 196 286 237 [46M.]

162 342 217 376 47
240 340 301 376 Μ.

98 400 130 431 S.
144 401 268 432 Matth.

98 454 152 475 xv.
166 455 216 483 ²4·

171 756 237 776 VGI'.
253 754 283 785 9.

320 130 404 169 248
480 130 530 170 B.
564 129 811 171 CYRILLI
848 128 1199 169 ALEXANDR.
1240 128 1624 170 FRAGMENTA.
1683 139 1898 182 xv.7sqq.

319 242 347 265 “
372 238 613 289 πολλῶν.”
667 234 902 301 ὡμολόγει
936 233 1085 301 γεμὴν
1111 237 1311 303 ἀφῖχθαι
1342 240 1528 303 σαφῶς,
1555 236 1629 286 ἵνα
1663 235 1902 302 πληρώσῃ

318 322 385 387 τῷ
407 317 612 384 Ἰσραὴλ
646 316 732 381 τὴν
759 315 1040 384 ὑπόσχεσιν·
1083 316 1265 384 ἔφασκε
1299 315 1393 383 γάρ
1431 324 1457 346 “
1480 318 1584 368 Οὐκ
1619 315 1901 380 ἀπεστάλην

321 407 347 430 “
372 404 410 450 εἰ
447 399 513 463 μὴ
539 403 601 453 εἷς
627 398 686 450 τὰ
711 398 1001 449 ἀπολωλότα
1039 395 1260 463 πρόβατα
1299 397 1426 449 οἴκου
1451 398 1695 464 Ἰσραήλ.”
1736 399 1902 448 οὐκοῦν

320 482 373 531 οῦ
406 480 724 550 ψευδοεπήσει
762 479 917 545 λέγων
949 479 974 528 ὁ
1002 482 1197 532 Παῦλος
1237 476 1427 530 διάκονον
1465 479 1606 529 αὐτὸν
1644 477 1902 544 γεγενῆσθαι

321 563 371 613 ε’κ.
397 561 630 631 περιτομῆς
664 567 724 616 εἷς
757 560 802 612 τί
834 559 1095 621 βεβαιῶσαι
1133 558 1217 615 τας
1252 561 1549 626 ἐπαγγελίας
1583 559 1662 611 τῶν
1693 559 1901 630 πατέρων,

320 644 561 695 τεθεῖσθαί
587 666 635 694 τε
660 642 778 708 πρὸς
812 641 962 711 τούτῳ
997 640 1126 707 παρὰ
1152 648 1234 693 τοῦ
1262 645 1387 693 Θεοῦ
1419 641 1495 692 καὶ
1523 640 1714 708 Πατρὸς
1741 643 1817 692 καὶ
1842 645 1904 695 εἰς

320 724 480 776 ἐ’λαιον
505 730 601 779 τοῖς
640 725 696 793 ἐξ
723 725 883 787 ἐθνῶν,
912 723 988 774 ἵνα
1027 725 1101 774 καὶ
1130 724 1261 774 αὐτοὶ
1300 720 1536 792 ahaida-econ)
1568 725 1630 776 ὡς
1659 728 1753 774 τῶν
1778 722 1905 773 ὅλων

321 805 654 873 γενεσιουργὸν
698 807 773 856 καὶ
817 805 1032 872 τεχνίτην
1069 803 1152 856 τὸν
1195 804 1396 870 Σωτῆρά
1435 827 1484 855 τε
1525 807 1600 855 καὶ
1638 803 1898 868 λυτρωτήν.

320 889 410 940 ἔδει
436 888 528 955 γὰρ
549 889 634 939 ἔδει
656 887 732 938 διὰ
757 885 949 950 πολλὴν
975 886 1209 937 ἀπείθειαν
1236 884 1514 952 ὑβριζούσης
1540 885 1682 936 αὐτὸν
1704 886 1905 939 ἀνοσίως

319 973 402 1034 τῆς
427 972 692 1036 περιτομῆς,
718 971 792 1019 καὶ
819 967 905 1032 τὴν
930 968 1039 1033 παρ’
1067 968 1209 1018 αὐτοῦ
1234 967 1476 1034 λύτρωσιν
1502 969 1556 1018 οὐ
1581 966 1903 1033 προσιεμένης,

320 1052 385 1117 μὴ
411 1054 714 1118 ἀπρακτῆσαι
753 1053 903 1101 δοκεῖν
932 1048 1018 1113 τὴν
1052 1048 1306 1117 ἄφραστον
1338 1054 1420 1099 τοῦ
1454 1052 1579 1100 Θεοῦ
1620 1048 1770 1116 χάριν,
1798 1049 1899 1098 ὀλί·

320 1158 420 1201 γων
459 1136 533 1185 καὶ
572 1134 710 1196 μόλις
750 1133 915 1195 κομιδῆ
955 1130 1356 1193 διασεσωσμένων
1393 1134 1488 1181 τῶν
1525 1129 1906 1182 πεπιστευκότων

321 1217 380 1285 ἐξ
412 1214 630 1281 Ἰσραήλ·
686 1213 907 1281 ταύτῃτοι
946 1210 1338 1277 κατευρυνομένης
1379 1210 1544 1277 ὥσπερ
1582 1211 1654 1280 ἐφ’
1696 1210 1906 1266 ἅπαντας

322 1300 403 1361 τῆς
442 1297 620 1347 ἄνωθεν
659 1293 982 1360 γαληνότητος
1017 1292 1338 1361 προσελήφθη
1378 1292 1437 1344 τὰ
1475 1292 1597 1357 ἔθνη,
1625 1293 1701 1343 καὶ
1738 1295 1820 1356 τῆς
1858 1295 1907 1343 ἐν

322 1382 524 1447 Χριστῷ
565 1378 742 1445 σοφίας
789 1374 843 1426 τὸ
882 1375 1144 1441 μυστήριον
1183 1375 1269 1441 οὐχ
1310 1372 1577 1440 ἡμαρτηκὸς
1620 1375 1782 1440 ὁρᾶται
1822 1380 1906 1425 τοῦ

320 1460 439 1525 πρὸς
466 1458 730 1525 ἡμερότητα
754 1456 1018 1518 βλέποντος
1044 1462 1246 1507 σκοποῦ·
1290 1456 1538 1507 σε’σωσται
1564 1455 1658 1522 γὰρ
1686 1457 1787 1506 ἀντὶ
1812 1460 1906 1506 τῶν

322 1539 662 1605 ὠλισθηκότων
700 1540 728 1604 ἡ
768 1540 841 1590 ὑπ’
884 1537 1096 1604 οὐρανὸν,
1135 1539 1528 1604 κατοικτείροντος
1556 1541 1694 1588 Θεοῦ.
1749 1536 1819 1588 ὅτι
1859 1536 1906 1588 δὲ

321 1621 760 1690 προαναπεφώνητο
800 1619 853 1672 τὸ
891 1620 1153 1685 μυστήριον
1180 1618 1254 1669 διὰ
1290 1622 1451 1687 φωνῆς
1489 1618 1636 1684 ἁγίων
1665 1641 1906 1685 προεγνω-

323 1704 472 1756 κότων
499 1705 548 1755 ἐν
573 1703 802 1766 πνεύματι
827 1701 886 1752 τὰ
912 1700 1126 1765 ἐσόμενα,
1154 1701 1440 1764 καθίστησιν
1466 1699 1786 1768 ἐναργεστάτῃ
1812 1704 1907 1751 τῶν

320 1789 621 1855 προφητειῶν
646 1784 917 1850 παραθέσει.

368 1927 401 1960 3.
427 1915 468 1950 τὰ
484 1916 641 1960 πρόβατα
658 1915 697 1948 τὰ
716 1914 921 1949 ἀπολωλότα
938 1914 981 1948 A.
1101 1922 1134 1957 5.
1161 1913 1196 1946 ἐκ
1214 1924 1284 1946 om.
1304 1913 1347 1947 A.
1470 1911 1503 1946 6.
1530 1911 1637 1958 τούτῳ
1659 1912 1701 1945 Α.
1719 1913 1819 1945 τοῦτο
1839 1911 1905 1946 Ed.

325 1971 356 2009 7.
380 1962 497 1997 ἔλαιον
514 1962 654 1996 exhibet
671 1967 703 1996 et
721 1962 764 1996 A.
783 1961 881 1995 ἔλεον
898 1966 989 1994 recte
1006 1959 1169 1995 emendat
1188 1960 1323 2004 Migne.
1483 1960 1514 1993 8.
1540 1957 1714 2003 λυτρωτὴν
1733 1958 1804 1992 des.
1823 1959 1865 1993 A.

1924 582 1945 619 5

1928 995 1975 1019 10

1926 1809 1974 1832 20
