2012 3257
289 164 374 203 314
526 162 574 202 B.
610 158 858 202 CYRILLI
895 158 1243 199 ALEXANDR.
1282 156 1452 197 FRAG.
1529 170 1595 196 xv.
1614 156 1682 206 46,
1704 163 1757 206 47
1782 167 1869 206 sqq.

91 228 163 271 [79
177 229 257 270 M-]
292 271 348 322 δέ
379 294 433 336 γε
470 268 729 336 προπάτωρ
753 265 909 335 Ἀδὰμ
941 268 1022 318 οὐκ
1057 266 1344 332 ἀνέγκλητον
1375 268 1616 316 παντελῶς
1655 260 1741 325 τὴν
1779 263 1872 310 τῶν

290 353 526 415 ἐδωδίμων
552 351 717 418 ἔφεσιν
742 348 1024 417 εἰσεδέξατο·
1067 349 1314 410 πεποίηται
1340 345 1433 411 γὰρ
1454 351 1513 400 εἷς
1535 344 1679 414 ζῶα-σιν
1698 337 1871 410 ψυχὴν,

291 435 367 484 καὶ
392 432 658 500 βρωμάτων
683 432 851 495 ἡδονῆς
886 429 1161 494 ἡττώμενος,
1188 428 1364 497 ἔφαγεν
1390 425 1482 478 ἀπὸ
1509 432 1591 476 τοῦ
1618 424 1767 493 ξύλου
1792 424 1875 485 τῆς

292 516 422 581 ζωῆς,
450 514 596 565 καίτοι
623 518 705 563 τοῦ
732 513 855 563 θείου
882 510 1026 575 νόμου
1053 516 1190 561 τοῦτο
1217 513 1332 575 δρᾶν
1357 508 1659 577 ἐξείργοντος.

354 595 471 646 οΌτι
487 596 641 646 τοίνυν
658 596 682 644 ὁ
699 592 902 662 ψυχικὸς
921 593 973 642 οὐ
991 592 1181 660 φύσεως
1198 591 1306 655 ἡμῖν
1322 594 1550 657 διαφορᾶς
1567 584 1876 653 ὑπεμφήνειεν
1896 602 1918 640 5

293 676 363 739 ἂν,
391 676 506 742 ζωῆς
533 674 582 726 δὲ
607 680 799 737 μᾶλλον
826 676 951 738 ἠθῶν
978 696 1026 725 τε
1053 675 1127 724 καὶ
1155 672 1344 739 τρόπων
1369 670 1610 733 ποιότητα,
1629 668 1738 719 καθ’
1762 665 1818 730 ἣν
1852 666 1877 716 ὁ

293 758 378 822 μέν
399 781 468 812 τις
492 758 594 808 ἐστὶ
620 759 686 825 τῷ
713 755 1015 824 γεωδεστέρῳ
1040 754 1115 805 καὶ
1137 757 1350 821 σαρκικῲ
1376 750 1643 820 φρονήματι
1665 747 1877 814 κάτοχος,

294 841 319 890 ὁ
359 839 407 890 δὲ
449 842 506 906 τῇ
546 843 630 889 τοῦ
670 837 933 900 πνεύματος
978 836 1216 904 ἐλευθερίᾳ
1254 833 1533 903 περιφανὴς,
1579 830 1879 882 ἀποδείκνυσι

294 925 468 989 σαφῶς
506 919 599 971 ἀπό
637 942 687 970 τε
725 918 869 981 Ἀδὰμ
907 923 989 968 τοῦ
1026 917 1215 983 πρώτου
1248 918 1322 966 καὶ
1353 921 1436 966 τοῦ
1464 913 1691 979 δευτέρου·
1734 910 1879 979 ἄμφω

295 1003 379 1067 μὲν
403 1001 496 1069 γὰρ
522 1000 780 1067 γεγόνασιν
806 1002 853 1051 ἐν
878 999 1054 1066 γηΐνοις
1080 999 1319 1062 σώμασιν,
1345 997 1453 1047 ἀλλ’
1483 996 1515 1059 ἥ
1546 1018 1600 1061 γε
1633 999 1717 1044 τοῦ
1753 997 1874 1060 φρο-
1902 1010 1951 1035 10

298 1084 500 1149 νήματος
526 1085 663 1134 οἱονεὶ
687 1081 893 1145 ποιότης,
919 1083 994 1130 καὶ
1021 1079 1114 1143 μὴν
1140 1081 1215 1130 καὶ
1240 1078 1294 1130 τὸ
1320 1078 1529 1145 ἑτεροίως
1555 1076 1749 1128 ἑλέσθαι
1775 1076 1878 1124 δια-

295 1171 444 1227 βιοῦν,
484 1163 567 1215 τὸν
604 1163 690 1228 μὲν
728 1165 938 1230 ἀπέφηνε
965 1160 1186 1230 ψυχικὸν,
1222 1161 1376 1227 ἕτερον
1414 1157 1561 1225 γεμὴν
1587 1156 1884 1223 ἀσυγκρίτως

298 1248 346 1297 ἐν
372 1246 586 1309 ἀμείνοσι
611 1244 826 1295 τουτέστι
851 1241 1180 1306 πνευματικόν.

138 1331 198 1365 80
219 1328 280 1364 Μ.

230 1405 404 1451 46Ἀλλ’
449 1406 496 1445 οὐ
535 1405 708 1461 Πρῶτον
746 1404 794 1446 τὸ
833 1403 1134 1454 Πνευματικόν,
1171 1401 1282 1443 ἀλλὰ
1320 1400 1369 1443 τὸ
1406 1399 1596 1456 ψυχικόν·
1646 1398 1796 1440 ἔπειτα
1833 1396 1882 1439 τὸ

943 1486 1243 1534 Πνευματικὸν.
1908 1476 1955 1514 Ῑ5

371 1594 779 1659 Ἐπιλαμβάνεται
831 1593 878 1644 δὲ
930 1592 1108 1659 τρόπον
1152 1591 1256 1642 τινὰ
1299 1595 1393 1641 τῶν
1445 1592 1616 1654 καιρῶν
1661 1587 1761 1638 καθ’
1806 1584 1885 1639 οὓς

300 1676 542 1743 γεγόνασι,
581 1676 661 1727 καί
696 1682 846 1744 φησιν
872 1680 1002 1726 Ἀλλ’
1033 1678 1076 1725 οὐ
1115 1673 1279 1742 πρῶτον
1317 1672 1363 1723 τὶ
1405 1668 1715 1738 πνευματικὶν,
1750 1666 1886 1719 ἀλλά

300 1759 347 1810 τὶ
387 1757 603 1828 ψυχικὶν,
639 1758 792 1809 ἔπειτα.
829 1757 876 1809 τὶ
912 1756 1221 1825 πνευματικόν·
1276 1753 1430 1817 ἐπειδὴ
1472 1752 1563 1820 ἔφη
1601 1751 1883 1817 σπείρεσθαι

301 1839 387 1905 μὲν
413 1843 475 1893 εἰς
508 1842 599 1905 γῆν
632 1839 685 1890 τὸ
725 1843 867 1902 σῶμα
904 1836 1125 1906 ψυχικὸν,
1154 1836 1403 1903 ἀποφαίνει
1441 1837 1619 1886 λευκῶς
1657 1834 1719 1885 ὡς
1758 1831 1889 1882 ἔστιν

303 1922 386 1972 οὐκ
412 1921 736 1988 ἀπαροίδεκτον
764 1924 820 1987 τῇ
846 1925 929 1970 τοῦ
955 1918 1204 1985 ἀνθρώπου
1232 1916 1375 1985 φύσει
1409 1915 1463 1967 τὸ
1500 1917 1548 1966 ἐκ
1587 1913 1888 1982 φρονήματος
1910 1937 1959 1963 20

303 2007 511 2071 ψυχικοῦ
547 2006 836 2070 μεταφοιτᾶν
873 2004 935 2054 εἰς
973 1998 1299 2063 πνευματικὸν,
1341 2000 1416 2048 καὶ
1455 1997 1525 2048 ὅτι
1561 1994 1889 2062 πρεσβύτερον

304 2090 387 2135 τοῦ
424 2089 736 2147 πνευματικοῦ
774 2084 819 2134 τὶ
854 2079 1059 2154 ψυχικὶνν
1085 2080 1151 2145 ε’ίη
1179 2081 1248 2131 ἄν·
1291 2081 1366 2130 καὶ
1392 2078 1460 2132 τίς
1495 2077 1552 2129 ἂν
1578 2078 1759 2143 γένοιτο
1794 2080 1889 2127 τῶν

305 2165 528 2216 τοιούτων
554 2166 582 2229 ἡ
608 2166 798 2226 πίστις;

140 2333 186 2371 47
210 2335 288 2372 SQ‘L
553 2325 608 2366 ‘O
646 2324 818 2381 Πρῶτος
856 2325 1086 2380 ἄνθρωπος
1123 2324 1170 2364 ἐκ
1209 2327 1280 2369 Γὲις
1317 2322 1457 2377 χοϊκός
1493 2338 1527 2363 κ.
1543 2322 1643 2363 τ.λ.

382 2434 440 2484 ζΟ
479 2432 644 2501 πρῶτός
686 2437 838 2499 φησιν
879 2430 1097 2501 ἅνθρωπος
1135 2430 1379 2480 τουτέστιν
1415 2427 1586 2491 Ἀδὰμ,
1625 2429 1686 2479 εἷς
1728 2421 1891 2492 ψυχὴν
1910 2443 1960 2482 25

310 2514 535 2577 πεποίητο
579 2514 752 2579 ζῶσαν,
787 2513 1004 2563 τουτέστι
1048 2512 1223 2577 γεώδης
1263 2512 1338 2561 καὶ
1379 2507 1620 2575 σαρκικός·
1683 2513 1700 2558 o‘
1743 2505 1892 2571 γεμὴν

360 2645 451 2680 5—13
477 2636 558 2669 citat
577 2641 609 2668 et
628 2634 794 2668 collectio
813 2634 1092 2668 testimoniorum
1113 2633 1251 2678 Syl-iace
1275 2633 1312 2666 in
1337 2631 1415 2665 cod.
1437 2631 1532 2665 Mus.
1557 2630 1644 2664 Brit.
1662 2628 1756 2664 Add.
1779 2636 1891 2673 12155

313 2682 372 2715 fo1.
394 2691 457 2725 125
476 2693 555 2715 eum
574 2682 674 2715 titulo
692 2681 853 2725 Ejusdem
872 2692 910 2714 em
928 2685 1014 2714 tomo
1037 2680 1176 2724 septimo
1193 2678 1486 2723 interpretationis
1503 2677 1684 2721 Epistolae
1696 2676 1830 2720 primae
1847 2675 1894 2708 ad

317 2728 512 2761 Corinthios
530 2740 615 2772 quae
632 2729 793 2761 certiores
809 2738 870 2760 uos
882 2727 980 2770 facit
1000 2738 1065 2759 uon
1089 2737 1158 2760 esse
1183 2725 1346 2759 essentiae
1371 2725 1562 2768 corporalis
1579 2723 1713 2756 nomina
1738 2721 1891 2766 spiritale

315 2775 539 2819 animaleque,
552 2775 737 2819 iterumque
754 2774 888 2806 uomina
905 2779 1063 2806 terrenus
1082 2772 1314 2816 coelestisque,
1327 2771 1388 2804 sed
1400 2771 1515 2815 potius
1532 2781 1658 2803 morum
1675 2768 1892 2802 mutationem

313 2821 528 2855 introducere
543 2821 768 2854 uomina-illa.
865 2830 897 2861 5.
917 2821 934 2852 ὁ
951 2818 1116 2864 ψυχικὸς]
1133 2820 1171 2852 τὸ
1188 2819 1338 2862 ψυχικὸν
1355 2824 1444 2851 recte
1464 2817 1540 2862 Syr.
1593 2815 1717 2849 Statim
1735 2814 1891 2858 spirital-

317 2879 373 2901 vve
390 2867 471 2901 add.
491 2867 569 2912 Syr.
687 2866 720 2901 6.
747 2867 799 2900 καὶ
817 2865 934 2900 addidi
954 2872 1031 2909 post
1051 2866 1173 2909 Migne
1189 2865 1325 2898 favente
1344 2864 1421 2909 Syr.
1542 2873 1595 2907 13.
1621 2861 1734 2907 pergit
1752 2861 1804 2894 καὶ
1820 2858 1891 2903 μετ’

316 2913 415 2958 <myst
433 2913 669 2958 οὐκοῦν“ι’ίμφω
690 2912 787 2958 [315,
802 2912 852 2957 3.]
874 2912 950 2956 Syr.
1094 2912 1145 2945 18.
1172 2910 1485 2955 ἐπειδὴ-ψυχικὸν
1502 2913 1723 2953 assumptum
1741 2918 1782 2941 ex
1801 2906 1844 2941 A.
