1981 3282
110 148 297 173 INJURIAS

156 256 268 292 Vitae
300 256 507 292 infirmitati
539 261 688 292 nostrae
721 255 770 292 Se
797 256 864 290 im-

155 321 351 369 pertientis
367 334 433 369 per
446 321 718 357 Eucharistiazn
738 323 812 356 362
831 333 862 356 a.

563 385 703 423 Christi

155 451 286 486 mundi
307 456 418 499 typus
441 453 516 487 486
539 464 557 487 c
574 452 606 486 d.

101 389 122 405 “
145 386 247 434 Ignis
303 386 477 422 columna
493 386 514 398 '¹
751 386 864 421 Lucis

102 515 292 551 Illuminat
340 516 566 564 Unigenitus
615 516 688 551 Dei
736 515 861 555 Filius,

155 593 283 616 semen
297 581 533 629 radicemque
550 580 765 628 sapientiae,
781 585 863 615 tan-

156 658 268 693 quam
299 646 508 693 splendoris
537 645 600 681 Sui
629 645 783 681 nebulas
807 644 861 679 in-

157 723 284 746 serens
307 713 354 746 75
377 724 397 746 a
440 710 710 758 intelligentiae
730 709 864 745 illumi-

154 775 345 811 nationem
375 775 506 822 cuique
527 788 547 810 a
566 775 686 822 primo
716 774 864 810 essendi

155 840 261 875 initio
300 839 364 875 dat
401 841 449 875 76
480 840 504 875 b

155 904 356 940 illuminari
385 904 519 940 nolunt
548 909 738 940 creaturae
761 905 809 939 87
832 915 863 947 e,

560 839 744 874 illuminat
783 838 862 880 Ille,

157 969 205 1005 88
255 975 434 1016 tanquam
468 969 655 1004 illuminat
686 969 752 1010 sol,
788 981 862 1004 non

155 1033 385 1069 illuminatur
406 1046 536 1070 caecus
558 1035 620 1069 88.

102 1098 318 1146 Imaginum
347 1098 488 1134 formae
513 1098 679 1134 diversae
706 1103 866 1145 quatuor

155 1163 362 1210 ampliusve
385 1166 461 1200 230
483 1163 538 1199 ab
552 1175 583 1200 c.

101 1226 238 1275 Imago
259 1228 327 1263 Dei
350 1230 424 1263 821
450 1240 480 1270 e,
505 1230 580 1264 822
603 1240 666 1269 ae,
687 1227 735 1264 iii.
760 1230 862 1264 555-

156 1294 246 1333 557,
279 1294 368 1333 589,
402 1295 491 1333 590,
527 1294 615 1337 593,
649 1294 739 1336 594,
773 1295 863 1334 599,

157 1359 248 1399 604,
271 1359 347 1394 605
407 1370 500 1405 quae
524 1357 572 1393 iii.
597 1359 673 1394 605
727 1357 865 1393 amissa

154 1421 262 1457 nobis
305 1427 512 1458 restaurata
549 1435 571 1458 a
608 1422 760 1458 Christo
798 1435 865 1470 per

156 1484 338 1534 Spiritum
357 1486 406 1523 iii.
430 1489 520 1523 556.

102 1549 234 1598 Imago
256 1550 439 1588 Coelestis
460 1554 537 1589 995
559 1565 590 1589 c.

101 1614 321 1652 Immundas
347 1616 479 1652 domos
502 1630 577 1653 non
599 1630 680 1659 nos,
702 1618 862 1653 immun-

156 1680 222 1716 das
251 1681 392 1717 animas
422 1694 498 1717 non
526 1682 627 1718 Deus
656 1681 864 1719 inhabitare

155 1745 236 1781 vult
257 1748 332 1782 833
355 1746 378 1781 d
391 1759 421 1782 e.

102 1809 269 1857 Improbi
296 1816 426 1847 eontra
452 1811 572 1848 bonos
595 1825 742 1860 semper
766 1824 862 1860 pug-

155 1880 246 1910 nant
270 1878 342 1912 461
364 1888 394 1917 e,
418 1877 493 1912 462
511 1877 577 1913 ab.

103 1939 266 1987 Impuris
286 1952 362 1976 non
383 1940 493 1976 datur
511 1954 716 1990 agnoscere
737 1940 863 1978 Chris-

156 2009 236 2040 tum
257 2017 325 2040 nec
345 2006 623 2042 incredentibus
646 2008 722 2043 379
736 2006 759 2042 b
788 2019 864 2042 non

156 2069 300 2105 habitat
322 2069 494 2106 Christus
516 2073 593 2107 834
615 2083 634 2107 c
649 2071 684 2107 d.

104 2139 129 2154 “
151 2134 195 2170 In
211 2133 232 2146 ''
265 2134 463 2182 aliquando
496 2148 564 2183 pro

157 2199 181 2235 b
196 2211 227 2235 e.

106 2263 187 2299 “In
209 2263 296 2311 Ipso
316 2264 415 2300 enim
436 2264 594 2300 vivimus
615 2269 652 2300 et
672 2277 866 2300 movemur

158 2334 195 2364 et
215 2328 381 2364 sumus''
404 2331 492 2373 793,
516 2331 603 2365 794.

104 2393 317 2429 Incarnatio
335 2394 502 2429 z—Deus
525 2393 674 2429 Natura
696 2395 733 2429 in
755 2407 865 2430 carne

605 2141 627 2154 “
644 2147 710 2182 per
725 2135 746 2148 ’'
788 2138 864 2172 794

158 2463 195 2493 et
216 2470 298 2493 cum
316 2470 426 2494 earne
442 2458 607 2494 existens
623 2464 660 2494 et
675 2459 863 2500 adoratus,

159 2520 320 2558 Carnem
344 2522 486 2559 habens
507 2522 623 2558 Suam
644 2523 729 2571 Ipse
755 2536 865 2559 carne

158 2586 259 2622 aliud
298 2589 347 2623 95
382 2600 402 2623 e
453 2600 539 2623 caro
570 2601 591 2623 a
621 2587 751 2623 Verbo
789 2601 865 2624 non

160 2657 363 2698 separatur,
378 2652 502 2688 Verbo
518 2652 669 2688 uniente
687 2657 865 2700 tanquam

159 2715 350 2763 proprium
387 2716 425 2751 id
463 2717 562 2763 quod
599 2721 723 2764 gestat
762 2719 812 2753 96
834 2729 864 2761 a,

164 2781 237 2816 178
254 2792 274 2815 c
307 2792 455 2815 carnem
478 2779 592 2816 Suam
612 2781 649 2816 in
670 2781 865 2829 mysticam

160 2844 337 2880 unionem
360 2843 496 2880 Secum
526 2845 635 2881 affert
655 2847 705 2882 96
721 2858 742 2881 e
783 2850 866 2881 tan-

162 2921 271 2956 quam
318 2908 432 2944 homo
480 2914 516 2944 et
555 2909 644 2945 colit
689 2914 866 2957 tanquam

641 135 855 171 INDEX
915 134 1161 170 RERUM.

1619 137 1695 172 635

985 255 1088 291 Deus
1113 255 1248 291 colitur
1272 258 1357 298 185,
1384 257 1457 291 186
1505 256 1693 292 humilita-

985 325 1063 356 tem
1093 321 1199 356 nobis
1232 321 1341 356 docet
1366 323 1438 356 185
1461 333 1480 356 e
1528 321 1630 356 Deus
1658 326 1696 357 et

988 385 1116 420 Homo
1151 388 1226 421 3:13
1257 386 1293 428 b,
1326 387 1402 421 489
1434 398 1453 421 e
1505 398 1579 420 non
1615 386 1694 421 sine

986 450 1109 485 anima
1125 452 1201 485 486
1217 463 1237 485 a
1270 449 1570 486 incarnationem
1587 450 1696 485 Pater

987 515 1124 562 cupivit
1145 515 1192 551 iii.
1215 517 1303 553 481.

932 579 1205 615 Incarnationis
1225 580 1443 628 mysterium
1462 591 1537 614 non
1554 591 1695 626 cogno-

986 650 1120 680 verunt
1158 645 1291 680 ,Iudaei
1331 647 1407 680 214
1444 658 1464 679 a
1484 645 1520 688 b,
1562 647 1638 680 343
1672 643 1696 678 b

986 709 1077 745 Post
1094 709 1396 745 Incarnationem
1409 709 1531 744 JESUS
1547 708 1696 744 CHRIS-

987 786 1058 809 TUS
1080 775 1287 821 appellatus
1309 774 1423 809 Filius
1444 774 1495 809 iii.
1520 776 1608 809 503.

934 838 1146 874 Incarnatio
1194 838 1384 886 praedicta
1428 841 1503 874 342
1544 838 1568 872 d
1633 850 1699 884 per

987 903 1163 939 Sanctam
1180 903 1403 939 Trinitatem
1424 903 1555 939 effecta
1574 904 1649 939 366
1665 915 1698 945 e,

993 970 1069 1004 367
1093 981 1124 1004 a.

933 1032 1234 1069 Inearnationem
1265 1033 1325 1080 qui
1356 1037 1471 1080 negat
1497 1032 1633 1068 Filium
1662 1037 1700 1068 et

986 1097 1154 1145 increpat
1227 1097 1276 1134 iii.
1335 1100 1412 1134 519
1465 1098 1542 1139 fin„
1607 1100 1697 1140 522,

990 1165 1078 1199 531.

933 1225 1220 1263 Ineircumcisus
1241 1228 1321 1263 Deo
1343 1240 1480 1264 exosus
1502 1230 1578 1264 437
1601 1228 1624 1264 d
1660 1229 1701 1264 id

988 1296 1044 1327 est
1064 1291 1232 1339 impurus
1258 1294 1358 1329 1085
1382 1293 1414 1328 d.

933 1356 1176 1392 Ineredentes
1224 1362 1374 1404 oportet
1421 1357 1584 1405 culpare,
1623 1370 1699 1393 non

987 1426 1260 1468 praeceptores,
1301 1421 1366 1457 sed
1412 1422 1698 1469 perversitatem

988 1498 1095 1521 suam
1118 1488 1166 1522 62
1189 1498 1222 1523 e.

933 1549 1222 1586 Ineredentibus
1256 1551 1294 1585 in
1326 1549 1521 1587 Christum
1560 1552 1698 1600 suppli-

987 1614 1084 1650 cium
1106 1627 1220 1663 grave
1245 1617 1322 1651 510
1344 1628 1364 1651 a
1379 1616 1413 1651 b.

934 1679 1081 1715 Indocti
1114 1679 1157 1715 iis
1189 1693 1283 1727 quae
1315 1680 1446 1716 altiora
1479 1694 1593 1728 quam
1630 1681 1701 1729 ipsi

988 1743 1168 1780 resistunt
1212 1748 1288 1781 373
1328 1745 1351 1780 (1
1414 1746 1618 1793 comparati
1658 1746 1701 1782 iis

989 1809 1050 1856 qui
1071 1809 1201 1845 dentes
1223 1810 1429 1846 amiserunt
1452 1813 1527 1847 373
1550 1824 1578 1847 e.

934 1873 1062 1909 Infans
1093 1886 1218 1909 coram
1239 1875 1320 1910 Deo
1351 1880 1388 1911 et
1415 1876 1580 1923 optimus
1601 1876 1699 1924 quis-

988 1951 1057 1986 que
1079 1946 1117 1975 et
1136 1939 1324 1987 perfectus
1348 1942 1423 1976 746
1447 1940 1483 1982 d,
1507 1943 1581 1977 747
1603 1941 1640 1976 b.

934 2002 1109 2039 Infideles
1138 2016 1215 2039 non
1246 2004 1410 2040 fustibus
1441 2005 1614 2053 cogendi,
1636 2006 1702 2041 sed

985 2068 1180 2104 conversio
1212 2069 1446 2116 expectanda
1476 2068 1518 2105 M
1543 2072 1613 2106 101
1650 2072 1700 2118 [p.

990 2134 1096 2179 35η.

935 2197 1077 2232 Infirmi
1106 2197 1230 2232 cibum
1265 2198 1418 2240 bonum,
1450 2199 1538 2234 mali
1566 2199 1699 2235 Domi-

987 2274 1077 2297 num
1115 2262 1253 2297 bonum
1286 2275 1362 2298 non
1397 2263 1558 2311 diligunt
1596 2265 1695 2300 1021

988 2326 1055 2362 ab.

934 2390 1157 2427 Infirmitate
1178 2392 1331 2428 omnino
1360 2405 1485 2429 carere
1516 2406 1591 2429 non
1612 2406 1697 2441 pos-

990 2469 1119 2492 sumus
1140 2456 1189 2493 iii.
1212 2460 1301 2499 448,
1324 2460 1414 2497 596,
1437 2460 1525 2495 597.

935 2523 956 2539 “
973 2520 1214 2568 Iniquitatem
1236 2527 1384 2569 patrum
1407 2523 1491 2558 filiis
1511 2522 1666 2558 reddere
1680 2521 1700 2535 '⁹

990 2586 1077 2634 quid
1099 2589 1295 2623 590—596.

934 2650 1095 2699 Injurias
1119 2656 1156 2687 et
1182 2651 1312 2696 ἀτιμίας
1335 2651 1393 2686 vel
1422 2651 1593 2686 minimas
1622 2662 1699 2686 non

989 2728 1104 2763 aeque
1121 2715 1216 2751 ferre
1230 2723 1286 2752 est
1300 2715 1413 2751 animi
1426 2715 1573 2763 superbi
1589 2716 1664 2750 899
1678 2727 1698 2750 e

989 2780 1051 2828 qui
1069 2781 1242 2816 lubenter
1261 2780 1456 2828 accipiunt,
1477 2780 1500 2815 ii
1520 2779 1698 2815 auditori-

988 2845 1057 2881 bus
1098 2845 1173 2880 suis
1212 2845 1286 2881 Dei
1326 2844 1574 2880 donationum
1612 2857 1698 2880 auc-

989 2914 1089 2946 tores
1111 2912 1188 2946 900
1210 2909 1243 2944 d.

843 2983 968 3022 4M²
