2012 3272
93 147 367 188 xv.1‚3sqq.
431 131 500 172 IN
531 131 615 172 ΕΡ.
651 131 685 171 I.
724 130 806 171 AD
845 130 1232 172 CORINTHIOS.
1287 130 1400 172 ΜΒ.
1425 131 1477 172 v.
1598 134 1680 174 297

1715 199 1886 241 [70M-]

485 420 758 468 ΤΟΜΟΣ
811 421 851 468 Ε
904 419 1161 468 ΛΟΓΟΣ
1215 421 1275 467 Δ.

96 604 286 663 Γνωρίςω
325 605 370 647 δὲ
409 603 502 655 ὑμῖν
540 605 726 662 ἀδελφοὶ
763 606 811 647 τὸ
850 605 1096 653 εὐαΓΓὲλιον
1134 606 1156 648 ὃ
1196 605 1534 655 εὐΗΓΓελιοάμΗν
1573 603 1679 653 ὑμῖν.
1703 608 1801 658 Κεφ.
1826 604 1884 646 ιε’,

164 735 276 787 Ἐπὶ
317 741 477 802 καιροῦ
517 735 573 800 δὴ
612 737 723 787 λίαν
753 737 828 787 καὶ
866 740 1037 804 σοφῶς
1070 739 1333 802 εὐαγγέλιον
1367 737 1601 787 ἀποκαλεῖ
1627 734 1681 786 τὸ

91 820 196 884 περὶ
238 821 320 883 τῆς
364 823 458 870 τῶν
498 822 673 885 νεκρῶν
712 817 1023 872 ἀναστάσεως
1062 816 1294 883 κήρυγμα,
1332 819 1408 868 καὶ
1450 818 1592 868 αὐτοῦ
1635 818 1682 868 δὲ

50 920 71 957 5
91 899 279 955 πάντως
303 924 396 952 που
421 905 654 967 Χριστοῦ·
698 902 773 952 καὶ
799 901 893 967 γοῖρ
921 901 1052 951 ἐστιν
1079 901 1270 964 ἀληθῶς
1297 901 1479 965 ἀγαθοῦ
1505 899 1683 954 παντὸς

93 982 364 1049 ἀπαγγελία
414 987 508 1036 τοῖς
562 981 648 1046 τὴν
696 983 863 1034 πίστιν
913 982 1297 1047 εἷσδεδεγμένοις·
1363 983 1412 1032 ἐν
1456 982 1582 1051 αὐτῷ
1633 982 1690 1033 δέ

92 1068 243 1132 φησιν
282 1064 449 1118 αὐτοὺς
487 1063 681 1115 ἑστάναι
720 1087 769 1115 τε
811 1066 886 1115 καὶ
928 1064 1179 1131 σώζεσθαι.
1236 1069 1319 1114 τοῦ
1359 1064 1444 1128 μὲν
1485 1062 1682 1115 ἑστάναι

91 1147 528 1211 κατασημαίνοντος
572 1146 626 1198 τὸ
667 1148 716 1198 ἐν
756 1145 1016 1212 ἑδραιότητι
1059 1148 1142 1210 τῆς
1187 1147 1378 1199 ἐλπίδος
1419 1147 1495 1196 καὶ
1537 1144 1591 1196 τὸ
1633 1148 1681 1196 ἐν

93 1233 226 1297 καλῷ
264 1232 347 1292 τῆς
385 1228 527 1298 δόξης
566 1228 787 1294 γενέσθαι
826 1228 933 1283 τοὺς
974 1226 1364 1282 πεπιστευκότας·
1421 1233 1504 1279 τοῦ
1540 1228 1594 1278 δέ
1626 1251 1680 1293 γε

25 1332 74 1358 10
92 1310 346 1377 σώζεσθαι,
373 1310 427 1361 τὸ
457 1314 532 1362 καὶ
565 1312 705 1374 αὐτῆς
734 1309 1063 1377 ἀναπεφάνθαι
1090 1312 1171 1372 τῆς
1198 1310 1427 1376 ἁμαρτίας
1454 1309 1681 1373 ἀμείνους,

92 1395 166 1443 καὶ
193 1397 288 1444 τῶν
314 1399 396 1444 τοῦ
423 1393 627 1444 θανάτου
647 1391 839 1461 βρόχων
865 1392 1074 1444 ἐπέκεινα
1099 1395 1307 1458 δραμεῖν.

248 1564 491 1621 Παρέὃωκα
529 1566 607 1621 Γὰρ
646 1562 740 1613 ὑμῖν
776 1566 822 1607 ἐν
860 1563 1050 1621 Πρώτοιε
1086 1564 1109 1608 ὃ
1150 1565 1219 1605 καὶ
1256 1565 1515 1621 Παρέλοιβον.
1700 1581 1825 1618 gsqq.

168 1678 555 1744 Παραδεδωκέναι
594 1680 746 1746 φησὶν
773 1679 928 1731 αὐτοῖς
968 1679 1021 1728 οὐ
1051 1676 1105 1729 τὸ
1138 1681 1200 1731 εἷς
1240 1682 1348 1728 νοῦν
1372 1677 1486 1742 ἧκον
1514 1677 1680 1731 ἁπλῶς

93 1761 168 1810 καὶ
218 1761 558 1820 ἀβασανίστως
609 1760 972 1825 εἷσδεδεγμένον,
1009 1760 1119 1810 ἀλλ’
1168 1760 1434 1826 εὐαγγέλιον
1475 1760 1494 1810 ὂ
1539 1759 1676 1830 παρέ-

28 1860 74 1899 15
94 1843 261 1905 λαβεν,
286 1842 478 1895 ε’νιέντος
517 1843 643 1912 αὐτῷ
677 1841 762 1906 τὴν
796 1846 977 1908 γνῶσιν
1013 1847 1096 1892 τοῦ
1136 1842 1191 1891 δι’
1221 1841 1341 1905 ἡμᾶς
1380 1842 1680 1907 ἐνηνθρωπη-

93 1922 244 1978 κότος·
295 1924 385 1993 ἔφη
424 1922 516 1991 γὰρ
549 1925 698 1976 πάλιν
725 1925 749 1974 ὁ
784 1924 922 1978 αὐτὸς
961 1923 1038 1975 διὰ
1072 1929 1155 1974 τοῦ
1194 1924 1472 1990 εὐαγγελίου
1509 1929 1535 1952 “
1556 1922 1681 1974 Οὐδὲ
1700 1938 1773 1969 Gal.
1790 1937 1877 1969 i-12,

93 2012 123 2035 ‘⁶
150 2005 242 2072 γὰρ
266 2004 359 2072 ἐγὼ
388 2005 517 2072 παρὰ
543 2006 795 2072 ἀνθρώπου
825 2006 1104 2072 παρέλαβον
1130 2005 1260 2064 αὐτὸ,
1289 2005 1392 2056 οὐδὲ
1420 2003 1681 2072 ἐδιδάχθην,

96 2094 122 2116 “
148 2087 279 2139 ἀλλὰ
317 2089 371 2139 δι’
401 2087 751 2157 ἀποκαλύψεως
783 2088 947 2152 Ἰησοῦ
983 2088 1244 2154 Χριστοῦ.”
1291 2078 1418 2153 ε’ίπερ
1458 2088 1538 2137 οὖν
1579 2088 1681 2136 ἐστι

96 2170 389 2224 θεοδίδακτος
435 2172 460 2221 ὁ
506 2169 804 2236 παραδιδοὺς,
847 2174 948 2223 πῶς
1000 2171 1083 2220 οὐκ
1128 2168 1297 2233 ἀληθὲς
1342 2168 1396 2219 τὸ
1441 2169 1495 2219 δι’
1539 2169 1681 2218 αὐτοῦ

27 2277 77 2303 20
98 2252 473 2318 κηρυσσόμενον,
502 2253 563 2303 ’ότι
592 2250 773 2320 Χριστός
806 2250 1016 2303 ἀπέθανεν
1052 2250 1156 2319 ὑπὲρ
1192 2250 1271 2301 τῶν
1306 2249 1531 2318 αμαρτιῶν
1566 2249 1681 2316 ἡμῶν

98 2337 221 2386 aar&
246 2333 331 2389 τᾶς
362 2332 574 2405 γραφέις,
605 2332 825 2398 δηλονότι
858 2336 941 2397 τῆς
966 2356 1015 2384 τε
1041 2336 1248 2386 παλαιᾶς
1275 2333 1350 2382 καὶ
1378 2331 1514 2391 νέαςς
1553 2337 1676 2381 πολ-

147 2521 176 2544 1.
206 2509 259 2543 Ita
275 2509 369 2544 edidi
386 2522 428 2543 ex
448 2509 483 2543 H
503 2510 565 2555 qui
581 2524 683 2553 τομος
698 2511 803 2555 λογος
821 2510 840 2544 δ
857 2509 1008 2544 exhibet.
1183 2519 1216 2553 3.
1242 2507 1434 2541 Abbteviat
1454 2507 1502 2541 H
1521 2506 1680 2549 εὐκιιί)ως

97 2556 292 2615 ευαγγέλιον
309 2558 404 2590 καλεῖ
430 2557 468 2590 τὸ
490 2557 568 2601 περὶ
585 2559 644 2601 τῆς
661 2560 726 2591 τῶν
744 2559 869 2601 νεκρῶν
893 2556 1112 2591 ἀναστάσεως
1137 2554 1289 2600 κήρυγμα
1315 2555 1367 2588 καὶ
1393 2554 1495 2588 αὐτοῦ
1521 2555 1580 2588 τοῦ
1598 2558 1679 2597 Χρι-

99 2605 183 2636 στοῦ
208 2602 291 2648 ὅπερ
309 2603 386 2638 ἐστὶ
410 2604 533 2638 παντὸς
558 2603 687 2648 αγαθοῦ
711 2604 875 2661 πρόξενος
899 2604 1045 2638 πιστοῖς·
1081 2603 1220 2636 ἑστάναι
1238 2601 1274 2635 δὲ
1295 2600 1414 2636 αὐτοὺς
1431 2600 1466 2633 ἐν
1482 2601 1570 2644 αυτῷ
1590 2600 1679 2644 φησι

97 2650 136 2683 τὸ
153 2649 189 2683 ἐν
205 2650 394 2694 ἐδραιότητι
411 2651 469 2693 τῆς
487 2650 625 2685 ἐλπίδος
643 2651 825 2694 σημαίνων·
855 2649 1027 2692 σώζεσθαι
1045 2649 1080 2682 δε
1097 2650 1136 2683 τὸ
1152 2649 1307 2690 ἀμείνους
1323 2647 1482 2699 γενέσθαι
1500 2647 1553 2680 καὶ
1571 2647 1680 2679 αυτῶν

96 2698 162 2729 τῶν
178 2698 238 2729 τοῦ
263 2696 407 2730 θανάτου
431 2698 581 2740 βρόχων·
616 2695 886 2752 παραδεδωκεναι
904 2696 1015 2730 τοίνυν
1032 2696 1141 2740 φησὶν
1158 2695 1197 2729 οὐ
1222 2696 1260 2729 τὸ
1287 2694 1333 2729 εἷς
1357 2696 1434 2728 νοῦν
1458 2698 1538 2737 ῆκον
1562 2692 1680 2726 ἁπλῶς

98 2742 151 2774 καὶ
175 2741 416 2781 ἀβασανίστως
440 2743 624 2786 ἐνθυμηθέν
648 2743 726 2777 ἀλλ’
753 2741 951 2788 εὐαγγέλιον
976 2741 993 2775 ὃ
1018 2741 1097 2786 παρ’
1117 2742 1219 2776 αὐτοῦ
1244 2739 1419 2785 παρέλαβε
1445 2742 1502 2774 τοῦ
1527 2741 1679 2783 Χριστοῦ

97 2790 156 2821 τοῦ
174 2788 213 2822 δι’
232 2788 316 2832 ἡμᾶς
342 2789 644 2834 ἐνηνθρωπηκότος.
694 2789 832 2823 Deinde
857 2794 1034 2833 postrema
1051 2788 1151 2845 quasi
1176 2795 1336 2832 repetens
1362 2786 1519 2819 scholion
1546 2796 1678 2818 novum

98 2834 236 2868 exhibet
260 2835 530 2878 παραδεδωκέναι
555 2837 666 2881 φησιν
690 2851 729 2870 ου
753 2837 791 2869 τὸ
817 2836 863 2870 εἷς
889 2838 966 2869 νοῦν
987 2840 1067 2879 ἡκον
1089 2834 1205 2869 ἁπλῶς
1229 2833 1306 2867 ἀλλ’
1326 2832 1550 2878 ευαγγὲλιον
1541 2830 1558 2863 ὁ
1575 2829 1678 2873 παρέ-

97 2881 236 2921 λαβεν’
219 2881 361 2917 ενιέντος
379 2882 467 2927 αὐτῷ
487 2882 546 2925 τὴν
565 2886 693 2927 γνῶσιν
709 2885 769 2917 τοῦ
787 2881 829 2916 δι’
848 2882 932 2925 ἡμᾶς
949 2881 1253 2926 ἐιηνθρωπηκότος.
1283 2880 1330 2913 II.
1526 2888 1576 2920 13
1604 2877 1643 2918 {p
1650 2878 1679 2909 ἶν

97 2937 160 2970 pro
177 2928 287 2962 αὐτοῖς
304 2931 347 2962 A.

153 2993 243 3021 VOL.
267 2995 333 3023 ΠΙ.
855 2994 882 3032 Q
904 2997 931 3035 q
