2012 3272
121 156 189 182 xx.
210 154 274 190 22,
292 155 356 197 23.
429 141 503 181 IN
541 141 584 182 S.
615 140 950 181 JOANNEM.
1004 141 1130 181 LIB.
1154 141 1259 181 XII.
1312 141 1447 182 CAP.
1472 142 1507 182 I.
1627 142 1709 181 139

122 250 282 314 λόγος,
324 250 382 319 ἐξ
421 251 575 301 αὐτῶν
619 273 677 300 σε
722 255 816 301 τῶν
862 254 995 316 ἱερῶν
1039 248 1333 316 γραμμάτων
1376 249 1750 311 πιστώσομαι,ο

121 335 347 398 παραθεὶς
382 336 445 386 εἰς
479 333 718 401 ἀπόδειξιν
749 332 807 383 τὰ
846 338 941 386 τοῖς
976 337 1284 386 Μωυσαϊκοῖς
1319 332 1557 397 ἐγκείμενα
1591 336 1706 392 βιβ-

123 415 257 468 λίοις.
312 415 479 465 οὐκοῦν
505 415 688 466 ἐκέλευέ
720 437 834 466 ποτε
872 418 936 483 τῷ
971 413 1213 483 πανσόφῳ
1243 418 1436 481 Μωυσῇ
1474 414 1646 479 Κύριος
1686 415 1710 463 ὁ

125 495 246 548 Θεὸς
273 496 446 562 ἄνδρας
470 497 821 563 πρεσβυτερους
852 499 898 547 ἐκ
932 499 1014 559 τῆς
1040 501 1134 547 τῶν
1160 496 1400 546 Ἰουδαίων
1425 498 1712 561 συναγωγῆς

80 594 102 633 5
124 578 436 647 ἐπιλέξασθαι
494 579 576 629 τὸν
635 578 834 644 ἀριθμὸν
889 578 1228 642 ἑβδομήκοντα,
1280 575 1606 644 ε’πηγγὲλλετό
1663 602 1711 629 τε

124 664 297 727 σαφῶς
340 659 409 711 ὅτι
450 663 665 729 ιζοἰφελῶ
710 660 803 712 ἀπὸ
845 667 928 712 τοῦ
969 660 1233 724 πνεύματος
1277 665 1360 711 τοῦ
1400 662 1473 711 ἐπὶ
1515 661 1595 711 σοὶ
1636 661 1711 710 καὶ
1774 668 1936 700 Numxi.

124 749 152 772 ‘⁶
178 742 390 807 ἐπιθήσω
429 745 631 797 αὑτοῖς.”
672 749 747 794 καὶ
787 743 843 807 δὴ
882 743 1197 806 συνεκόμισεν
1228 744 1252 794 ὁ
1288 745 1506 806 Μωυσῆς
1544 744 1618 792 καὶ
1657 741 1711 793 τὸ

125 829 249 875 θεῖον
287 825 495 892 ἐπλήρου
535 826 799 889 θέσπισμα.
870 826 953 876 δύο
988 825 1136 891 γεμὴν
1174 827 1540 892 ἀπελείφθησαν
1579 823 1713 888 μόνοι

124 911 219 958 τῶν
265 909 611 973 ἐντεταγμένων
651 912 718 978 τῷ
762 911 945 978 ἀριθμῷ
990 912 1085 957 τῶν
1130 906 1456 971 ἑβδομήκοντα
1499 912 1714 972 πρεσβυ-

56 1012 104 1036 10
125 988 282 1056 τέρων,
310 992 384 1040 καὶ
424 990 675 1054 ἀπέμειναν
711 992 758 1041 ἐν
792 993 850 1059 τῇ
890 994 1152 1058 συναγωγῇ
1176 989 1360 1041 Ἐλδάδ
1398 991 1473 1040 καὶ
1508 987 1709 1040 Μωδοῖδ.
1732 1004 1758 1044 d

125 1069 224 1121 εἶτα
258 1071 312 1122 τὸ
349 1076 472 1124 θεῖον
499 1072 680 1124 ἅπασιν
706 1075 941 1127 ἐπιθέντος
976 1079 1160 1136 πνεῦμα
1195 1078 1278 1123 τοῦ
1313 1076 1439 1123 Θεοῦ
1475 1070 1594 1123 κατὰ
1628 1070 1714 1135 τὴν

125 1152 214 1218 ἤδη
254 1158 475 1205 δοθεῖσαν
511 1153 791 1223 ὑπόσχεσιν,
818 1154 1140 1224 προεφήτευον
1172 1153 1257 1218 μὲν
1288 1157 1580 1222 παραχρῆμα
1618 1160 1711 1203 λα-

125 1236 289 1296 βόντες
321 1236 406 1300 τὴν
432 1235 582 1304 χάριν,
610 1242 652 1288 οἱ
686 1237 1039 1305 συνενεχθέντες
1076 1237 1150 1288 διὰ
1179 1236 1442 1290 Μωυσέως·
1496 1234 1712 1303 προεφή-

127 1341 260 1369 τευον
289 1317 337 1369 δὲ
374 1319 506 1370 οὐδὲν
531 1319 674 1384 ἧττον
704 1321 778 1370 καὶ
819 1323 860 1370 οἱ
895 1320 977 1371 δύο
1012 1318 1161 1371 πάλιν
1188 1323 1229 1370 οἱ
1264 1321 1312 1369 ἐν
1339 1323 1397 1386 τῇ
1433 1321 1711 1385 συναγωγῇ,

59 1418 106 1457 15
129 1400 407 1467 φθανούσης
448 1403 523 1452 καὶ
562 1403 629 1452 ἐπ’
672 1401 838 1456 αὐτοῦς
876 1404 958 1466 τῆς
998 1401 1176 1452 ἄνωθεν
1214 1400 1420 1469 χάριτος.
1486 1402 1562 1451 καὶ
1601 1406 1717 1464 γοῦν

127 1484 315 1548 Ἰησοῦς
350 1485 374 1534 ὁ
410 1483 699 1546 καλούμενος
733 1490 815 1535 τοῦ
852 1487 1004 1548 Ναυῆ,
1034 1486 1227 1551 Μωυσῇ
1263 1481 1594 1549 προσεδρεύων
1628 1484 1713 1543 ἀεὶ,

128 1568 204 1616 καὶ
242 1564 327 1629 τὴν
358 1572 441 1617 τοῦ
479 1567 742 1632 μυστηρίου
776 1565 972 1630 δύναμιν
1003 1565 1247 1631 ἀγνοήσας
1284 1567 1590 1631 παραχρῆμα,
1621 1568 1757 1628 oin-e

129 1650 218 1701 θεὶς
259 1647 307 1699 δὲ
346 1648 416 1699 ὅτι
456 1648 575 1699 κατὰ
613 1648 815 1712 μίμησιν
843 1647 1013 1698 Δαθάν
1042 1671 1092 1699 τε
1127 1649 1201 1698 καὶ
1228 1646 1461 1712 Ἀβειρὼν
1488 1648 1714 1711 ἀντιπρο-

128 1729 387 1798 φητεύουσι
426 1733 501 1782 καὶ
540 1732 666 1782 οὗτοι
705 1735 799 1784 τοῖς
844 1735 1168 1798 συνενεχθεῖσι
1208 1728 1284 1780 διὰ
1324 1728 1585 1790 Μωυσέως,
1625 1728 1717 1797 ε”φη

58 1840 109 1866 20
127 1811 246 1878 πρὸς
271 1813 413 1864 αὐτόν
440 1821 466 1843 “
484 1812 668 1865 Ἐλδὰδ
693 1815 768 1863 καὶ
799 1812 984 1863 Μωδάδ
1010 1810 1396 1881 προφητεύουσιν
1423 1813 1471 1861 ἐν
1498 1814 1556 1877 τῇ
1588 1834 1711 1875 παρ·
1778 1832 1830 1863 Ib.
1848 1840 1900 1872 ²7·

130 1902 156 1924 ‘⁶
182 1899 381 1964 εμβολῇ,
408 1896 540 1962 κύριέ
558 1919 650 1960 μου
679 1898 870 1959 Μωυσῆ
908 1895 1130 1946 κώλυσον
1155 1895 1368 1948 αὐτούς.”
1411 1896 1485 1944 καὶ
1521 1893 1570 1943 τί
1599 1891 1719 1959 πρὸς
1780 1920 1829 1951 lb.
1849 1921 1898 1951 28.

127 1977 277 2028 ταῦτά
302 1982 456 2046 φησιν
482 1980 506 2029 ὁ
533 1977 690 2047 σοφὸς
717 1977 862 2031 ὅντως
889 1979 1055 2031 ἐκεῖνος
1087 1979 1163 2027 καὶ
1197 1975 1363 2041 μέγας,
1393 1979 1476 2038 τῆς
1502 1977 1720 2039 δοθείσης

128 2059 283 2114 αὐτοῖς
326 2059 516 2128 χάριτος
561 2061 646 2125 τὴν
685 2059 916 2126 ἐνέργειαν
951 2062 1027 2110 καὶ
1062 2059 1147 2123 τὴν
1185 2065 1268 2109 τοῦ
1310 2057 1585 2122 Πνεύματος
1633 2058 1715 2108 δυ’-

84 2164 267 2282 5ναμιν
300 2142 541 2207 ἐννοήσας,
568 2145 630 2196 ὡς
669 2140 826 2209 σοφός
858 2149 886 2170 “
910 2142 995 2205 Μὴ
1036 2141 1192 2207 ζηλοῖς
1232 2139 1297 2191 σὺ
1338 2141 1470 2202 ἐμοί,
1519 2140 1587 2193 τίς
1625 2138 1719 2205 γὰρ
1780 2161 1830 2192 lb.
1848 2171 1898 2202 29.

130 2226 284 2290 “δοιη
330 2229 397 2276 τῶ
449 2227 552 2294 λαῷ
608 2225 785 2289 Κυρίου
833 2223 1104 2321 προφήτας,
1154 2222 1268 2273 ὅταν
1318 2225 1383 2272 δῶ
1439 2221 1612 2287 Κυριος
1664 2220 1752 2271 τὸ>

130 2313 157 2335 “
186 2311 381 2369 Πνεῦμα
427 2309 568 2358 αὐτοῦ
612 2308 681 2357 ἐπ’
725 2328 928 2359 αυτους
920 2347 930 2367 ,
1019 2307 1130 2374 ὁρᾷς
1177 2304 1302 2357 ὅπως
1347 2303 1720 2365 ἐπιλαμβανεται

130 2394 224 2440 τῶν
246 2389 408 2453 Ιησου
439 2388 661 2456 ῥηματων
687 2389 769 2439 οὐκ
801 2387 975 2441 εἰδότος
1010 2410 1064 2437 το
1098 2386 1466 2448 τετελεσμε·νον
1457 2428 1467 2446 ,
1509 2386 1600 2437 είθε
1627 2385 1875 2451 γαρει1101
1892 2398 1946 2432 A.

130 2471 234 2533 εἴθε,
275 2475 440 2540 φησὶν,
480 2472 617 2535 ἐδόθη
656 2470 711 2521 τὸ
755 2474 949 2532 Πνεῦμα
986 2473 1129 2520 παντὶ
1167 2473 1233 2538 τῷ
1273 2473 1394 2537 λαῷ,
1436 2468 1547 2518 ἀλλ’
1585 2467 1721 2518 ἔσται

129 2558 268 2604 τοῦτο
294 2553 413 2604 κατὰ
443 2552 643 2618 καιροὺς,
671 2552 785 2603 ὅταν
811 2553 965 2605 αὐτοῖς
1002 2553 1026 2601 ὁ
1061 2550 1254 2603 πάντων
1281 2548 1551 2614 Δεσπότης,
1579 2572 1715 2600 τουτ-

50 2653 110 2689 ι30
129 2637 233 2687 ἔστι
267 2634 499 2702 Χριστὸς,
531 2634 585 2685 τὸ
623 2635 739 2685 ’ίδιον
778 2635 932 2687 αὐτοῖς
971 2634 1224 2702 χαρίσηται
1266 2637 1476 2694 Πνεῦμα,
1509 2631 1719 2697 καθάπερ

129 2720 177 2768 ἐν
212 2720 405 2785 ἀπαρχῇ
443 2722 537 2768 τῶν
576 2716 866 2784 ὀφειλόντων
906 2720 1072 2777 λαβεῖν
1108 2720 1204 2769 τοῖς
1243 2715 1391 2780 ἁγίοις
1430 2714 1720 2766 ἀποστόλοις

181 2914 214 2947 5.
239 2920 276 2939 τε
293 2917 362 2940 orn.
382 2918 416 2950 p.
526 2916 578 2939 10.
606 2905 690 2938 ε’λδὰ
709 2905 751 2938 E.
823 2903 931 2947 μοδάδ
950 2915 983 2948 p.
1098 2916 1109 2937 1
1122 2915 1151 2937 1.
1178 2902 1371 2937 ἐπιθέοντος
1388 2914 1423 2946 p.
1541 2912 1592 2942 19.
1619 2905 1721 2933 Μωυ-

136 2952 214 2987 σέος
234 2953 311 2997 E.p.
456 2963 511 2985 20.
538 2952 645 2994 μοδὰδ
665 2964 697 2996 p.
717 2951 848 2996 Μωὸαμ
866 2951 961 2985 Aul).
1106 2961 1161 2995 29.
1187 2952 1287 2984 τοῦτο
1306 2953 1528 2992 assumptum
1547 2959 1588 2981 ex
1609 2946 1686 2991 E.p.

896 3018 964 3046 T2
