2001 3257
305 108 387 148 166
679 107 729 148 Β.
763 108 1039 148 CYRILLI
1081 108 1468 150 ALEXANDR.
1635 110 1719 150 xxi.
1746 111 1805 160 18,
1829 124 1891 165 19.

1500 225 1510 246 ί

76 222 245 258 1120A.
265 215 430 281 ἢεῖπερ
462 218 652 279 ἀληθῶς
688 220 749 270 εἷς
777 216 993 282 Χριστὸν
1032 217 1386 282 ἁμαρτάνουσιν
1425 220 1466 267 οἱ
1515 226 1525 245 ⁴
1547 216 1893 283 ἁμαρτάνοντες

78 273 210 347 ἔιὶῖοἷκ.
304 305 331 328 “
355 303 416 352 εἷς
454 297 562 353 τοὺς
601 298 836 367 ἀδελφοὺς
875 301 948 349 καὶ
990 299 1241 352 τύπτοντες
1281 300 1433 349 αὐτῶν
1469 302 1770 351 ἀσθενοῦσαν
1807 299 1893 364 τὴν

303 388 329 409 “
356 382 670 446 συνείδησιν,”
698 386 799 434 πῶς
825 381 909 431 οὐκ
936 380 1108 444 ἀληθὲς
1134 385 1276 431 εἰπεῖν
1298 380 1368 431 ὅτι
1395 404 1483 446 περ
1510 385 1573 435 εἰς
1599 381 1740 432 αὐτὸν
1761 383 1892 432 εὐσε-

302 468 446 523 βοῦσι
485 463 568 514 τὸν
605 462 781 529 Κύριον
821 466 863 513 οἱ
901 467 996 513 τῶν
1035 462 1123 526 ἤδη
1162 462 1545 514 πεπιστευκότων
1585 466 1658 514 καὶ
1697 468 1791 514 τῶν
1830 468 1892 518 εἷς

300 550 438 595 τοῦτο
479 549 728 595 καλεῖσθαι
765 544 1175 610 προσδοκωμένων
1208 551 1605 611 χειραγωγοῦντες
1639 544 1722 596 τὸν
1761 552 1887 609 νοῦν,
1912 572 1934 610 5

300 628 374 678 καὶ
415 626 490 678 διὰ
527 627 689 690 πάσης
724 627 879 680 αὐτοῖς·
919 627 1151 696 ὠφελείας
1187 627 1240 677 τὸ
1265 626 1461 687 βεβαιου
1488 628 1536 677 ἐν
1561 628 1721 678 πίστει
1759 651 1889 694 περι-

299 714 448 760 ποιεῖν
479 709 853 776 σπουδάζοντεςς
898 710 1065 759 οὐκοῦν
1092 709 1166 759 διὰ
1205 708 1289 772 μὲν
1317 712 1397 772 τῆς
1433 713 1495 763 εἷς
1525 710 1682 774 τρίτον
1710 711 1887 772 ὁμολο-

299 793 404 858 γίας
442 797 525 843 τοῦ
564 793 795 857 μακαρίου
824 792 1010 857 Πέτρου
1050 791 1104 841 τὸ
1136 794 1183 842 ἐν
1209 793 1396 859 τριπλῷ
1433 791 1628 857 γεγονὸς
1655 798 1715 846 εἰς
1742 793 1893 859 ἀπάρ-

301 898 439 939 νησιν
466 874 740 940 κατηργήθη
767 871 1117 938 πλημμέλημα·
1162 873 1237 924 διὰ
1265 873 1311 924 δὲ
1328 879 1411 924 τοῦ
1440 873 1586 943 φάναι
1614 875 1696 925 τὸν
1716 875 1893 942 Κύριον

301 959 444 1009 Βόσκε
482 956 542 1008 rgo
580 959 705 1026 ἀρνία
744 980 840 1025 μου,
868 955 1126 1010 ἀνανέωσις
1158 957 1325 1022 ὥσπερ
1351 979 1418 1009 τις
1452 959 1533 1020 τῆς
1560 957 1648 1021 ἤδη
1676 959 1892 1022 δοθείσης
1919 983 1964 1007 ιο

299 1041 578 1103 ἀποστολῆς
617 1040 744 1108 αὐτῷ
786 1039 1006 1104 γενέσθαι
1044 1043 1225 1101 νοεῖται,
1254 1036 1336 1088 τὸν
1362 1038 1542 1107 μεταξὺ
1581 1039 1766 1090 λύουσα
1798 1044 1893 1090 τῶν

254 1133 281 1174 b
299 1122 612 1184 πταισμοίτων
633 1120 914 1184 ὀνειδισμὸν,
936 1122 1011 1171 καὶ
1039 1120 1124 1185 τὴν
1148 1123 1196 1171 ἐκ
1217 1123 1299 1184 τῆς
1327 1122 1622 1187 ἀνθρωπίνης
1649 1122 1892 1176 ἀσθενείας

297 1204 623 1272 μικροψυχίαν
650 1202 1019 1272 ἐξαφανίζουσα.

233 1387 431 1437 ιὸἈμι-ὶν
469 1389 583 1437 ἀμὴν
622 1390 736 1436 λέγω
774 1404 853 1441 σοι,
892 1389 963 1432 ὅτε
1010 1386 1059 1447 »ᾗς
1098 1387 1326 1445 νεώτερος,
1365 1386 1569 1445 ἐζώννυες
1607 1388 1787 1432 σεαυτὸν
1824 1389 1892 1430 καὶ

369 1477 646 1534 περιεπάτεις
693 1480 803 1521 ὅπου
854 1478 1020 1519 ἤθελες·
1088 1479 1191 1519 ὅταν
1236 1477 1282 1519 δὲ
1333 1478 1536 1535 ΓΗράῡῌς,
1578 1476 1767 1520 ἐκτενεῖς
1815 1478 1892 1520 τὰς
1915 1489 1962 1528 15

370 1564 514 1625 χεῖράς
562 1583 650 1619 σου,
701 1569 771 1609 καί
819 1568 946 1609 ἄλλοι
989 1565 1168 1624 <monol
1212 1582 1258 1609 σε
1303 1566 1372 1607 καὶ
1414 1566 1642 1609 &nomenoi
1687 1583 1732 1610 σε
1780 1569 1891 1611 ὅπου

238 1668 285 1705 ¹9
371 1657 420 1696 οὺ
448 1656 598 1697 θέλεις·
649 1658 772 1698 τοῦτο
810 1655 857 1697 δὲ
895 1651 989 1696 εἶπε
1023 1654 1244 1704 σΗμαίνων
1276 1654 1389 1709 ποίῳ
1416 1656 1590 1709 θανάτῳ
1618 1655 1791 1699 δοξάσει
1818 1655 1891 1698 τὸν

371 1744 494 1787 Θεόν.
544 1744 612 1786 καὶ
648 1749 775 1787 τοῦτο
813 1743 948 1786 εἰπὼν
987 1746 1101 1793 λετ-ει
1139 1745 1256 1799 αὐτῷ
1287 1744 1541 1786 Ἀκολούθει
1578 1760 1663 1794 μοι.

264 1894 288 1923 c
379 1876 649 1943 Χαριέντως
690 1876 746 1941 δὴ
785 1875 981 1945 σφόδρα
1022 1877 1097 1927 καὶ
1130 1877 1239 1937 λίαν
1274 1876 1471 1929 ἀστείως
1498 1877 1522 1926 ὁ
1553 1875 1726 1942 Κύριος
1760 1876 1893 1940 ἡμῶν

302 1956 491 2022 Ἰησοῦς
524 1960 549 2009 ὁ
576 1959 790 2025 Χριστὸς
828 1963 895 2028 τῷ
934 1959 1082 2028 οἰκείῳ
1121 1958 1446 2024 μεμαρτύρηκε
1484 1963 1672 2026 μαθητῇ
1710 1961 1791 2022 τῆς
1830 1962 1892 2012 εἷς
1914 1983 1964 2008 20

302 2040 444 2092 αὐτὸν
467 2041 654 2107 ἀγάπης
692 2041 746 2092 τὸ
785 2042 1001 2107 γνήσιον,
1028 2043 1103 2092 καὶ
1136 2044 1219 2104 τῆς
1243 2045 1305 2094 εἷς
1344 2040 1488 2106 ἄκρον
1512 2040 1720 2104 ἡκούσης
1758 2041 1892 2092 εὐσε-

301 2125 432 2184 βείας
458 2147 506 2174 τε
541 2127 614 2175 καὶ
651 2126 887 2189 ὑπομονῆς
913 2123 967 2174 τὸ
994 2122 1229 2191 καύχημα.
1285 2127 1346 2176 εἰς
1373 2123 1423 2174 τί
1451 2122 1544 2188 γὰρ
1571 2124 1696 2192 αὐτῷ
1722 2123 1780 2174 τὰ
1807 2126 1890 2188 τῆς

301 2207 580 2270 ἀποστολῆς
617 2205 942 2271 ἐκτελευτήσει
975 2205 1090 2257 ποτὲ
1130 2205 1388 2271 διαγορεύει
1426 2210 1612 2275 σαφῶς,
1642 2208 1717 2256 καὶ
1755 2211 1892 2258 ποῖον

303 2288 445 2339 αὑτὸν
470 2295 553 2340 τοῦ
592 2290 700 2351 βίου
741 2289 999 2358 διαδέξεται
1037 2288 1190 2342 τέλος.
1247 2288 1574 2354 προμεμήνυκε
1605 2287 1698 2354 γὰρ
1725 2288 1795 2339 ὅτι
1822 2312 1892 2342 τις

303 2371 446 2421 αὐτὸν
484 2374 559 2422 καὶ
599 2376 660 2425 εἷς
698 2370 984 2435 ἀνεθέλητόν
1021 2393 1127 2421 τινα
1165 2369 1326 2437 χώραν
1360 2372 1618 2434 ἀποκομιεῖ,
1653 2369 1888 2433 τουτέστι,
1914 2386 1962 2425 25

304 2452 386 2504 τὸν
412 2455 460 2504 ἐν
487 2451 524 2523 ᾧ
562 2452 832 2522 κατέπηξαν
857 2452 940 2504 τὸν
966 2452 1177 2519 σταυρὸν
1211 2456 1253 2503 οἱ
1292 2452 1549 2515 διώκοντες,
1575 2452 1678 2517 ἤτοι
1717 2452 1803 2517 τὴν
1829 2457 1893 2507 εἰς

304 2534 419 2598 αἷμα
459 2536 684 2600 τιμωρίαν
725 2535 958 2588 ἐπιθέντες
999 2536 1140 2605 αὐτῷ.
1193 2532 1479 2599 ἀνεθέλητον
1518 2535 1567 2586 δὲ
1614 2539 1681 2604 τῷ
1723 2534 1891 2604 Πέτρῳ

303 2616 386 2668 τὸν
411 2622 494 2667 τοῦ
521 2622 730 2682 σταυροῦ
756 2616 902 2668 τόπον
929 2614 1047 2667 εἶναι’
1072 2620 1210 2686 φησι.
1263 2615 1442 2684 πάσχει
1481 2615 1576 2683 γὰρ
1612 2618 1758 2670 οὐδεὶς
1795 2621 1892 2667 τῶν

355 2784 408 2807 10.
436 2771 628 2815 ἀνανεώσης
646 2771 688 2805 Ε.
868 2784 880 2805 1
892 2784 921 2806 1.
947 2772 1056 2806 αὐτῶν
1075 2772 1118 2806 Ε.
1191 2774 1305 2816 νοῆται
1324 2772 1365 2806 E.
1540 2771 1593 2806 16.
1619 2772 1722 2806 ἀλλοὶ
1740 2774 1894 2816 ζώσουσί

302 2819 408 2854 habet
427 2819 464 2853 F.
538 2818 591 2852 καὶ
608 2818 797 2852 ἀποίσουσί
813 2833 854 2853 σε
872 2830 942 2852 om.
962 2818 1003 2852 E.
1196 2820 1249 2853 18.
1276 2819 1389 2855 αὐτοῖς
1407 2818 1450 2853 Ε.
1639 2830 1695 2854 20.
1722 2822 1740 2853 ὁ
1758 2832 1827 2854 om.
1847 2821 1891 2855 E.

302 2871 370 2901 τῶν
386 2866 514 2900 οἰκείων
534 2892 541 2900 .
562 2892 569 2899 .
589 2892 597 2899 .
615 2865 772 2910 μαθητῶν
791 2865 831 2900 Ε.
1017 2875 1072 2898 22.
1099 2865 1209 2899 αὐτῶν
1227 2866 1269 2900 Ε.
1454 2877 1508 2908 24.
1534 2880 1591 2911 γρ.
1610 2867 1712 2900 αὐτοῦ
1730 2867 1797 2901 Ed.
1816 2879 1892 2912 mg.

302 2914 403 2948 αὐτὸν
420 2913 525 2947 habet
543 2912 578 2946 F.
880 2919 935 2955 25.
959 2912 1073 2956 χωρὸν
1091 2912 1133 2946 Ε.
1434 2921 1489 2958 27.
1516 2916 1583 2947 τῶν
1598 2913 1731 2959 πέτρων
1750 2914 1831 2960 (sic)
1846 2914 1890 2949 E.
