2012 3272
215 119 287 160 vii.
306 120 344 169 8,
364 133 403 174 9.
555 117 625 158 IN
661 115 1007 158 EPISTOLAM
1045 115 1127 156 AD
1166 115 1478 157 ROMANOS.
1737 119 1819 159 199

216 226 359 289 εἰδὼς,
399 228 475 277 καὶ
520 225 585 291 μὴ
630 225 850 292 ποιήσας,
890 225 1150 292 δαρήσεται
1191 226 1376 291 ὀλίγας.
1421 228 1589 278 οὐκοῦν
1629 226 1819 291 ἄμεινον
1839 245 1890 279 18
1913 243 1975 279 Μ.

215 309 607 375 ὁμολογουμένως
645 308 699 360 τὸ
738 310 787 360 ἐν
825 309 994 378 ἀγνοίᾳ
1031 314 1349 373 πλημμελεῖν,
1392 308 1420 374 ἢ
1460 308 1515 361 τὸ
1557 311 1605 360 ἐν
1645 308 1822 374 εἰδήσει

215 391 385 456 νόμων.
433 396 470 443 εἰ
498 391 547 443 δὲ
573 391 630 457 δή
664 414 732 445 τις
758 391 951 458 γε’γονεν
979 390 1071 443 ὑπὸ
1107 392 1265 455 νόμον,
1293 390 1378 455 τὴν
1405 392 1497 461 ἔξω
1531 390 1677 455 νόμου
1707 391 1822 443 ποτὲ

215 473 440 540 διαζήσας
479 473 613 540 ζωὴν,
641 472 740 525 εἶτα
779 478 874 525 τῶν
904 473 1296 537 τεθεσπισμένων
1331 476 1540 543 ἀφειδεῖν
1579 475 1821 543 ᾑρημένος,

173 565 195 604 5
215 557 317 622 ἥλω
344 560 510 625 γραφῇ
546 556 777 623 ἁμαρτίας
803 558 880 607 καὶ
913 555 1160 607 πέπτωκεν
1186 555 1277 608 ὑπὸ
1305 556 1455 622 δίκην·
1497 556 1607 608 τότε
1634 556 1690 621 δὴ
1717 557 1822 608 τότε

214 644 315 694 ταῖς
353 642 520 691 ἑαυτοῦ
558 640 808 709 ῥᾳθυμίαις
838 637 1213 704 ἐπιστυγνάσας,
1241 641 1317 690 καὶ
1348 643 1431 703 τῆς
1464 639 1708 707 ἀκριβείας
1739 645 1823 691 τοῦ

216 721 361 788 νόμου
399 724 652 790 μονονουχὶ
687 721 1085 791 κατακεκράξεται
1121 721 1278 788 λέγων
1312 721 1435 790 Ἐ’γω
1468 719 1514 775 δε
1546 723 1646 793 ἔζων
1684 747 1823 790 χωρις

217 830 342 875 νομου
381 825 505 857 ποτε·
553 803 758 865 ἐλθουσης
799 801 844 856 δὲ
883 829 958 864 της
998 818 1170 864 εντολης
1198 830 1219 866 η
1245 807 1454 876 ἁμαρτίαι
1487 806 1750 876 ἀνέζησεν,
1734 829 1823 872 εγω

217 885 263 940 δέ
290 887 515 940 ἀπέθανον.
569 890 605 938 εἶ
632 889 726 954 γάρ
754 889 886 938 ἐστιν
913 888 1150 950 ἀληθῶς
1130 900 1338 957 οιμοιρτωι
1368 911 1495 959 νεκρν
1521 912 1655 958 χωρις
1681 912 1822 956 νομου,

149 990 197 1015 10
216 974 317 1025 πῶς
355 971 408 1021 οὐ
446 970 648 1022 πιθανὸν
687 972 859 1021 ἐννοεῖν
898 968 1230 1036 ζωοποιεῖσθαι
1264 969 1442 1037 τρόπον
1477 970 1582 1022 τινὰ
1625 970 1701 1022 διὰ
1740 976 1825 1022 τοῦ

218 1053 362 1117 νόμου
397 1053 482 1116 τὴν
509 1053 744 1120 ἁμαρτίαν
769 1059 854 1104 τοῦ
880 1055 956 1104 καὶ
987 1055 1176 1122 ε’μφανῆ
1209 1051 1525 1108 καθιστάντος
1558 1052 1719 1118 αὐτὴν,
1748 1056 1824 1104 καὶ

217 1134 314 1187 οῖον
340 1135 548 1200 ἔμπνουν
575 1138 936 1197 ἀποτελοῦντος,
963 1136 1113 1187 καίτοι
1148 1135 1301 1187 πάλαι
1334 1135 1399 1201 μὴ
1439 1136 1758 1202 ἐγνωσμένην,
1787 1140 1823 1187 εὶ

217 1220 292 1270 καὶ
337 1217 395 1283 ἦν
434 1220 482 1269 ἐν
526 1219 667 1283 ἡμῖν;
731 1220 785 1270 οὐ
825 1217 920 1285 γὰρ
961 1218 1078 1284 ἦμεν
1120 1220 1304 1280 δίκαιοι,
1349 1218 1516 1285 ὥσπερ
1564 1220 1613 1271 δὲ
1658 1224 1823 1286 νεκρᾶς

217 1303 365 1363 οὔσης
391 1305 474 1366 τῆς
501 1302 746 1367 ἁμαρτίας,
768 1300 845 1353 διά
870 1325 941 1353 τοι
968 1301 1023 1352 τὸ
1049 1302 1114 1366 μὴ
1142 1299 1255 1352 εἶναι
1284 1301 1429 1371 τυχὸν
1456 1301 1539 1353 τὸν
1566 1302 1818 1354 καταδικά-

151 1402 198 1439 15
219 1383 356 1450 ζοντα
391 1382 550 1448 νόμον,
578 1383 750 1450 ἐζῶμεν
777 1385 904 1449 ἡμεῖς
941 1387 1024 1447 τῆς
1060 1384 1254 1450 ἀγνοίας
1280 1382 1367 1448 τὴν
1392 1386 1684 1450 παραίτησιν
1711 1384 1820 1436 εὐά-

219 1470 407 1535 φορμον
433 1467 683 1535 ἔχοντες·ί
687 1468 771 1519 ίοὗ
807 1467 901 1535 γὰρ
929 1491 1012 1518 ουκ
1038 1467 1142 1518 ἐστι
1175 1467 1330 1532 νόμος,
1360 1468 1464 1519 ουδὲ
1500 1468 1821 1535 παράβασις,”
1843 1475 2009 1550 ffupraiv.

219 1548 341 1601 καθά
381 1554 535 1619 φησιν
574 1550 730 1604 αὐτός.
788 1552 910 1602 οὕτω
949 1549 1289 1617 παρελθούσης
1327 1554 1389 1604 εἰς
1428 1574 1581 1615 μεσον
1619 1554 1704 1616 τῆς
1743 1553 1820 1603 ε’ν-
1867 1527 1883 1559 5

217 1635 374 1696 τολῆς,
426 1633 597 1694 ἀνεβίω
647 1632 732 1696 μὲν
780 1631 947 1699 ὥσπερ
996 1633 1024 1697 ἡ
1077 1634 1297 1700 ἁμαρτία,
1352 1635 1649 1700 κατηρτίσθη
1699 1633 1747 1686 δὲ
1801 1635 1826 1685 ὁ

219 1714 423 1769 θάνατος
450 1716 525 1766 καὶ
553 1714 644 1781 ἀρὰ
672 1717 747 1766 καὶ
775 1717 879 1780 δίκη
906 1720 1001 1767 τῶν
1028 1721 1127 1770 ταῖς
1155 1715 1497 1782 παραβάσεσιν
1527 1715 1822 1768 ὑποπιπτόν-

152 1819 200 1844 20
219 1820 313 1849 των
356 1797 413 1867 ἐξ
447 1799 707 1852 ἀσθενείας.
761 1801 836 1850 καὶ
877 1800 926 1850 τί
960 1798 1015 1850 τὸ
1051 1801 1295 1862 ἐντεῦθεν;
1338 1800 1612 1866 πέπρακταί
1650 1823 1694 1851 τι
1733 1804 1828 1851 τῶν

219 1881 409 1934 ἐλπίδος
448 1880 540 1950 ἔξω
580 1885 656 1932 καὶ
696 1881 939 1946 ἀδοκήτων
979 1882 1051 1950 ἐφ’
1078 1882 1206 1946 ἡμῖν·
1262 1882 1451 1947 εὕρηται
1489 1881 1584 1949 γὰρ
1624 1908 1645 1943 η
1681 1883 1828 1944 ἐντολή

221 1967 372 2032 φησιν
411 1967 432 2025 ἡ
473 1967 669 2016 δοθεῖσα
708 1964 828 2031 πρὸς
865 1964 984 2035 ζωὴν,
1024 1964 1134 2025 αὕτη
1175 1970 1234 2019 εἰς
1275 1963 1472 2016 θάνατον.
1529 1965 1694 2031 ὥσπερ
1731 1966 1826 2033 γὰρ

221 2047 526 2098 κατασίνεταί
561 2070 663 2102 πως
701 2051 785 2111 τῆς
823 2047 1021 2111 ἡλιακῆς
1064 2050 1249 2102 ἀκτῖνος
1292 2046 1346 2098 τὸ
1391 2052 1495 2115 φῶς
1540 2046 1649 2103 τοὺς
1694 2048 1827 2115 οἵπερ

221 2126 278 2179 ἂν
304 2126 392 2180 εἶεν
423 2129 510 2193 τὴν
541 2128 659 2199 ὄψιν
685 2129 1059 2197 ἠρῥωστηκότες,
1088 2131 1236 2180 καίτοι
1273 2128 1485 2197 πεφυκὸς
1521 2128 1635 2181 εἶναι
1671 2129 1827 2196 γλυκὺ

155 2234 203 2274 25
222 2213 296 2262 καὶ
322 2213 620 2278 τριπόθητον,
648 2213 725 2263 καὶ
752 2213 834 2263 οὐκ
861 2211 975 2263 αὐτὸ
1009 2211 1200 2265 πάντως
1227 2213 1330 2263 ἐστὶ
1357 2210 1411 2262 τὸ
1438 2213 1642 2275 ἀδικοῦν,
1671 2217 1825 2263 νοοῖτο

223 2293 272 2345 δὲ
316 2299 508 2358 μᾶλλον
554 2298 636 2359 τῆς
681 2300 776 2346 τῶν
821 2294 1131 2346 πεπονθότων
1177 2295 1447 2362 ἀῤῥωστιάς
1500 2294 1717 2359 ε”γκλημα
1770 2293 1825 2345 τὸ

223 2379 484 2428 ἀδικεῖσθαι
519 2378 629 2444 παρ’
672 2378 831 2428 αὐτοῦ·
884 2375 1004 2428 κατὰ
1045 2377 1129 2427 τὸν
1168 2376 1276 2427 ἰ’σον
1299 2374 1443 2439 ,οἶμαι
1484 2375 1663 2443 τρόπον
1700 2379 1819 2444 πρό-

224 2463 376 2528 φασιν
402 2458 620 2511 διδόσθαι
655 2463 714 2528 τῇ
749 2460 955 2528 ἁμαρτίᾳ
983 2461 1107 2528 φησὶ
1143 2457 1229 2523 τὴν
1254 2458 1467 2524 ἐντολὴν,
1494 2459 1831 2528 ἐξηπατῆσθαί

225 2565 273 2593 τε
299 2543 353 2593 δι’
382 2543 536 2607 αὐτῆς,
564 2545 970 2606 κατακομισθῆναι
1009 2541 1058 2593 δὲ
1086 2543 1161 2592 καὶ
1190 2546 1253 2595 εἰς
1289 2540 1507 2594 θάνατον.
1550 2543 1668 2612 φαίη
1701 2543 1738 2593 δ’
1769 2543 1827 2593 ἄν

273 2689 306 2719 4.
331 2675 486 2723 ᾑρημένῳ
504 2676 585 2721 (sic)
607 2676 651 2711 B.
843 2687 877 2719 5.
902 2676 1042 2721 γραφὴν
1059 2677 1103 2710 Α.
1281 2676 1314 2710 6.
1341 2677 1395 2711 καὶ
1412 2683 1492 2722 post
1509 2678 1692 2722 μονονουχὶ
1710 2684 1825 2711 trans-

227 2724 326 2768 ponit
343 2724 388 2758 A.
602 2724 636 2758 8.
663 2723 826 2768 ἀνέζησεν
843 2725 887 2758 A.
907 2724 1028 2767 ἔζησεν
1046 2723 1114 2757 Ed.
1337 2735 1390 2758 10.
1418 2724 1545 2758 ἐννοεῖν
1562 2731 1642 2769 post
1659 2724 1825 2769 ἁμαρτίαν

228 2770 425 2815 transponit
442 2772 486 2805 A.
615 2782 669 2805 12.
696 2770 933 2806 ἐπιτελοῦντος
950 2771 995 2805 A.
1120 2780 1173 2813 15.
1200 2770 1398 2816 εὐάφορμον
1416 2783 1456 2805 ex
1476 2772 1519 2805 A.
1539 2771 1648 2805 edidit
1667 2771 1821 2804 Cramer.

228 2822 262 2850 et
278 2817 326 2851 ita
343 2817 479 2862 Migne.
497 2817 696 2864 εὐάμορφον
714 2816 796 2863 (Sic)
817 2817 895 2852 Cat.
915 2818 1023 2851 altera
1040 2817 1135 2852 unde
1155 2817 1221 2851 Ed.
1340 2826 1394 2862 17.
1418 2819 1478 2862 τῆς
1496 2818 1636 2862 εντολῆς
1653 2818 1699 2852 εἷς
1715 2817 1825 2861 μέσον

229 2862 366 2898 inverso
384 2864 506 2899 ordine
524 2865 569 2898 A.
770 2864 823 2899 18.
850 2864 1058 2909 κατηρτίσθη
1077 2865 1120 2899 A.
1139 2863 1331 2910 κατηργήθη
1352 2864 1418 2899 Ed.
1615 2876 1667 2922 19.
1694 2863 1759 2908 ἀρὰ
1778 2863 1822 2896 A.

230 2909 295 2954 ὅρα
314 2910 356 2944 Β.
376 2911 442 2945 Ed.
518 2912 524 2917 '
620 2922 675 2945 21.
702 2910 845 2956 φησινε
830 2926 849 2954 η
869 2911 1014 2956 ἐντολὴ
1008 2923 1146 2945 lnverso
1164 2911 1287 2945 Ordine
1304 2913 1348 2945 A.
1525 2921 1579 2956 25.
1608 2911 1668 2944 οὐκ
1685 2908 1784 2954 αὐτὸ]
1805 2911 1823 2943 ὁ

231 2955 299 2990 κατ’
318 2957 398 2992 αυτό
417 2957 499 3001 (sic)
519 2957 560 2991 B.
755 2959 809 2992 28.
836 2958 999 2992 δεδόσθαι
1018 2958 1060 2992 Α.
1255 2969 1309 3003 29.
1336 2956 1389 3002 δὲ]
1410 2972 1446 2991 τε
1465 2959 1507 2991 Α.
