2012 3272
85 157 225 212 i·3‚4-
417 158 486 198 IN
522 156 867 198 EPISTOLAM
905 156 987 196 AD
1025 154 1335 196 ROMANOS.
1589 158 1669 198 175
1722 214 1736 255 [
1785 212 1868 254 M]

1753 222 1765 244 1
1828 237 1834 244 .

797 302 950 358 σάρκα.

156 421 301 469 TON
346 417 495 483 γεμὴν
533 418 581 468 ἐκ
623 419 884 485 σπέρματος
925 413 1099 466 Δαυεὶδ
1136 414 1380 481 γεγονότα,
1423 415 1548 466 κατα
1586 416 1671 480 τὴν

82 500 235 570 σάρκα,
274 501 474 566 ὡρίσθαι
513 502 664 566 φησὶν
699 503 761 552 εἰς
792 496 890 549 υἱὸν
916 500 1027 549 Θεοῦ
1061 499 1098 549 ἐν
1130 495 1307 564 δυνάμει
1341 498 1466 550 κατα
1492 501 1670 567 πνεῦμα

81 581 325 648 ἁγιωσύνης
376 582 421 650 ἐξ
471 581 764 635 ἀναστάσεως
812 579 971 648 νεκρῶν.
1036 581 1279 645 ὡρίσμεθα
1323 580 1408 643 μὲν
1457 580 1549 647 γὰρ
1596 583 1668 631 καὶ

40 664 210 728 5ἡμεῖς
254 669 316 718 εἰς
360 663 495 725 υἱοὺς,
537 664 646 713 ἀλλ’
689 663 771 713 οὐκ
816 663 853 713 ἐν
895 659 1074 728 δυνάμει
1115 666 1320 725 μᾶλλον,
1363 664 1475 712 ἀλλ’
1519 665 1581 717 ὡς
1622 666 1670 714 ἐν

80 745 270 813 χάριτος
319 747 475 814 μοίρᾳ,
517 748 600 809 τῆς
652 743 868 809 κλήσεως
909 742 1173 812 ἀξιούμενοι
1224 746 1299 794 καὶ
1351 746 1414 798 ὡς
1457 746 1504 795 ἐν
1549 745 1670 813 μόνῃ

81 826 273 892 θελήσει
312 833 394 878 τοῦ
422 831 547 878 Θεοῦ
581 828 655 878 καὶ
685 826 878 891 Πατρὸς
910 825 962 876 τὸ
993 828 1154 893 χρῆμα
1180 827 1512 890 κερδαίνοντες·
1569 828 1593 878 ὁ
1621 828 1677 878 δέ

79 900 133 975 γε
158 909 467 974 Ἑμμανουὴλ
505 909 589 959 οὐκ
627 907 684 959 ἂν
724 906 809 959 ὦδε
845 908 959 975 ἔχοι·
1016 913 1207 959 πολλοῦ
1234 931 1288 973 γε
1314 910 1389 958 καὶ
1416 912 1499 959 δεῖ·
1557 911 1666 960 ἀλλ’

79 995 117 1042 εἰ
143 994 218 1042 καὶ
248 993 441 1056 γέγονεν
469 993 518 1042 ἐκ
545 989 802 1059 σπέρματος
832 995 915 1040 τοῦ
945 987 1121 1041 Δαυεὶδ
1150 989 1273 1040 κατὰ
1304 990 1471 1059 σάρκα,
1501 994 1576 1041 καὶ
1608 993 1670 1044 ὡς

14 1098 62 1123 10
80 1073 142 1129 εἷς
185 1074 242 1143 ἐξ
279 1073 411 1138 ἡμῶν
455 1077 518 1128 εἷς
563 1071 661 1124 υἱὸν
702 1071 936 1138 λογίζεται
976 1074 1088 1124 Θεοῦ
1134 1071 1209 1122 διὰ
1250 1071 1304 1122 τὸ
1351 1073 1664 1138 ἀνθρώπινον,

79 1157 190 1206 ἀλλ’
231 1156 312 1207 οῦν
356 1157 393 1207 ἐν
439 1153 614 1222 δυνάμει
660 1157 736 1206 καὶ
776 1156 975 1224 ἀληθείᾳ
1024 1153 1145 1205 κατὰ
1195 1154 1345 1222 φύσιν
1390 1154 1504 1208 Υἱός
1552 1156 1669 1216 ἐστι,

79 1239 135 1289 δι’
164 1238 218 1289 οῦ
253 1239 328 1289 καὶ
359 1239 489 1303 ἡμεῖς
523 1237 866 1300 υἱοποιούμεθα·
914 1237 1042 1302 εἴπερ
1069 1239 1199 1287 ἐστὶν
1226 1236 1397 1300 ἀληθὲς
1425 1241 1580 1298 εἰπεῖν,
1608 1239 1669 1290 ὡς

79 1320 134 1371 τὸ
184 1321 326 1371 αὑτοῦ
368 1324 563 1384 Πνεῦμα
607 1319 986 1383 πεπλουτηκότες
1029 1318 1104 1369 διὰ
1148 1323 1231 1369 τοῦ
1272 1319 1407 1384 ἁγίου
1451 1319 1663 1378 βαπτίσ-

79 1456 214 1503 φύσεις,
238 1457 493 1502 μεματαίωνται,
520 1457 620 1502 φησὶ,
650 1458 753 1492 κενοῖς
780 1456 1070 1500 ἀκολουθήσαντες
1095 1458 1276 1503 λογισμοῖς
1302 1457 1355 1491 καὶ
1381 1455 1550 1491 πολύθεον
1569 1457 1603 1491 ἐν
1623 1460 1669 1505 τῷ

77 1512 144 1559 βίῳ
173 1510 426 1557 διακηρύξαντες
455 1512 634 1555 πλάνησιν,
665 1508 726 1545 καὶ
755 1510 820 1556 τὴν
848 1511 910 1545 τοῦ
940 1511 1029 1545 Θεοῦ
1060 1508 1166 1553 δόξαν
1193 1510 1452 1546 ἀσυνετωτάτως
1477 1512 1667 1554 μεταλλάτ-

78 1580 192 1601 τοντες
215 1566 252 1600 ἐν
282 1564 480 1612 ὁμοιώματι
506 1563 642 1604 εἰκόνος
675 1563 834 1611 φθαρτοῦ
860 1563 1043 1611 ἀνθρώπου
1071 1562 1131 1600 καὶ
1156 1566 1324 1600 πετεινῶν
1353 1562 1413 1599 καὶ
1441 1563 1667 1611 τετραπόδων

80 1616 141 1655 καὶ
159 1620 324 1666 ἑρπετῶν.
355 1619 461 1652 καίτοι
479 1619 544 1665 γὰρ
564 1620 622 1662 τῆς
635 1618 791 1652 ἀνωτάτω
805 1617 945 1663 φύσεως
964 1621 1040 1652 οὔτε
1055 1621 1154 1666 ποσῷ
1167 1618 1392 1663 μετρουμένης
1405 1617 1667 1664 παραιτούμενός

82 1672 362 1720 [παραιτουμένης
374 1671 404 1718 2]
438 1687 474 1706 τε
493 1673 545 1706 καὶ
566 1673 681 1717 σχῆμα
700 1673 752 1706 καὶ
782 1669 880 1713 εἶδος,
902 1672 961 1706 οὐκ
985 1672 1151 1720 ἀνθρώπῳ
1170 1674 1271 1716 μόνον
1290 1672 1392 1716 αὐτὴν
1409 1673 1667 1717 παρεικάζουσιν

78 1727 156 1761 ἀλλ’
175 1727 222 1762 εἷς
249 1729 348 1761 τοῦτο
378 1727 589 1761 κατώλισθον
608 1726 737 1761 εἷκαίων
756 1725 888 1760 ἐννοιῶν
907 1727 951 1762 ὡς
970 1727 1022 1760 καὶ
1040 1728 1204 1762 πετεινοῖς
1229 1726 1282 1760 καὶ
1307 1727 1492 1772 τετραπόσι
1520 1727 1572 1760 καὶ
1597 1728 1667 1762 τοῖς

79 1782 230 1823 ἷοβόλοις
249 1781 435 1826 ἐξομοιοῦν.

133 1833 182 1870 In
209 1846 287 1871 ver.
312 1845 359 1879 24
381 1845 462 1882 sqq.
493 1846 512 1870 e
541 1832 606 1870 fol.
637 1844 699 1878 42.
745 1832 795 1867 Δι’
830 1832 869 1878 ἣν
901 1833 1154 1879 παραδεδόσθαι
1187 1834 1296 1879 φησὶν
1330 1832 1458 1873 αὐτοὺς
1491 1831 1543 1868 οἷά
1577 1849 1667 1868 τισιν

78 1888 214 1935 ἐχθροῖς
240 1887 320 1928 ταῖς
347 1890 406 1932 τῆς
434 1888 558 1933 σαρκὸς
585 1887 785 1933 ἀκαθάρτοις
810 1886 1000 1935 ἐπιθυμίας
1021 1884 1119 1936 (Sic).
1159 1888 1276 1932 ὥσπερ
1295 1888 1361 1934 γὰρ
1381 1889 1411 1922 οἱ
1431 1890 1610 1923 νοσοῦντες
1628 1889 1667 1922 τὸ

79 1943 179 1987 ὄμμα,
200 1942 260 1987 τὴν
279 1943 340 1987 μὲν
360 1941 496 1986 ἡλιακὴν
514 1942 627 1976 ἀκτῖνα
646 1940 828 1988 φεύγουσι,
850 1942 889 1976 τὸ
908 1941 944 1976 δέ
974 1943 1096 1977 σκότος
1122 1941 1396 1986 μεταδιώκουσιν,
1418 1940 1522 1977 οὕτως
1550 1943 1581 1975 οἱ
1609 1943 1667 1986 τῆς

79 1998 205 2031 ἑαυτῶν
229 1994 372 2031 διανοίας
399 1996 458 2040 τὴν
476 1995 641 2041 ὀρθότητα
664 1995 918 2041 διαφθείραντες
941 1997 1045 2042 νοητῷ
1073 1995 1111 2038 δὴ
1135 1996 1266 2031 πάντως
1284 1995 1525 2040 περιπίπτουσι
1546 1998 1667 2030 σκότος

80 2047 165 2100 (Sic)
193 2051 246 2085 καὶ
274 2050 358 2096 πρὸς
387 2049 530 2085 ἀτόπους
561 2048 767 2094 ἐμπίπτουσι
791 2049 941 2095 πράξεις,
970 2051 1042 2085 ταῖς
1073 2048 1236 2095 ἐμφύτοις
1264 2048 1395 2093 ἡδοναῖς
1422 2052 1482 2083 τοῦ
1511 2051 1667 2092 σώματος

78 2103 303 2151 ἀγριοῦμενοι,
333 2104 396 2149 οὐχ
426 2103 478 2138 ὅτι
503 2103 597 2138 ἐστὶν
624 2102 701 2147 ἡμῖν
728 2104 767 2137 τὸ
791 2104 889 2137 κακὸν
916 2103 1079 2139 οὐσιῶδὲς
1106 2118 1142 2137 τε
1171 2104 1223 2137 καὶ
1251 2102 1487 2146 ε’νυπόστατον,
1509 2102 1586 2136 ἀλλ’
1617 2102 1667 2137 ὅτι

79 2159 119 2193 τὸ
146 2159 204 2202 τῆς
232 2158 356 2203 σαρκὸς
385 2157 514 2201 θέλημα
542 2157 594 2191 καὶ
620 2160 686 2191 τῶν
713 2155 873 2202 ἐμφύτων
902 2156 1065 2200 ἡδονῶνὴ
1093 2157 1219 2200 κίνησις
1251 2155 1304 2191 ἀεί
1334 2172 1405 2192 πως
1433 2159 1494 2202 ὁρᾷ
1518 2157 1602 2202 πρὸς
1627 2157 1667 2190 τὸ

79 2212 285 2257 πλημμελές.
314 2212 366 2246 καὶ
386 2212 414 2246 εἷ
438 2211 499 2255 μὲν
522 2212 622 2254 σώζει
641 2213 660 2245 ὁ
680 2211 774 2255 Θεὸς,
795 2211 961 2256 ι”ίπρακτος
989 2209 1008 2253 ἡ
1033 2211 1188 2255 ἁμαρτία,
1209 2210 1238 2244 εἷ
1263 2210 1300 2243 δὲ
1326 2210 1491 2254 συστείλῃ
1517 2210 1576 2254 τὴν
1595 2210 1665 2244 ἐπι-

80 2266 224 2311 κουρίαν,
256 2267 450 2311 κατακρατεῖ
480 2265 522 2299 τὰ
549 2264 637 2308 πάθη
672 2262 724 2298 οἶά
757 2279 829 2298 τινα
862 2264 1077 2308 αἰχμάλωτον
1109 2264 1243 2299 ἑλόντες
1275 2264 1332 2298 τὸν
1365 2266 1441 2298 νοῦν
1470 2265 1539 2299 τοῖς
1572 2263 1667 2299 ἰδίοις

81 2319 348 2354 καταδουλοῦντα
380 2318 580 2362 θελήμασιν.
610 2317 663 2353 καὶ
695 2319 795 2352 τοῦτό
831 2317 906 2351 ἐστι
944 2318 982 2351 τὸ
1020 2317 1267 2363 παραδιδόσθαι
1301 2317 1345 2353 εἷς
1380 2317 1585 2362 ἀκαθαρσίας
1615 2318 1668 2351 καὶ

79 2372 178 2420 πάθη
203 2370 348 2420 ἀτιμίας
376 2373 429 2407 καὶ
457 2370 629 2420 ἀδόκιμον
659 2372 747 2416 νοῦν,
769 2372 807 2405 οὐ
827 2373 926 2405 τοῦτο
946 2371 1104 2407 θέλοντος
1122 2373 1182 2405 τοῦ
1203 2373 1289 2404 Θεοῦ
1309 2370 1452 2416 ἀφιέντα
1480 2368 1567 2419 (Sic)
1589 2371 1667 2406 τοὺς

81 2427 275 2473 ἀνθρώπους
294 2426 435 2462 ἀνοσίως
455 2427 607 2467 διαβιοῦν
622 2425 815 2472 ᾑρημένους.
850 2425 879 2458 εἷ
903 2425 968 2471 γὰρ
987 2427 1087 2459 τοῦτο
1105 2424 1225 2469 ἤθελεν
1244 2426 1262 2458 ὁ
1283 2425 1376 2470 Θεὸς,
1397 2425 1456 2459 οὐκ
1476 2425 1516 2459 ἂν
1534 2426 1668 2470 ἔχαιρεν

82 2481 136 2516 ἐπὶ
163 2483 232 2516 τοῖς
260 2482 462 2524 μετανοοῦσι
488 2481 540 2514 καὶ
567 2479 866 2525 μεταστρέφουσιν
884 2478 950 2514 ἀπὸ
975 2478 1087 2514 κακίας
1106 2478 1152 2513 εἷς
1171 2477 1299 2524 ἀρετήν·
1327 2477 1583 2523 ἀμεταμελὴτως
1602 2479 1667 2525 γὰρ

81 2535 133 2569 ἀεί
150 2535 225 2569 ἐστι
243 2535 372 2581 χαίρων
391 2534 446 2568 ἐπὶ
465 2535 589 2578 καλοῖς,
609 2535 648 2568 οὐ
667 2534 749 2568 ποτὲ
768 2533 829 2578 μὲν
847 2534 961 2568 καλοῖς
980 2532 1105 2566 ἄλλοτε
1125 2532 1161 2566 δέ
1181 2534 1301 2568 κακοῖς.

135 2658 237 2692 2—p.
259 2647 336 2692 176,
364 2658 398 2689 4.
436 2646 536 2681 Haec
568 2646 670 2680 nobis
703 2651 886 2681 conservat
926 2644 963 2679 S.
994 2644 1217 2689 Nicephorus
1255 2644 1668 2689 Constantinopolitanus

82 2694 378 2738 Archiepiscopus
402 2693 439 2727 in
463 2693 699 2727 Antirrhetico
725 2692 892 2726 adversus
920 2691 1193 2726 Constantinum
1219 2691 1486 2736 Copronymum
1514 2691 1667 2735 Impera-

82 2746 194 2775 torem
211 2740 258 2774 iii.
277 2751 334 2785 30,
351 2740 388 2773 in
407 2740 493 2773 Maii
512 2739 603 2773 Bibl.
624 2739 716 2774 Nov.
730 2751 763 2773 v.
781 2751 837 2783 94.
887 2738 984 2772 Dicit
1001 2744 1144 2772 sanctus
1162 2738 1218 2772 ille
1235 2738 1299 2772 ὧδε
1316 2738 1381 2783 γάρ
1399 2739 1490 2783 φησι
1507 2738 1567 2780 τὴν
1583 2738 1668 2780 πρὸς

83 2787 249 2832 ῥωμαίους
265 2789 325 2820 τοῦ
342 2786 434 2820 θείου
451 2786 651 2820 ἀποστόλου
669 2786 944 2830 ὑπομνηματίζων
963 2784 1162 2828 ἐπιστολήν.
1214 2784 1524 2818 CatenaVaticana
1542 2784 1667 2827 partim

86 2833 192 2873 dedit,
210 2833 331 2877 incipit
353 2833 482 2867 Οὐκοῦν
506 2833 550 2868 ὡς
574 2832 792 2868 εἷκόνες--εἷς
808 2834 908 2866 τοῦτο
927 2837 959 2865 et
977 2832 1090 2876 pergit
1108 2831 1191 2865 κατὰ
1207 2833 1336 2873 πνεῦμα
1353 2830 1543 2875 ἁγιωσύνὴς
1561 2829 1613 2862 καὶ
1632 2829 1668 2861 ἐκ

85 2882 143 2924 τῆς
162 2880 382 2915 ἀναστάσεως
404 2881 462 2923 τῆς
479 2879 515 2913 ἐκ
532 2882 668 2924 νεκρῶν·
695 2879 840 2923 ὁρίζεται
858 2879 894 2913 δέ
913 2878 960 2913 εἷς
977 2878 1048 2912 υἱὸν
1066 2878 1120 2911 καὶ
1137 2879 1219 2912 κατὰ
1236 2879 1274 2911 τὸ
1292 2877 1511 2920 ἀνθρώπινον·
1538 2876 1613 2909 ἔστι
1631 2874 1667 2908 δέ

85 2927 139 2961 καὶ
157 2927 238 2960 κατὰ
255 2926 364 2972 φύσιν
380 2927 450 2961 υἱὸς
467 2926 556 2966 θεοῦ,
575 2926 628 2959 καὶ
649 2926 684 2960 ἐν
701 2926 836 2969 δυνάμει
859 2925 1130 2969 μαρτυρούμενος
1155 2924 1238 2958 κατὰ
1262 2926 1392 2967 πνεῦμα
1416 2921 1607 2967 ἁγιωσύνης
1630 2920 1667 2964 ἐξ

85 2973 303 3008 ἀναστάσεως
320 2976 454 3017 νεκρῶν,
469 2973 644 3007 τουτέστιν
660 2973 727 3006 ἀπό
741 2987 778 3017 ’γε
794 2974 852 3007 τοῦ
870 2971 1035 3007 δύνασθαι
1052 2972 1229 3016 καταργεῖν
1243 2973 1302 3004 τοῦ
1320 2970 1463 3003 θανάτου
1479 2969 1516 3002 τὸ
1535 2968 1667 3012 κράτος.
