2027 3257
92 189 261 231 [27M-]

201 641 280 687 8⁷9

158 2039 225 2060 Ver.
242 2037 291 2059 10.

244 2503 287 2528 11

295 123 380 163 214
440 123 489 164 Β.
521 122 768 163 CYRILLI
804 123 1150 164 ALEXANDR.
1185 124 1557 166 FRAGMENTA
1617 126 1875 180 viii.8,9‚11.

296 233 379 283 οὐκ
404 232 685 300 ἀνεχόμενον
716 236 811 285 τοῖς
844 233 982 285 θείοις
1014 232 1212 283 ὑπείκειν
1238 231 1411 296 νόμοις,
1444 231 1533 285 οὐδὲ
1558 232 1648 304 ’γαρ
1676 231 1872 285 Mumm-

296 319 396 368 πῶς
426 313 519 380 γὰρ
546 313 688 380 ἐιρέσει
717 319 817 380 Θεῷ
854 312 1048 379 μυσαρὰ
1073 315 1150 363 καὶ
1175 314 1384 377 βέβηλος
1416 314 1557 379 ἡδονή
1581 337 1592 377 3
1636 314 1823 367 πάντως
1850 315 1875 364 ὃ

297 394 498 462 καθαρὸς
531 395 681 462 ῥύπου
716 397 791 445 καὶ
825 398 991 445 παθῶν
1017 400 1122 448 νοῦς
1149 395 1268 446 κατὰ
1294 394 1347 446 τὸ
1382 396 1580 447 δυνατὸν
1606 401 1663 465 τῇ
1690 395 1872 463 ἀνθρώ-

297 501 389 529 που
416 478 557 547 φύσει
583 475 700 543 πρὸς
727 474 852 527 Θεὸν
879 476 1107 542 εἷρηνεύει.

302 640 351 684 Οἷ
383 642 429 684 δὲ
454 642 498 684 ἐν
526 641 649 699 σαρκὶ
673 642 795 685 ὄντες
823 641 924 696 Θεῷ
951 641 1104 699 ἀρέσαι
1131 642 1178 683 οὐ
1211 641 1423 684 δύνανται*
1463 639 1582 691 ὑμεῖς
1608 642 1654 683 δὲ
1681 642 1756 683 οὐκ
1781 641 1876 683 ἐστὲ
1898 649 1920 688 5

363 725 407 766 ὲν
434 725 558 781 σαρκὶ
584 724 673 765 ἀλλ’
707 725 750 765 ἐν
778 725 998 776 Πνεύματι,
1024 722 1146 781 εἷ’Περ
1172 725 1345 773 Πνεῦμα
1373 724 1482 766 Θεοῦ
1511 722 1617 766 οἰκεῖ
1642 725 1685 765 ἐν
1713 721 1820 772 ὑμῖν.

372 838 752 905 Ἐπικρατούσης
782 837 866 901 μὲν
891 841 973 901 τῆς
1006 843 1089 888 τοῦ
1115 839 1366 904 ἀνθρώπου
1394 838 1597 891 διανοίας
1634 840 1718 899 τῆς
1755 836 1876 903 γεώ-

300 924 406 975 δους
434 921 614 984 ἡδονῆς,
639 921 686 971 ἐν
713 921 860 985 σαρκί
884 943 951 973 τις
985 922 1114 970 ἐστὶν
1141 922 1202 973 ὡς
1234 919 1293 970 τὰ
1326 923 1408 983 τῆς
1447 918 1626 985 σαρκὸς
1665 922 1874 986 φρονῶν·

300 1004 376 1053 καὶ
415 1003 440 1052 ὁ
478 1008 684 1055 τοιοῦτος
729 1002 811 1052 οὐκ
854 999 912 1052 ἂν
950 1002 1098 1069 ἀρέσῃ
1138 1007 1251 1072 Θεῷ·
1307 1000 1786 1064 καταπλουτήσαντος
1831 998 1881 1050 δὲ

301 1089 383 1135 τοῦ
425 1089 506 1134 νοῦ
548 1082 633 1146 τὴν
677 1082 753 1133 διὰ
796 1087 1012 1149 Χριστοῦ
1056 1083 1207 1150 χάριν,
1253 1085 1327 1133 καὶ
1370 1086 1459 1146 τῆς
1498 1082 1676 1133 ἄνωθεν
1716 1081 1880 1148 ἰσχύος
1904 1107 1950 1131 10

302 1164 676 1230 μεμεστωμένου,
729 1167 804 1215 καὶ
850 1164 1026 1230 ζέοντος
1074 1168 1140 1233 τῷ
1184 1164 1425 1228 πνεύματι,
1479 1165 1553 1214 καὶ
1596 1164 1671 1214 ἐπὶ
1712 1162 1881 1229 ἀρετὴν

303 1246 605 1299 σπεύδοντος·
656 1247 708 1297 οὐ
735 1251 902 1297 νοεῖται
931 1247 955 1296 ὁ
981 1251 1190 1299 τοιοῦτος
1217 1247 1253 1297 ἐν
1280 1248 1415 1317 σαρκὶ
1443 1249 1553 1296 ἀλλ’
1583 1247 1620 1296 ἐν
1648 1243 1880 1313 πνεύματι,

302 1330 377 1378 καὶ
405 1326 608 1381 εὐκόλως
634 1332 758 1379 ποιεῖ
778 1326 837 1378 τὰ
863 1326 1041 1394 ἀρεστὰ
1067 1331 1133 1396 τῷ
1161 1331 1284 1396 Θεῷ.

340 1485 385 1528 Εἰ
427 1487 472 1528 δὲ
512 1503 574 1529 τις
611 1488 783 1538 Πνεῦμα
822 1490 1000 1546 Χριστοῦ
1039 1489 1115 1529 οὐκ
1151 1488 1250 1544 ἔχει,
1288 1485 1412 1529 οὗτος
1450 1488 1525 1529 οὐκ
1563 1487 1674 1529 ἔστιν
1713 1486 1858 1531 αὐτοῦ,

381 1600 446 1651 Εἴ
479 1623 548 1655 τις
586 1602 666 1652 οὖν
691 1603 821 1652 ἐστιν
846 1603 894 1652 ε’ν
919 1601 1158 1666 πνεύματι,
1184 1602 1317 1655 οὗτος
1352 1601 1484 1651 ἔσται
1521 1602 1597 1650 καὶ
1631 1601 1679 1649 ἐν
1705 1601 1876 1649 δικαιο-
1906 1624 1951 1661 15

307 1682 430 1750 σύνῃ
473 1685 549 1733 καὶ
587 1685 635 1733 ἐν
678 1683 788 1751 ζωῇ,
832 1685 1080 1750 μονονουχὶ
1118 1687 1368 1736 τεθνεῶτος
1406 1688 1489 1733 τοῦ
1533 1685 1615 1746 τῆς
1655 1681 1884 1746 ἁμαρτίας

306 1763 528 1826 σώματος
566 1767 640 1815 καὶ
678 1766 839 1829 πάσης
877 1764 1054 1816 ἀτόπου
1092 1765 1385 1829 σβεσθείσης
1419 1765 1598 1828 ἡδονῆς·
1654 1762 1884 1813 ἀδύνατον

306 1844 400 1911 γὰρ
444 1848 492 1896 ε”ν
537 1847 691 1916 ταύτῷ
729 1849 804 1897 καὶ
844 1848 949 1898 καθ’
996 1847 1076 1896 ἕνα
1115 1848 1276 1913 καιρὸν
1317 1846 1615 1909 δικαιοσύνην
1656 1843 1768 1895 εἶναι
1809 1845 1884 1894 καὶ

307 1928 502 1991 ἀδικίαν,
529 1929 767 1994 ἁγιασμόν
793 1952 842 1979 τε
880 1931 953 1978 καὶ
986 1928 1296 1994 ἀκαθαρσίαν.
1349 1933 1533 1991 πνεῦμα
1567 1927 1622 1977 δέ
1647 1931 1803 1994 φαμεν
1829 1925 1883 1976 τὸ

308 2008 618 2074 ἀνθρώπινον·
666 2012 713 2060 ἐν
745 2009 793 2061 δὲ
820 2014 886 2080 τῷ
911 2012 968 2062 Tb
996 2012 1172 2078 πνεῦμα
1207 2008 1304 2080 ζωὴ,
1330 2012 1387 2077 τῇ
1424 2015 1506 2060 τοῦ
1545 2009 1696 2074 Ἁγίου
1725 2006 1878 2058 Πνεύ-
1905 2027 1954 2052 20

306 2113 454 2154 ματος
503 2090 870 2157 ζωοποιούμενον
914 2091 1084 2160 χάριτι,
1129 2094 1203 2142 καὶ
1249 2096 1306 2159 τῇ
1350 2091 1469 2157 πρὸς
1507 2089 1619 2141 αὐτὸ
1671 2088 1886 2156 κοινωνίᾳ

307 2178 546 2223 πλουτοῦν
578 2175 892 2238 δικαιοσύνην·
935 2175 1056 2224 οὕτω
1095 2172 1188 2239 γὰρ
1224 2173 1366 2237 ἐσμὲν
1400 2173 1524 2225 θείας
1563 2171 1753 2240 φύσεως
1783 2192 1880 2220 κοι-

308 2255 459 2304 νωνοί·
514 2255 774 2322 ἐνοικίζεται
812 2256 904 2322 γὰρ
943 2258 992 2306 ἐν
1030 2256 1138 2320 ἡμῖν
1177 2255 1252 2307 διὰ
1289 2261 1371 2306 τοῦ
1410 2254 1576 2321 εΑγίου
1611 2251 1887 2316 Πνεύματος

309 2336 333 2384 ὁ
372 2335 598 2401 Χριστός.

320 2493 364 2535 Εἰ
392 2494 437 2537 δὲ
463 2496 511 2537 τὸ
536 2497 708 2546 Πνεῦμα
735 2502 808 2539 τοῦ
837 2497 1080 2554 ἐΓείραντοε
1102 2498 1268 2540 ἸΗσοῦν
1295 2497 1343 2538 ἐκ
1370 2497 1533 2554 νεκρῶν
1560 2494 1667 2538 οἰκεῖ
1692 2496 1737 2537 ἐν
1765 2492 1872 2544 ὑμῖν.
1909 2505 1956 2542 25

381 2606 665 2675 Ἐγήγερται
699 2611 723 2660 ὃ
761 2611 934 2676 Κύριος
967 2611 1099 2675 ἡμῶν
1123 2613 1311 2675 Ἰησοῦς
1344 2612 1368 2661 ὁ
1402 2609 1615 2677 Χριστὸς
1647 2609 1776 2677 παρὰ
1807 2614 1890 2661 τοῦ

357 2780 412 2812 24.
440 2769 524 2804 Post
541 2769 625 2804 haee
649 2770 781 2805 scholia
802 2770 883 2812 duo,
906 2783 1030 2816 nempe
1053 2772 1269 2812 δυσσεβοῦσι
1292 2773 1564 2817 τοιγαροῦν-τῷ
1584 2772 1696 2816 Πατρί
1717 2783 1734 2805 ε
1751 2771 1812 2806 lib.
1829 2772 1887 2807 vii.

308 2816 351 2850 ad
380 2816 504 2852 Herm.
531 2817 598 2850 666
625 2817 757 2863 e—667
778 2818 821 2858 b3
856 2818 958 2863 δέχου
985 2817 1043 2852 οὖν
1069 2830 1086 2852 e
1110 2819 1215 2852 Thes.
1235 2829 1303 2862 334
1321 2818 1343 2851 d
1363 2831 1380 2852 e
1407 2818 1546 2851 exhibet
1571 2819 1602 2851 A
1628 2830 1686 2862 pp.
1711 2819 1786 2859 126,
1810 2828 1886 2862 127.

310 2863 364 2943 26t.
390 2862 609 2909 Ἐγήγερται]
643 2869 677 2905 -1-
706 2865 812 2909 γεμὴν
837 2864 880 2898 A.
935 2865 1066 2899 Partim
1092 2865 1257 2899 exhibent
1281 2872 1314 2899 et
1340 2871 1364 2899 t.
1391 2865 1544 2910 aliaeque
1570 2864 1725 2910 ejusdem
1749 2866 1887 2910 generis

308 2921 347 2944 ca
365 2921 461 2945 enae.
