2017 3252
73 1771 106 1802 S.
121 1768 230 1802 Judae
248 1781 276 1809 4.

479 586 1067 637 HOMILIARUM
1144 589 1698 638 FRAGMENTA.

1066 790 1107 836 I.

580 936 892 972 FRAGMENTA
924 936 1183 971 HOMILIAE
1215 936 1283 970 DE
1315 936 1424 971 UNO
1457 936 1605 972 FILIO.

497 1064 583 1106 Τοῦ
618 1066 747 1107 αὐτοῦ
782 1066 829 1106 ἐκ
866 1069 943 1107 τῆς
980 1064 1148 1114 ὁμιλίας
1186 1067 1262 1106 τῖες
1299 1066 1397 1122 Περὶ
1432 1065 1530 1108 ἑνὸς
1567 1064 1672 1107 υἱοῦ,

373 1181 438 1228 ΕΙ
466 1178 559 1244 γὰρ
586 1178 647 1232 εἷς
673 1180 804 1230 ἐστιν
825 1181 978 1233 ἱδικῶς
998 1179 1112 1232 Υἱὸς
1133 1179 1157 1228 ὁ
1185 1180 1234 1229 ἐκ
1260 1184 1342 1230 τοῦ
1360 1182 1482 1229 Θεοῦ
1501 1177 1689 1244 Πατρὸς
1708 1178 1877 1245 Λόγος,

296 1257 358 1313 εἷς
397 1258 445 1310 δὲ
481 1261 650 1323 ὁμοίως
682 1263 834 1314 ἶδικῶς
873 1262 949 1311 καὶ
984 1260 1137 1326 ἕτερος
1171 1261 1280 1326 παρ’
1311 1260 1452 1311 αὑτὸν
1479 1261 1503 1310 ὁ
1529 1262 1578 1311 ἐκ
1608 1261 1880 1326 σπέρματος

298 1343 485 1404 Δαυεὶδ,
514 1345 571 1410 τῇ
598 1342 716 1408 πρὸς
754 1341 837 1393 τὸν
865 1342 1007 1410 φύσει
1037 1344 1112 1392 καὶ
1144 1344 1335 1406 άληθῶς
1358 1342 1475 1392 Υὶὸν
1501 1342 1713 1411 κοινωνίᾳ
1739 1342 1880 1406 τιμώ-

295 1445 447 1486 μενος,
491 1428 592 1477 πῶς
631 1425 718 1491 οὐχ
761 1422 941 1475 ἅπασιν
980 1422 1168 1489 ἐναργὲς
1211 1423 1282 1474 ὅτι
1323 1424 1347 1474 ὁ
1391 1423 1474 1485 μὲν
1519 1424 1724 1486 δίδωσιν,
1766 1425 1791 1474 ὁ
1831 1423 1880 1475 δὲ

295 1504 545 1567 λαμβάνει·
587 1507 611 1555 ὁ
638 1505 722 1568 μὲν
746 1510 991 1573 στεφανοῖ,
1019 1506 1043 1555 ὁ
1069 1503 1116 1556 δὲ
1143 1509 1476 1572 στεφανοῦται·
1519 1509 1593 1555 καὶ
1621 1506 1645 1555 ὁ
1667 1505 1751 1566 μέν
1777 1507 1880 1557 ἐστι

298 1585 441 1652 φύσει
471 1586 659 1652 Κύριος,
694 1588 718 1638 ὃ
751 1587 799 1638 δὲ
831 1588 912 1638 οὐκ
946 1587 1082 1649 ἕστι;
1131 1589 1248 1641 τίνες
1281 1589 1362 1638 οὖν
1401 1590 1443 1637 οἱ
1480 1592 1627 1638 ταῦτα
1665 1586 1880 1653 λέγοντες

298 1668 373 1717 καὶ
401 1671 697 1735 φρονοῦντες,
723 1667 751 1732 ἢ
778 1673 913 1720 ποῖον
940 1670 1093 1719 αὐτῶν
1118 1668 1172 1720 τὸ
1199 1674 1352 1735 κρῖμα,
1379 1668 1485 1722 τοὺς
1517 1670 1675 1734 ἁγίους
1701 1669 1877 1735 ἐρωτή-

298 1772 461 1813 σωμεν
491 1750 718 1813 μαθητοῖς.
779 1750 916 1801 ἄκουε
952 1750 1174 1816 λέγοντος
1211 1752 1418 1816 ἐναργῶς
1464 1758 1490 1781 “
1519 1750 1882 1816 Παρεισέδυσαν

301 1839 327 1861 “
346 1833 439 1898 γοῖρ
460 1854 577 1886 τινες
603 1832 855 1898 ἅνθρωποι,
877 1835 918 1883 οἱ
945 1834 1018 1883 καὶ
1045 1832 1195 1883 ποῖλαι
1221 1834 1629 1898 προγεγραμμένοι
1656 1837 1717 1886 εἷς
1744 1838 1881 1884 τοῦτο

297 1919 326 1943 “
345 1912 399 1964 τὸ
426 1919 579 1979 κρῖμα,
607 1915 811 1976 ἀσεβεῖς,
837 1913 923 1977 τὴν
947 1919 1030 1964 τοῦ
1051 1918 1175 1964 Θεοῦ
1201 1913 1336 1981 χάριν
1362 1915 1681 1977 μετατιθέντες
1707 1913 1882 1965 καὶτὸν

298 2002 325 2024 “
345 1995 490 2058 μόνον
511 1994 770 2060 Δεσπότην
796 1999 872 2046 καὶ
902 1996 1077 2061 Κύριον
1102 1996 1233 2059 ἡμῶν
1257 1996 1448 2060 Ἰησοῦν
1474 1994 1689 2062 Χριστὸν
1716 1996 1879 2061 ἀρνού-

298 2084 326 2106 “
344 2078 513 2140 μενοι.”
565 2082 666 2131 πῶς
706 2078 786 2128 οὖν
811 2076 952 2141 μόνος
990 2079 1092 2128 ἐστὶ
1125 2077 1359 2141 δεσπότης
1391 2077 1577 2142 Ἰησοῦς
1604 2076 1816 2143 Χριστὸς
1855 2079 1880 2128 ὁ

298 2157 516 2213 κοινωνὸς
546 2161 629 2222 τῆς
662 2159 819 2225 ἑτέρου
858 2160 1134 2212 δεσποτείας
1164 2159 1384 2225 γεγονὼς,
1410 2163 1447 2209 εὶ
1478 2158 1598 2210 κατὰ
1630 2158 1766 2225 χάριν
1792 2158 1882 2226 ἔχει

297 2247 450 2303 τοῦτο,
478 2244 515 2291 εἰ
554 2240 692 2291 δοτὸν
718 2241 844 2309 αὐτῷ
882 2242 957 2291 καὶ
996 2240 1109 2291 αὐτὸ
1147 2239 1201 2291 τὸ
1241 2243 1323 2304 τῆς
1356 2240 1588 2294 υἱοθεσίας
1619 2240 1816 2309 ἀξίωμα,
1844 2244 1881 2291 εὶ

298 2322 442 2387 μηδὲν
462 2322 585 2376 ὅλως
611 2324 767 2385 αὑτοῦ,
787 2322 944 2374 πάντα
970 2322 1018 2373 δὲ
1038 2327 1228 2383 μᾶλλον
1248 2322 1404 2388 ἑτέρου
1431 2328 1513 2374 τοῦ
1540 2321 1701 2375 δόντος
1728 2323 1878 2390 αὑτῷς

299 2404 444 2468 μόνον
483 2404 574 2472 ἔφη
613 2404 849 2468 δεσπότην
875 2405 951 2454 καὶ
980 2403 1155 2470 Κύριον
1182 2405 1312 2468 ἡμῶν
1339 2405 1530 2469 Ἰησοῦν
1557 2402 1772 2469 Χριστὸν
1798 2402 1880 2454 τὸν

299 2488 349 2536 ἐκ
376 2489 500 2536 Θεοῦ
528 2486 702 2550 Λόγον·
760 2490 859 2538 πῶς
895 2486 975 2535 οὖν
1009 2485 1263 2538 συνάπτεις
1303 2486 1428 2554 αὐτῷ
1454 2483 1673 2535 κοινωνὸν
1711 2483 1793 2535 τὸν
1831 2486 1881 2535 ἐκ

299 2566 573 2632 σπέρματος
618 2568 793 2617 Δαυείδ
815 2589 827 2628 ;
897 2568 979 2617 οὐκ
1029 2568 1104 2620 ε’ἇς
1148 2565 1241 2631 γὰρ
1285 2564 1430 2629 μόνον
1474 2564 1587 2616 εἶναι
1629 2565 1880 2630 δεσπότην,

350 2697 380 2720 1.
409 2685 656 2729 Fragmentum
684 2685 750 2719 hoc
780 2686 881 2719 nobis
911 2685 1109 2730 suppeditat
1135 2685 1282 2719 Niketas
1309 2685 1497 2719 Choniates
1524 2685 1557 2719 in
1586 2685 1752 2729 Panoplia
1778 2686 1878 2730 Dog-

300 2732 437 2771 matica,
456 2738 540 2765 tom.
561 2732 593 2765 8.
635 2732 825 2765 Codicibus
845 2732 982 2766 duobus
1008 2733 1062 2765 usi
1088 2744 1223 2771 sumus,
1242 2744 1365 2776 nempe
1385 2732 1461 2766 cod.
1482 2732 1876 2765 Laurentiano-Floren-

300 2780 373 2813 tino
394 2778 484 2812 Plut.
502 2778 547 2811 ix.
566 2789 608 2820 24
627 2777 848 2823 (bombycin.
869 2790 934 2812 sec.
947 2778 1037 2822 xiii.)
1056 2779 1114 2812 fol.
1132 2787 1194 2822 135
1217 2791 1223 2811 ;
1246 2778 1334 2812 Cod.
1350 2778 1539 2812 Bodleiano
1560 2778 1648 2822 (Roe
1668 2789 1709 2812 22
1729 2778 1874 2811 membr.

301 2837 369 2859 sec.
388 2825 473 2868 xiv),
492 2825 551 2858 fol.
574 2834 650 2868 170,
669 2836 773 2870 quem
790 2825 811 2858 b
831 2825 977 2869 signavi.
1148 2835 1199 2859 12.
1225 2825 1384 2867 λέγοντος
1401 2824 1593 2858 emendavi.
1612 2824 1769 2869 λέγοντες
1787 2823 1876 2859 Cod.

303 2871 406 2905 Laur.
424 2871 587 2916 λέγοντας
605 2871 640 2905 b.
952 2882 1004 2913 14.
1029 2870 1276 2916 μετατιθέντες]
1297 2883 1367 2904 non
1385 2871 1482 2905 addit
1499 2871 1546 2907 εἷς
1562 2869 1744 2915 ἀσέλγειαν
1762 2869 1877 2905 Chon.

304 2917 357 2952 16.
382 2919 484 2961 μόνος
501 2922 723 2962 assumptum
742 2930 782 2952 ex
801 2918 834 2952 b.
1058 2918 1110 2952 18.
1138 2918 1235 2952 δοτὸν
1252 2916 1358 2964 αὐτῷ]
1378 2918 1413 2952 δέ
1431 2917 1539 2963 ταύτῷ
1558 2917 1637 2961 (sic)
1656 2917 1691 2952 b.

1900 1201 1920 1240 5

1903 1611 1952 1635 10

1902 2430 1951 2454 20
