2012 3272
104 130 158 170 iv.
180 142 329 180 20‚21‚
352 145 390 170 v.
409 139 449 183 5.
502 129 571 169 IN
606 128 949 169 EPISTOLAM
982 128 1017 169 I.
1056 127 1138 167 AD
1162 126 1551 167 CORINTHIOS.
1606 126 1687 166 261

1728 195 1798 234 [55
1818 194 1866 225 M-
1886 193 1899 234 ]

105 236 223 288 κατὰ
247 236 398 305 φύσιν
422 236 557 291 ὄντος
584 241 720 288 Θεοῦ·
762 239 984 288 ἀποτελεῖ
1013 235 1061 286 δὲ
1093 234 1211 301 πρὸς
1237 240 1376 286 τοῦτο
1409 237 1483 286 καὶ
1516 234 1691 289 παντὸς

104 318 439 387 ἀξια[γασ]τοῦ
501 318 781 385 πράγματος
832 316 1131 382 ἐπιμελητάς·
1204 318 1258 368 οὗ
1309 317 1366 381 δὴ
1417 317 1685 382 γεγονότος,

105 399 537 462 καταπλουτήσειεν
564 401 621 451 ἄν
646 424 714 454 τις
746 402 821 451 καὶ
854 404 949 451 τῶν
975 400 1050 450 διὰ
1080 398 1355 463 Πνεύματος
1381 398 1692 466 χαρισμάτων

104 480 190 545 τὴν
216 481 505 550 ἀξιόληπτον
531 482 688 550 χάριν·
747 486 789 533 οὐ
815 481 906 550 ‘step
934 482 972 533 ἐν
998 483 1122 549 λόγῳ
1150 484 1170 542 ἦ
1196 483 1422 541 βασιλεία
1453 479 1532 531 τῶν
1561 485 1685 549 οὐρα·
1710 504 1842 526 ver-²0-

62 562 190 625 5νῶν,
217 566 328 614 ἀλλ’
358 564 394 614 ἐν
434 561 630 631 δυνάμει·
679 562 733 615 τὸ
774 564 829 614 δέ
860 567 931 614 Ἐν
970 560 1148 632 δυνάμει
1189 562 1387 626 νοήσεις,
1419 565 1456 613 εἰ
1494 562 1579 625 μὲν
1618 563 1687 613 ἐπ’

105 645 259 695 αὐτῶν
293 643 483 714 φέροιτο
522 649 617 696 τῶν
655 647 801 711 ἁγίων
839 643 1141 706 ἀποστόλων,
1169 646 1231 698 ὡς
1269 647 1317 695 ἐν
1357 644 1491 711 ἰσχύϊ
1524 667 1574 694 τε
1614 644 1690 695 καὶ

105 727 312 795 ἐνεργείᾳ
336 728 394 794 τῇ
421 726 496 777 διὰ
522 733 604 778 τοῦ
633 727 921 789 Πνεύματος,
947 727 1054 777 καθ’
1086 727 1141 791 ἥν
1167 729 1259 777 εἰσι
1286 728 1362 777 καὶ
1389 730 1689 792 θαυματουρ-

106 809 197 873 γοί·
246 812 283 859 εἰ
320 809 362 857 δ’
391 809 462 875 ἐφ’
493 809 625 872 ἡμῶν
652 810 818 871 αὐτῶν,
845 811 907 862 ὡς
934 810 972 860 ἐν
999 805 1178 877 δυνάμει
1207 810 1323 875 ζωῆς
1348 811 1430 872 τῆς
1456 808 1592 874 ἁγίας
1618 810 1693 859 καὶ

105 893 380 955 εἰλικρινοῦς
407 889 571 959 ἐκδέξῃ
597 889 651 942 τὸ
678 891 932 957 εἰρημένον.

39 1072 86 1098 10
227 1055 278 1096 Τί
316 1056 487 1108 θὲλετε;
531 1057 576 1097 ὲν
616 1057 760 1114 ῥάβδῳ
796 1058 912 1099 ἔλθω
949 1057 1057 1115 Πρὸς
1094 1059 1203 1106 ὑμᾶς
1241 1057 1265 1098 εἳ
1303 1057 1348 1098 ὲν
1386 1058 1558 1115 ἀΓάΠῌ;
1716 1068 1759 1093 21

181 1165 439 1229 Βούλεσθε,
467 1169 632 1235 φησὶν,
663 1166 825 1235 σοφὴν
856 1167 1111 1236 ἐπίπληξιν
1142 1168 1216 1236 οἵᾳ
1253 1169 1342 1218 τινὶ
1380 1163 1533 1237 ῥάβδῳ
1571 1168 1690 1217 ἐπα-

106 1246 243 1313 γοίγω
279 1252 375 1301 τοῖς
418 1248 775 1315 ἡμαρτηκόσιν;
836 1249 856 1310 ἦ
899 1251 937 1301 ἐν
969 1248 1188 1316 πνεύματι
1234 1247 1475 1317 πραΰτητος
1512 1254 1589 1301 καὶ
1631 1253 1693 1304 ὡς

107 1331 145 1381 ἓν
189 1329 356 1405 ἀγάπῃ
398 1333 729 1399 προσενεχθεὶς
773 1330 1067 1398 παραδράμω
1113 1331 1417 1397 σεσιγηκώς;
1477 1333 1588 1382 ἀλλ’
1634 1331 1693 1395 ἧν

107 1411 296 1475 ἄμεινον
322 1413 477 1466 αὐτοῖς
504 1413 530 1476 ἡ
558 1413 811 1482 ε’πίπληξις
844 1414 942 1477 ἅμα
972 1413 1217 1464 κόπτουσα
1242 1412 1296 1464 τὸ
1336 1412 1485 1464 δεινὸν
1524 1416 1599 1465 καὶ
1637 1414 1692 1465 τὸ

40 1513 86 1552 15
107 1492 320 1563 ῥᾴθυμον
347 1496 421 1545 καὶ
448 1497 531 1558 τῆς
556 1494 770 1559 τοιαύτης
795 1497 1089 1561 παρανομίας
1115 1495 1201 1559 τὴν
1227 1496 1531 1562 ἐπιχείρησιν·
1587 1498 1693 1562 περὶ

105 1576 160 1640 ἧς
198 1578 273 1627 καὶ
299 1576 326 1640 ἡ
354 1574 664 1630 θεόπνευστος
703 1576 794 1644 ἔφη
833 1577 997 1643 γραφὴ
1036 1579 1140 1642 περὶ
1178 1581 1272 1627 τῶν
1305 1577 1361 1646 ἐξ
1381 1577 1583 1642 Ἰσραὴλ
1617 1577 1694 1629 διὰ

106 1660 267 1725 φωνῆς
287 1657 430 1721 Ἰωήλ
456 1665 483 1688 “
503 1660 598 1709 Καὶ
627 1658 721 1712 υἱὸς
747 1660 822 1709 καὶ
848 1658 1003 1724 πατὴρ
1031 1659 1172 1709 αὑτοῦ
1198 1658 1550 1725 εἰσεπορεύοντο
1575 1659 1694 1726 πρὸς
1713 1676 1817 1707 Amos
1835 1676 1867 1707 ii.
1889 1682 1915 1716 7.

106 1747 134 1770 “
161 1739 247 1804 τὴν
287 1740 432 1805 αὐτὴν
472 1741 747 1805 παιδίσκην,
790 1740 917 1795 ὅπως
961 1741 1289 1805 ΙΒεβηλώσωσι
1332 1740 1386 1792 τὸ
1426 1740 1574 1804 ὄνομα
1612 1747 1695 1793 τοῦ

500 1823 510 1839 ²

109 1829 136 1852 ‘⁶
163 1826 288 1873 Θεοῦ
314 1823 495 1875 αὐτῶν.’
550 1823 725 1886 ταύτην
752 1825 875 1890 φησὶ
900 1821 987 1887 τὴν
1012 1824 1232 1889 πορνείαν
1254 1820 1343 1875 οὐδὲ
1371 1825 1407 1875 ἐν
1433 1827 1519 1878 τοῖς
1547 1822 1697 1876 ἔθνεσιν
1714 1850 1783 1881 cap.
1804 1851 1833 1871 v.
1856 1849 1882 1871 1.

39 1925 89 1950 20
107 1904 237 1956 ἔστιν
263 1906 476 1955 ἀκοῦσαι·
518 1905 687 1969 Θησέα
713 1903 805 1971 γὰρ
830 1904 1016 1969 ἠκηκόει
1042 1928 1133 1956 που
1161 1904 1280 1956 κατὰ
1306 1905 1359 1956 τὸ
1386 1904 1503 1959 εἰκὸς
1527 1910 1692 1971 τεθηγ-

106 1986 247 2050 μένον
278 1988 353 2038 ἐπὶ
383 1990 450 2056 τῷ
485 1987 583 2056 ἰδίῳ
614 1989 759 2047 παιδὶ,
785 1985 1147 2051 ἐπαρασάμενόν
1173 2010 1222 2038 τε
1257 1988 1397 2057 αὐτῷ,
1424 1990 1500 2038 καὶ
1533 1986 1589 2052 δὴ
1618 1989 1695 2038 καὶ

107 2068 395 2120 ἀπεκτονότα
441 2068 816 2133 διαβεβλημένον
857 2070 906 2119 ἐκ
944 2073 1184 2135 μητρυιᾶς·
1233 2071 1310 2120 καὶ
1348 2069 1528 2135 ἑτέρους
1566 2068 1694 2123 τινὰς

107 2152 181 2202 ἐπὶ
211 2153 414 2202 τοιοῖσδε
447 2149 692 2214 αἰτιάμασι
731 2155 830 2203 ταῖς
868 2154 963 2201 τῶν
1000 2155 1207 2214 ποιητῶν
1244 2151 1512 2214 εὖστομίαις
1551 2173 1688 2202 κατε-

108 2232 427 2298 σκωμμένους.

41 2405 89 2443 25
123 2391 398 2450 Παραὸοῦναι
435 2392 507 2434 τὸν
544 2394 734 2434 τοιοῦτον
772 2393 834 2446 τῷ
871 2395 1032 2451 σατανᾷ
1071 2391 1131 2434 εἰς
1168 2393 1350 2450 ὄλεθρον
1387 2396 1464 2435 τῆς
1502 2395 1673 2451 σαρκός.
1713 2400 1813 2449 Κεφ.
1833 2395 1914 2450 ε’.5

181 2506 420 2575 Ἀπέδειξε
466 2508 520 2557 δι’
568 2503 633 2557 ὧν
672 2505 755 2557 τὸν
798 2505 1147 2572 πεπορνευκότα
1191 2506 1388 2557 δέδωκεν
1427 2512 1486 2561 εἷς
1535 2505 1693 2575 ὄλεθρον

108 2586 185 2647 τῆς
228 2588 393 2659 σαρκὶς
429 2588 502 2639 ‘lm
541 2586 588 2639 τὶ
631 2589 808 2656 πνεῦμα
849 2586 974 2659 σωθῇ,
1015 2588 1065 2639 τί
1104 2589 1236 2639 ἐστιν
1278 2594 1306 2617 “
1324 2588 1428 2639 Οὐκ
1469 2590 1518 2639 ἐν
1560 2586 1692 2657 λόγῳ
1709 2603 1815 2644 Supra
1827 2602 1869 2634 iv.

109 2676 136 2698 “
161 2671 274 2721 ἀλλ’
302 2672 349 2721 ἐν
381 2668 571 2732 δυνάμει
605 2670 633 2734 ἡ
659 2670 886 2732 βασιλεία
924 2674 1018 2721 τῶν
1043 2670 1298 2736 οὐρανῶν·”
1340 2670 1558 2739 ἐξουσίας
1598 2669 1692 2736 γὰρ
1711 2656 1763 2678 ²⁰⁰

156 2850 187 2874 2.
211 2839 422 2885 ἇξιαγαστοῦ
439 2839 632 2875 emendavi.
648 2841 727 2885 ἀξια
747 2867 754 2875 .
775 2865 785 2877 .
804 2868 812 2876 .
830 2843 890 2876 τοῦ
908 2841 983 2875 Mai
1000 2846 1034 2875 et
1050 2841 1097 2876 ita
1114 2842 1157 2875 A.
1264 2841 1297 2875 8.
1322 2841 1359 2875 δὲ
1377 2842 1420 2875 A.
1532 2851 1544 2873 1
1556 2851 1585 2873 1.
1612 2839 1692 2873 ἐπα-

111 2889 204 2930 γαγῶ
223 2886 266 2920 A.
430 2897 481 2921 12.
511 2886 700 2932 πραΰτητος
717 2887 822 2922 habet
839 2894 873 2922 et
889 2888 934 2922 A.
1101 2896 1155 2933 15.
1181 2889 1239 2931 τῆς
1256 2899 1327 2922 om.
1346 2888 1390 2920 A.
1558 2897 1614 2920 21.
1640 2886 1694 2920 καὶ

112 2931 170 2967 alt.
187 2938 410 2978 assumptum
428 2944 469 2967 ex
487 2933 531 2968 A.
722 2943 778 2979 25.
806 2933 972 2970 Scholion
988 2934 1055 2969 hoc
1074 2940 1298 2979 assumptum
1315 2945 1356 2968 ex
1377 2933 1425 2968 H.
