2012 3272
88 580 110 617 5

64 995 111 1020 10

64 1810 112 1835 20

130 124 336 177 xi.4sqq.
398 121 468 162 IN
503 122 588 163 ΕΡ.
620 121 655 161 Ι.
694 121 776 162 AD
814 121 1201 162 CORINTHIOS.
1253 122 1366 164 LIB.
1400 124 1477 163 lv.
1630 125 1712 163 233

129 232 204 281 καὶ
246 229 441 297 ὁριστὴν
482 229 565 281 τὸν
603 232 684 293 τῆς
724 229 914 296 φύσεως
956 229 1133 293 νόμον;
1191 230 1393 297 ἀνδράσι
1431 230 1516 294 μὲν
1554 231 1646 298 γὰρ
1686 232 1713 294 ἡ

128 313 371 379 παρῥησία
408 311 796 377 πρεπωδεστάτη,
829 312 1010 376 γυναικὶ
1049 311 1197 376 γεμὴν
1237 312 1291 363 τὸ
1330 312 1714 377 ἐγκαλύπτεσθαι

130 392 326 456 κόσμος·
379 394 546 443 οὐκοῦν
585 393 716 458 ὕβρις
756 396 819 445 εἰς
858 392 913 443 τὸ
956 392 1220 460 ἀρχέτυπον
1261 393 1328 457 εἴη
1369 393 1426 444 ἂν
1465 396 1540 444 καὶ
1580 394 1714 457 μα’λα

129 474 326 537 εἰκότως,
353 477 436 537 τῆς
462 472 636 528 εἰκόνος
666 472 720 524 τὸ
747 473 966 527 ἀκαλλές·
1020 478 1056 524 εἰ
1082 473 1175 540 γάρ
1201 476 1333 525 ἐστιν
1359 475 1455 544 ανὴρ
1484 474 1604 527 εἰκὼν
1634 481 1711 526 καὶ

131 553 236 625 δόξα
264 557 390 613 Θεοῦ,
416 556 664 620 πεποίηται
701 554 795 622 γὰρ
833 555 954 606 κατὰ
991 554 1074 609 τὰς
1112 556 1303 625 γραφὰς
1339 558 1498 619 οὕτως,
1525 557 1714 623 σωζέτω

131 640 239 707 Θεῷ
270 636 356 701 τὴν
393 637 671 703 πρέπουσαν
709 638 993 704 παρῥησιάν,
1020 637 1433 689 ἀκατακάλυπτον
1472 639 1591 705 ἔχων
1630 638 1716 703 τὴν

133 718 363 788 κεφαλὴν,
394 720 470 770 καὶ
502 720 585 770 οὐκ
626 719 913 783 ἐπιτιμώσης
953 720 1079 788 αὐτῷ
1116 722 1199 783 τῆς
1238 719 1428 788 φύσεως
1467 720 1529 774 ε’ίς
1568 743 1621 785 γε
1660 720 1715 770 τὸ

129 799 507 852 ἐκκαλύπτεσθαι
534 804 643 851 δεῖν·
685 800 931 867 ἐλεύθερον
956 800 1049 867 γὰρ
1075 800 1129 851 τὸ
1156 805 1279 852 θεῖον
1305 803 1380 851 καὶ
1406 801 1525 867 πέρα
1549 801 1716 865 μώμου

128 881 318 945 παντὸς,
345 882 437 951 ἰδίᾳ
464 904 513 932 τε
548 881 665 950 δόξῃ
698 888 1061 933 καταπλουτοῦν
1087 884 1161 932 καὶ
1188 883 1591 946 τεθαυμασμένον.
1641 888 1716 933 καὶ

130 964 255 1031 εἴπερ
287 966 417 1015 ἐστὶν
444 965 471 1028 ἡ
497 962 614 1029 γυνὴ
651 966 760 1014 καθ’
796 965 1023 1028 ὁμοίωσιν
1049 964 1231 1031 ἀνδρὸς,
1259 967 1333 1015 καί
1370 963 1503 1014 εἰκὼν
1530 965 1716 1026 εἰκόνος,

130 1049 204 1097 καὶ
241 1046 383 1116 δόξης
414 1045 544 1115 δόξα,
574 1050 816 1110 νομοθετεῖ
848 1046 896 1097 δὲ
921 1047 1039 1113 αὐτῇ
1074 1047 1149 1096 καὶ
1175 1046 1228 1097 τὸ
1256 1051 1406 1109 κομᾶν
1431 1047 1458 1109 ἡ
1487 1047 1646 1114 φύσις,
1673 1047 1722 1097 τί

128 1127 183 1179 τὸ
220 1133 410 1195 πρῶτον
449 1132 708 1196 φιλονεικεῖ
741 1127 794 1179 τὸ
835 1128 1074 1194 ὑστερίζον
1106 1130 1154 1179 ἐν
1185 1127 1371 1196 χάριτι;
1425 1130 1522 1179 κατ’
1565 1128 1718 1178 εἰκόνα

128 1210 213 1274 μὲν
238 1209 331 1277 γὰρ
357 1213 432 1261 καὶ
461 1211 578 1274 αὕτη
600 1212 675 1260 καὶ
702 1211 929 1274 ὁμοίωσιν
951 1214 1090 1273 Θεοῦ,
1111 1210 1238 1273 πλὴν
1266 1213 1327 1264 ὡς
1355 1209 1431 1260 διὰ
1458 1210 1607 1273 μεό-ου
1633 1216 1717 1260 τοῦ

130 1292 315 1358 ἀνδρὸς,
358 1290 481 1343 ὥστε
521 1290 641 1342 κατά
677 1315 722 1342 τι
760 1291 1092 1358 παραλλάττοι
1130 1292 1287 1359 βραχὺ
1326 1291 1411 1355 τὴν
1444 1292 1609 1360 φύσιν·
1664 1292 1717 1341 οὐ

131 1373 381 1442 γράψομαι
405 1377 528 1424 αἰδοῖ
549 1370 979 1439 περιστέλλουσαι),
1007 1376 1069 1427 ὡς
1095 1373 1171 1436 ἔνι,
1200 1374 1254 1423 τὸ
1281 1373 1397 1442 ζῷον
1424 1375 1497 1423 καὶ
1525 1376 1712 1441 στεφα-

131 1460 309 1506 νοῦσαν
344 1459 402 1523 τῇ
432 1454 565 1523 κόμῃ·
606 1455 660 1506 τὸ
700 1455 793 1521 γάρ
827 1478 898 1506 τοι
932 1454 1352 1522 παρρησιάζεσθαι,
1386 1455 1601 1523 γυναιξὶν
1634 1455 1717 1504 οὐκ

129 1536 338 1603 ἀζήμιον.
391 1538 558 1587 οὐκοῦν
599 1536 1030 1588 κατακαλυπτέσθω
1070 1538 1193 1603 φησὶ
1233 1533 1309 1587 δια
1338 1536 1433 1591 τους
1468 1537 1714 1602 αγγέλους,

130 1621 278 1683 δῆλον
305 1617 353 1669 δὲ
380 1618 451 1669 ὅτι
483 1616 590 1673 τοὺς
624 1624 724 1672 ταῖς
758 1619 1031 1683 ἐκκλησίαις
1070 1617 1388 1683 ἐνιδρυμένους
1419 1618 1549 1684 παρὰ
1577 1622 1716 1670 Θεοῦ.

131 1701 217 1767 οὐχ
255 1699 326 1751 ὅτι
363 1698 617 1767 πάσχουσί
651 1723 696 1750 τι
734 1702 782 1751 ἐν
812 1702 878 1770 τῷ
917 1702 1031 1766 ὁρᾶν
1063 1704 1302 1765 γυναῖκας·
1356 1700 1596 1765 ἄνθρωποι
1634 1698 1719 1763 μὲν

132 1781 224 1848 γὰρ
256 1782 310 1833 τὸ
339 1781 468 1849 παχὺ
495 1781 551 1846 δὴ
577 1788 715 1833 τοῦτο
753 1784 828 1833 καὶ
861 1781 956 1833 ἀπὸ
988 1785 1075 1848 ’γῆς
1112 1782 1295 1849 ἔχοντες
1322 1785 1478 1845 σῶμα,
1507 1783 1582 1831 καὶ
1618 1787 1718 1834 ταῖς

129 1863 352 1933 ἐμφύτοις
388 1864 573 1928 ἡδοναῖς
604 1861 721 1929 πρὸς
754 1862 814 1914 τὰ
845 1863 1017 1931 αἰσχίω
1055 1863 1413 1926 κατωθούμενοι,
1440 1862 1634 1914 πάθοιεν
1660 1862 1719 1913 ἂν

130 1945 184 1996 τὸ
223 1944 424 2008 βλάβος,
453 1950 552 1998 ταῖς
581 1945 784 2010 γυναίων
817 1943 957 2011 ὥραις
992 1946 1064 2012 ἐφ’
1093 1942 1124 1995 ἃ
1157 1944 1222 2009 μὴ
1248 1945 1490 2010 πρόσηκεν
1524 1944 1719 2011 ἐρεθιζό-

130 2047 275 2091 μενοι·
328 2029 434 2093 περὶ
472 2026 527 2077 δέ
555 2049 609 2092 γε
635 2031 729 2077 τῶν
756 2027 902 2092 ἁγίων
929 2026 1164 2092 ἀγγέλων,
1191 2027 1238 2077 τί
1261 2027 1318 2076 ἄν
1343 2050 1412 2080 τις
1438 2027 1535 2094 ε”χοι
1561 2032 1712 2077 τοιοῦ-

130 2132 212 2160 τον
247 2108 274 2174 ἢ
311 2114 430 2160 νοεῖν
469 2107 497 2172 ἢ
535 2107 758 2176 φράσαις
813 2106 938 2174 ἅγιοι
980 2106 1073 2173 γάρ
1113 2110 1205 2159 εἰσι
1243 2108 1319 2158 καὶ
1357 2109 1508 2175 ῥύπου
1542 2107 1719 2161 παντὸς

132 2192 342 2255 ἀμείνους
374 2190 444 2241 ὅτι
480 2192 554 2240 καὶ
580 2189 670 2257 ἔξω
697 2188 874 2255 σαρκὸς
909 2194 1097 2242 λεπτοῖς
1125 2212 1173 2239 τε
1201 2191 1276 2239 καὶ
1304 2194 1485 2253 νοητοῖς
1517 2192 1593 2239 καὶ
1624 2193 1719 2242 τοῖς

133 2272 246 2339 ὑπὲρ
284 2278 394 2323 νοῦν
432 2270 513 2322 τὸν
552 2270 847 2336 ἀνθρώπινον
886 2271 1158 2337 κεχρημένοι
1201 2270 1445 2334 σώμασιν·
1502 2271 1612 2319 ἀλλ’
1648 2270 1720 2320 ὅτι

133 2355 432 2422 δυσφοροῦσι
476 2353 586 2403 λίαν
624 2356 661 2402 εἰ
701 2355 922 2415 ἀμελοῖτο
961 2351 1078 2418 πρός
1116 2375 1240 2405 τινος
1276 2353 1300 2402 ὁ
1336 2357 1419 2402 τοῦ
1459 2351 1720 2416 πρέποντος

133 2435 287 2499 νόμος.
341 2434 508 2500 πρέποι
541 2432 591 2484 δὲ
627 2433 815 2502 γυναιξὶ
852 2432 905 2484 τὸ
933 2433 1399 2484 κατακαλύπτεσθαι·
1453 2435 1526 2482 καὶ
1554 2432 1720 2483 τούτου

133 2516 308 2583 μάρτυς
334 2517 361 2580 ἡ
389 2515 552 2584 φύσις·
600 2518 621 2576 ἦ
651 2515 745 2582 γὰρ
780 2517 892 2584 κόμη
925 2517 1077 2584 φησὶν
1103 2519 1195 2566 αντ)
1228 2516 1518 2584 περιβολαίου
1545 2511 1717 2564 &Eoum

179 2694 212 2727 3.
239 2683 279 2718 ἂν
296 2694 366 2717 om.
385 2683 428 2717 A.
627 2690 679 2726 17.
709 2681 782 2715 Inc-
801 2681 965 2724 κυρίλλου
982 2681 1059 2725 περὶ
1077 2681 1233 2727 ἀγγέλων
1250 2681 1487 2726 praemittens,
1506 2682 1718 2714 κατακαλυπ-

134 2729 244 2763 τέσθω
261 2730 315 2764 διὰ
335 2730 384 2763 Η.
578 2728 631 2762 18.
658 2728 762 2771 δῆλον
780 2728 815 2761 δέ
834 2727 886 2761 ὅτι
903 2739 972 2762 om.
994 2728 1042 2761 H.
1230 2727 1352 2771 19—26.
1379 2727 1442 2771 οὐχ
1461 2726 1719 2767 ὅτι-σώμασιν

134 2775 234 2809 nobis
253 2775 452 2820 suppeditat
472 2774 520 2808 H.
758 2773 813 2808 26.
839 2774 897 2807 τὸν
913 2773 1123 2816 ἀνθρώπινον
1139 2774 1333 2808 emendavi.
1352 2776 1418 2807 τῶν
1435 2773 1650 2820 ἀνθρωπίνων
1672 2772 1719 2806 H.

134 2821 212 2855 ἀλλ’
229 2822 280 2856 ὅτι
299 2823 518 2866 δυσφοροῦσι
539 2820 585 2854 Η.
604 2821 825 2864 δυσφοροῦσι
842 2820 908 2864 γὰρ
928 2820 994 2854 Ed.
1295 2829 1349 2864 27.
1376 2817 1619 2862 λίαν-νόμος]
1639 2818 1719 2850 ὅταν

136 2869 154 2900 ὁ
171 2870 230 2901 τοῦ
247 2868 435 2912 πρέποντος
451 2867 612 2910 ἀμελοῖτο
631 2868 730 2911 νόμος
751 2866 798 2901 Η.
1139 2867 1241 2912 28-p.
1263 2867 1340 2909 284,
1364 2879 1391 2901 1.
1419 2863 1719 2908 πρέποι-πρέπον

137 2921 355 2949 accesserunt
373 2926 413 2948 ex
434 2913 482 2948 H.

875 2980 986 3006 002

1750 188 1823 230 [63
1842 188 1921 228 M.]

1733 502 1797 522 ver.
1820 498 1846 531 7.

1736 1564 1802 1583 VGI'.
1820 1563 1866 1583 10.

1738 2540 1803 2559 ver.
1825 2539 1872 2568 15.
