2012 3257
113 207 126 250 [
145 215 181 250 75
200 209 237 240 Μ
242 234 249 242 -
268 211 280 250 ]

94 272 200 316 Sdpra
216 288 281 308 ver.

99 328 147 359 25.

94 415 142 446 Of.
159 417 192 447 in
211 417 242 447 S.

92 459 191 490 Joan.
206 470 267 500 332

94 513 163 543 sqq.

90 2066 122 2097 S.
135 2066 233 2096 Joan.

90 2110 146 2140 xii.
165 2119 215 2148 31.

317 146 401 186 306
548 147 596 187 B.
628 146 873 188 CYRILLI
909 146 1254 186 ALEXANDR.
1292 146 1663 187 FRAGMENTA
1742 159 1808 185 xv.
1829 144 1894 186 28.

317 260 465 319 λητον
506 260 573 325 τῷ
611 258 712 325 Υὶῷ
750 254 803 307 τὸ
849 254 981 306 (ίὺπὸ
1025 253 1131 308 τοὺς
1172 253 1321 309 πόδας
1364 256 1506 306 αὐτοῦ
1549 257 1735 318 τεθῆναι
1783 250 1891 304 τοὺς

318 343 345 365 “
365 337 558 403 ἐχθροὺς
584 337 767 400 αὐτοῦ,”
796 337 838 388 εἴ
859 360 912 402 γε
939 342 1020 387 νῦν
1044 337 1128 401 μὲν
1148 336 1491 400 συμβασιλεύει
1511 338 1576 406 τῷ
1598 337 1766 401 Πατρὶ,
1787 332 1893 385 τότε

317 417 365 469 δὲ
403 422 484 482 τῆς
522 419 771 480 βασιλείας
809 419 1032 469 ἐκπίπτει.
1083 418 1207 480 ὅμως
1241 418 1327 468 κᾶν
1366 418 1688 470 ὑποτάσσεται
1727 418 1751 467 ὁ
1779 414 1894 469 Υἱὸς

315 504 381 569 τῷ
409 503 563 566 Πατρὶ
602 502 656 551 οὐ
689 500 807 551 κατὰ
845 505 983 550 τοῦτο
1021 500 1174 564 ἥττων
1204 501 1306 550 ἐστὶ
1344 506 1427 551 τοῦ
1455 498 1658 566 Πατρός·
1706 497 1761 550 τὸ
1799 497 1893 563 γὰρ

315 585 397 646 τῆς
440 583 678 647 ὑποταγῆς
723 585 894 650 χρῆμα,
937 583 990 631 οὐ
1035 581 1226 649 φύσεως
1272 584 1347 632 καὶ
1391 582 1555 636 οὐσίας
1600 581 1706 647 ὅρος
1749 582 1935 650 ἐστὶν,5

314 663 445 714 ἀλλὰ
488 663 767 729 πράγματος
815 663 1091 731 ὑπεμφαίνει
1136 663 1327 728 τρόπον.
1385 667 1422 714 εἰ
1466 664 1647 729 γε’νοιτο
1696 665 1771 712 καὶ
1821 662 1892 730 ἐφ’

313 746 445 808 ἡμῶν
477 747 562 813 οὐχ
589 746 905 811 ἑτεροουσίους
942 744 1079 798 ὄντας
1118 744 1350 808 ἀλλήλοις
1390 746 1656 814 ἀποφαίνει·
1710 743 1891 804 πόθεν;

314 825 619 877 ὑποτάττεται
670 825 764 893 γὰρ
813 828 952 892 πατρὶ
1002 825 1087 889 μὲν
1132 828 1157 876 ὁ
1201 825 1308 888 υἱὸς,
1353 826 1562 894 δεσπότῃ
1609 825 1658 876 δὲ
1711 827 1893 887 δοῦλος,

313 907 589 978 διδασκάλῳ
629 907 676 959 δὲ
715 907 939 972 μαθητὴς,
966 907 1207 976 ἡγουμένῳ
1233 908 1291 958 δέ
1319 930 1388 960 τις
1427 912 1520 958 τῶν
1544 907 1635 958 ὑπὸ
1660 912 1793 975 χεῖρα
1819 910 1894 958 καὶ

313 990 674 1056 ὑπεζευγμένων.
719 991 829 1040 ἀλλ’
871 987 1003 1040 οὐδὲν
1047 991 1095 1039 ἐν
1133 988 1314 1043 τούτοις
1353 991 1377 1040 ὁ
1412 992 1495 1053 τῆς
1530 988 1893 1054 ὁμοουσιότητος
1913 1008 1961 1032 10

312 1073 532 1122 ἀδικεῖται
565 1072 725 1137 λόγος·
774 1073 865 1122 εἰσὶ
898 1069 992 1136 γὰρ
1021 1070 1255 1135 ἀλλήλοις
1288 1072 1521 1134 ὁμοειδεῖς,
1548 1068 1635 1121 κᾶν
1661 1074 1697 1121 εἰ
1728 1076 1895 1121 τοῦτον

312 1153 460 1220 ε”χοιεν
496 1152 578 1203 τὸν
610 1152 797 1219 τρόπον,
827 1151 1022 1205 ε’ίκοντές
1060 1175 1108 1202 τε
1148 1151 1379 1215 ἀλλήλοις
1418 1154 1494 1203 καὶ
1532 1150 1895 1214 ὑποταττόμενοι

311 1239 386 1286 καὶ
412 1235 466 1286 τὸ
501 1234 565 1298 μὴ
598 1236 680 1285 οὐκ
706 1232 1002 1299 ἀτιμάζοντες
1039 1232 1113 1284 διὰ
1149 1232 1204 1284 τὸ
1239 1233 1499 1303 σύμφερον.
1542 1234 1596 1284 τὸ
1630 1233 1784 1285 τοίνυν
1819 1236 1894 1284 καὶ

309 1317 383 1384 ἐφ’
410 1317 540 1380 ἡμῶν
567 1318 799 1367 ἀσθενοῦν
828 1320 929 1369 πῶς
961 1316 1034 1366 ἐπὶ
1062 1319 1187 1366 Θεοῦ
1219 1316 1528 1381 κρατύνουσιν
1552 1337 1564 1378 3
1605 1319 1643 1366 εἰ
1676 1314 1769 1381 γὰρ
1796 1314 1889 1383 φύ-

311 1420 432 1451 σεως
453 1398 623 1461 ἰδιότης
644 1397 745 1461 η’τοι
763 1397 933 1463 μέτρον
954 1395 1075 1448 καθά
1101 1401 1226 1465 φασι
1252 1395 1305 1448 τὸ
1328 1397 1678 1448 ὑποτάττεσθαί
1699 1398 1801 1448 ἐστι
1827 1399 1894 1465 τῷ
1914 1411 1960 1449 15

311 1480 432 1548 Υἶῷ,
462 1477 516 1530 τὸ
540 1477 604 1542 μὴ
632 1477 978 1529 ὑποτάττεσθαι
1006 1478 1197 1545 φύσεως
1223 1477 1378 1543 ἑτέρας
1404 1476 1576 1541 ἰδιότης
1600 1479 1729 1529 ἐστὶν
1754 1479 1894 1547 αὐτῷ,

310 1559 434 1627 τάχα
471 1583 563 1611 που
601 1560 655 1610 τὸ
693 1560 882 1624 ἄμεινον
919 1559 1029 1625 παρ’
1057 1560 1232 1623 ἐκείνην
1258 1559 1479 1626 ἐχούσης,
1511 1560 1638 1626 ε’ίπερ
1677 1561 1809 1611 ἐστὶν
1845 1561 1895 1610 ἐν

309 1643 495 1705 μείοσιν
526 1642 553 1705 ἡ
591 1641 821 1706 ὑποταγή·
871 1644 1170 1704 οἰκονομικῶς
1205 1640 1298 1707 γὰρ
1326 1640 1631 1692 ὑποτάττεται
1669 1641 1724 1692 δι’
1754 1641 1891 1704 ἡμᾶς.

311 1724 336 1773 ὁ
385 1722 432 1774 δὲ
483 1728 578 1774 τῶν
621 1725 775 1790 ῥητῶν
818 1724 980 1776 οὕτως·
1043 1721 1198 1785 ἐπειδὴ
1243 1722 1268 1772 ὃ
1319 1722 1565 1789 ἄνθρωπος
1616 1722 1896 1789 ἁμαρτήσας

311 1804 502 1870 γέγονεν
530 1804 617 1856 ὑπὸ
645 1803 830 1872 φθορὰν
857 1806 931 1855 καὶ
960 1803 1049 1855 ὑπὸ
1075 1810 1157 1854 τοῦ
1184 1803 1412 1864 διαβόλου
1438 1806 1514 1855 καὶ
1541 1808 1635 1854 τῶν
1662 1803 1894 1867 δαιμόνων
1913 1821 1963 1847 20

312 1885 527 1939 ἀποστὰς
554 1891 637 1937 τοῦ
664 1885 808 1954 φύσει
836 1889 975 1948 Θεοῦ,
997 1885 1161 1951 γε’γονε
1188 1886 1242 1936 δι’
1267 1886 1385 1949 ἡμᾶς
1412 1886 1658 1952 ἄνθρωπος
1684 1887 1709 1936 ὁ
1733 1890 1895 1936 Μονο-

312 1968 449 2033 γενὴς
475 1971 550 2018 καὶ
586 1967 848 2034 κατήργηκε
882 1973 965 2018 τοῦ
992 1966 1194 2018 θανάτου
1220 1967 1275 2018 τὸ
1311 1967 1499 2034 κράτος,
1529 1967 1666 2036 ἐξῆρε
1699 1969 1775 2018 καὶ
1808 1966 1894 2032 τὴν

315 2055 397 2101 τοῦ
429 2049 632 2101 θανάτου
665 2050 794 2116 ῥίζαν
830 2048 916 2112 τὴν
947 2050 1192 2115 ἁμαρτίαν,
1225 2049 1422 2118 ἐξέβαλε
1460 2049 1539 2100 τὸν
1571 2049 1778 2117 ἄρχοντα
1811 2054 1893 2100 τοῦ

315 2135 479 2185 αἰῶνος
514 2131 698 2183 τούτου.
754 2136 901 2183 ταῦτα
942 2129 991 2182 δὲ
1031 2130 1188 2182 ποίντα
1231 2131 1496 2197 πεποιηκὼς
1537 2132 1612 2182 καὶ
1651 2134 1733 2195 τῆς
1778 2130 1894 2195 ὅλης

314 2213 577 2277 οἰκονομίας
606 2213 1079 2279 συμπεπερασμένης,
1105 2214 1402 2280 παραδίδωσι
1433 2213 1648 2264 τουτέστι
1675 2234 1888 2278 προσκο-
1912 2224 1962 2263 25
2010 2250 2012 2266 1

313 2296 441 2357 μίσει
487 2297 553 2364 τῷ
598 2296 752 2360 Πατρὶ
796 2293 883 2358 τὴν
928 2296 1183 2352 βασιλείαν
1223 2294 1308 2358 τὴν
1348 2294 1703 2360 διηρπασμένην
1742 2292 1894 2345 πάλαι

314 2379 389 2427 καὶ
427 2377 503 2444 ὑφ’
533 2376 701 2442 ἑτέροις
739 2375 1064 2442 γεγενημένην,
1091 2375 1144 2427 τὸ
1176 2375 1550 2445 κατεξουσιάζειν
1575 2374 1765 2426 πάντων
1799 2379 1894 2426 τῶν

313 2459 388 2508 ἐπὶ
428 2461 515 2522 γῆς
552 2457 958 2521 ἀποκαταστήσας
1000 2458 1138 2525 αὐτῷ,
1179 2457 1531 2523 κατηργημένου
1570 2462 1652 2507 τοῦ
1690 2455 1894 2507 θανάτου

316 2539 390 2588 καὶ
429 2544 510 2588 τοῦ
549 2538 927 2602 τυραννήσαντος
966 2539 1065 2588 κατ’
1106 2539 1258 2588 αὐτῶν
1305 2542 1504 2600 σατανᾶ,
1544 2537 1636 2605 ἕξει
1680 2536 1827 2588 πάλιν
1866 2539 1892 2588 ὃ

315 2618 428 2672 Υἱὸς
460 2621 535 2669 καὶ
568 2622 629 2671 εἷς
662 2619 743 2670 τὸν
767 2619 1010 2683 μέλλοντα
1036 2622 1180 2669 αἰῶνα
1207 2622 1287 2682 τῆς
1315 2617 1433 2670 κατὰ
1459 2618 1649 2670 πάντων
1674 2619 1892 2688 ἐξουσίας
1911 2642 1961 2678 30

316 2698 401 2763 τὴν
428 2699 677 2766 ὑπεροχήν.

367 2852 378 2874 1
391 2853 418 2874 1.
446 2841 597 2884 ὁμοειδὴς
616 2840 704 2875 Cod.
879 2853 931 2886 13.
959 2842 1011 2875 καὶ
1028 2842 1066 2876 τὸ
1082 2842 1126 2885 μὴ
1145 2841 1221 2887 οὐκ]
1243 2842 1295 2876 Ita
1314 2842 1402 2877 Cod.
1421 2842 1609 2888 legendum
1627 2848 1665 2877 ut
1683 2842 1821 2877 videtur
1837 2842 1891 2877 καὶ

316 2888 353 2920 τὸ
370 2889 462 2930 μεῖον
479 2887 549 2920 οὐκ.
673 2896 727 2929 25.
753 2888 965 2932 παραδίδωσι
983 2888 1142 2923 τουτέστι
1158 2888 1402 2934 προσκομίσει]
1425 2890 1477 2924 Ita
1496 2889 1585 2924 Cod.
1706 2889 1760 2923 26.
1785 2889 1891 2925 πάλαι

317 2933 507 2967 emendavi.
524 2934 627 2967 πάλιν
645 2932 732 2967 Cod.

2008 2623 2012 2648 ff

2008 2652 2012 2670 ι

2004 2682 2008 2689 ,

2008 2744 2012 2819 Ξ
