2017 3252
78 214 263 254 [nm]

75 913 127 942 Ps.
145 912 189 942 ix.
205 921 255 942 22.

76 1480 160 1520 Eph.
180 1480 200 1509 i.
223 1488 269 1510 10.

79 1728 163 1759 forte
180 1727 218 1758 τὸ

83 1969 96 1990 1
113 1960 185 1991 Cor.
204 1970 256 1989 xv.

81 2012 131 2033 21.

85 2539 135 2569 Ib.
154 2546 203 2577 55.

292 141 377 182 394
493 140 545 180 B.
577 138 822 179 CYRILLI
857 137 1206 178 ALEXANDR,
1240 136 1614 178 FRAGMENTA
1741 135 1784 176 ii.
1808 148 1869 186 14.

295 249 369 298 καὶ
410 246 547 299 αὐτὸς
586 248 610 297 ὁ
652 244 928 311 Μονογενὴς
965 250 1048 295 τοῦ
1086 248 1212 295 Θεοῦ
1239 243 1394 309 Λόγος
1433 243 1524 310 ζωὴ
1567 241 1686 293 κατὰ
1724 241 1873 309 φύσιν

294 327 517 396 ὑπάρχων
561 327 762 393 μετέσχε
806 330 900 376 τῶν
941 326 1092 376 αὐτῶν
1130 327 1206 375 καὶ
1249 326 1303 375 οὐ
1347 326 1454 375 καθ’
1495 324 1652 390 ἕτερον
1690 321 1867 387 τρόπον

294 409 425 460 ἀλλὰ
465 409 813 475 παραπλησίως
851 407 926 457 ἵνα
969 405 1248 474 καταργήσῃ
1286 405 1368 457 τὸν
1406 404 1460 457 τὸ
1498 404 1666 470 κράτος
1705 404 1873 471 ἔχοντα

295 496 376 541 τοῦ
414 490 629 541 θανάτου.

367 569 560 634 Ἐπειδὴ
605 569 699 636 γὰρ
744 571 830 637 οὐχ
879 569 1042 635 ἑτερως
1081 567 1139 631 ἧν
1178 568 1409 619 δύνασθαι
1459 567 1512 618 τὸ
1563 566 1749 635 θανάτῳ
1798 567 1915 618 καὶὸ

294 653 454 720 φθορᾷ
488 653 563 702 καὶ
599 652 803 719 ἁμαρτίᾳ
838 650 1184 717 κατισχημένον
1210 649 1572 715 ἀνακομίζεσθαι
1602 646 1720 713 πρὸς
1747 646 1800 697 τὸ
1827 648 1875 696 ἐν

294 735 459 800 ἀρχαῖς
493 730 622 795 πλὴν
646 731 715 783 ὅτι
752 731 826 782 διὰ
862 732 1006 794 μόνου
1032 735 1262 796 Χριστοῦ,
1290 733 1371 793 τῆς
1397 727 1795 795 ε’νανθρωπήσεως
1820 727 1874 778 τὸ

293 815 554 880 μυστήριον
581 816 643 867 ὡς
677 816 724 864 ἐν
748 817 893 882 καιρῷ
927 811 1177 877 καθήκοντι
1211 815 1516 875 πληροῦσθαι
1552 808 1721 861 λοιπὸν
1746 832 1872 874 παρ-

295 895 450 946 εκοῖλει
478 895 632 960 λέγων
659 897 682 945 ὁ
710 893 935 960 μακάριος
960 894 1135 944 Δαυείδ
1161 900 1187 921 ‘⁴
1199 891 1305 942 Ἵνα
1331 894 1387 954 τί,
1419 893 1576 957 Κύριε,
1602 891 1877 959 ἀφέστηκας

297 984 323 1006 “
350 975 600 1043 μακρόθεν,
645 978 872 1044 ὑπερορᾷς
904 977 952 1026 ἐν
982 975 1226 1040 εὐκαιρίαις
1266 976 1314 1025 ἐν
1353 973 1618 1040 θλίψεσι;”
1659 971 1876 1039 ταύτῃτοι

295 1057 605 1122 Ἐμμανουὴλ
626 1058 862 1121 κέκληται·
905 1057 958 1107 οὐ
985 1055 1077 1121 γὰρ
1104 1056 1371 1122 ἀφέστηκεν
1397 1055 1461 1105 ε”τι
1487 1052 1719 1120 μακρόθεν
1746 1052 1878 1102 ἀλλὰ

296 1139 352 1203 δὴ
379 1140 571 1204 γέγονεν
602 1138 888 1204 ἐγγύστερον
912 1138 1016 1201 μεθ’
1044 1138 1176 1200 ἡμῶν
1202 1137 1447 1201 ἄνθρωπος
1474 1135 1693 1204 πεφηνὼς
1732 1136 1756 1185 ὃ
1795 1139 1877 1184 τοῦ

297 1224 422 1271 Θεοῦ
449 1220 622 1285 Λόγος.
677 1221 1013 1288 παραπλησίως
1048 1217 1141 1284 γὰρ
1176 1218 1284 1280 ἡμῖν
1318 1217 1530 1285 μετέσχεν
1562 1216 1760 1284 αἵματος
1799 1221 1876 1266 καὶ

298 1303 480 1372 (rapina
520 1300 674 1365 ἐπειδὴ
714 1300 901 1369 θανάτῳ
946 1302 1021 1350 καὶ
1063 1303 1223 1367 φθορᾷ
1266 1297 1540 1364 κεκράτηται
1582 1295 1634 1348 τὸ
1676 1298 1749 1347 ἐπὶ
1792 1299 1878 1360 γῆς

297 1386 430 1448 γένος
455 1383 697 1434 τουτέστιν
723 1383 747 1432 ὁ
784 1382 1043 1447 ἄνθρωπος,
1070 1382 1145 1431 καὶ
1179 1384 1245 1449 τῷ
1273 1384 1380 1448 Θεῷ
1419 1384 1484 1448 τῷ
1518 1378 1708 1430 πάντων
1735 1376 1878 1428 ἐδόκει

299 1464 373 1515 διὰ
399 1463 589 1528 πολλὴν
616 1462 878 1528 ἡμερότητα
908 1465 983 1513 καὶ
1011 1462 1372 1529 φιλανθρωπίαν
1398 1469 1425 1491 “
1444 1459 1876 1527 ἀνακεφαλαιώσα-

300 1554 326 1576 “
351 1551 467 1597 σθαι
492 1545 551 1596 τὰ
576 1545 732 1596 πάντα
755 1547 803 1595 ε’ν
829 1547 895 1614 τῷ
922 1548 1160 1612 Χριστῲ”
1188 1544 1262 1593 ἵνα
1300 1542 1469 1593 λοιπὸν
1495 1541 1704 1607 ἀτονήσῃ
1729 1539 1877 1590 θάνα-

298 1651 375 1681 τος
421 1629 496 1677 καὶ
534 1629 595 1680 ὡς
634 1629 682 1677 ἐν
719 1626 891 1695 πρώτῳ
930 1630 996 1694 τῷ
1036 1628 1234 1694 Χριστῷ
1272 1628 1571 1691 παραχωρῶν
1614 1623 1881 1689 εὑρίσκηται

300 1713 365 1778 τῷ
392 1713 522 1760 νικᾶν
549 1713 642 1761 τοῖς
667 1708 886 1772 ἐπιγείοις
911 1707 1151 1769 σώμασιν.

376 1791 517 1840 Οὕτω
541 1787 634 1855 γὰρ
661 1790 781 1839 οὕτω
809 1792 870 1841 εἰς
899 1786 1023 1838 ἅπαν
1049 1788 1180 1851 ἡμῶν
1206 1785 1260 1837 τὸ
1290 1787 1422 1852 γένος
1448 1785 1475 1849 ἡ
1502 1788 1584 1848 τῆς
1611 1785 1881 1852 ἀφθαρσίας

301 1872 493 1935 δύναμις
532 1868 870 1935 κατευρύνεται,
897 1870 972 1919 καὶ
1009 1868 1304 1919 πιστώσεται
1341 1866 1542 1934 γράφων
1570 1868 1594 1916 ὁ
1627 1864 1884 1919 θεσπέσιος

305 1957 500 2005 Παῦλος
533 1950 774 2014 αἘπειδὴ
814 1950 868 2001 δι’
906 1949 1156 2016 ἀνθρώπου
1195 1949 1392 2000 θάνατος
1432 1949 1508 1997 καὶ
1547 1949 1599 1997 δι’
1635 1946 1884 2012 ἀνθρώπου

305 2042 331 2063 “
358 2034 621 2086 ἀνάστασις
665 2036 890 2097 νεκρῶν.”
955 2031 1043 2081 ἔδει
1090 2029 1182 2095 γὰρ
1226 2030 1312 2080 ἔδει
1359 2028 1412 2080 τὸ
1462 2027 1694 2082 πεπονθὸς
1739 2032 1879 2093 θερα-

302 2113 529 2166 πεύεσθαι
574 2115 648 2164 καὶ
695 2113 770 2163 διὰ
820 2116 902 2175 τῆς
954 2115 1020 2180 τῷ
1062 2110 1250 2179 θανάτῳ
1294 2109 1662 2175 τυραννουμένης
1705 2108 1884 2174 σαρκὸς

304 2199 642 2262 καταργεῖσθαι
687 2195 904 2245 θάνατον.
968 2194 1131 2258 ὥσπερ
1176 2192 1270 2258 γὰρ
1315 2194 1364 2242 ἐν
1406 2191 1564 2254 Ἀδὰμ
1606 2189 1877 2256 προσκρού-

304 2300 440 2327 σασα
491 2276 566 2327 διὰ
617 2275 702 2340 τὴν
746 2275 1024 2341 παράβασιν
1067 2274 1309 2325 πέπτωκεν
1355 2271 1444 2323 ὑπὸ
1491 2271 1693 2322 θάνατον
1739 2272 1884 2324 οὕτως

306 2357 460 2421 ἐπειδὴ
499 2358 689 2423 γέγονεν
727 2356 965 2419 εὐδόκιμος
1001 2357 1049 2406 ἐν
1081 2358 1280 2423 Χριστῷ
1319 2353 1394 2403 διὰ
1432 2352 1517 2416 τὴν
1544 2351 1765 2414 ὑπακοὴν,
1792 2356 1885 2401 τῶν

306 2444 388 2489 τοῦ
424 2439 627 2489 θανάτου
660 2438 850 2504 βρόχων
875 2436 1096 2505 ἐξήρηται
1132 2438 1206 2485 καὶ
1241 2440 1334 2486 τῶν
1361 2434 1532 2484 ἐκείνου
1569 2431 1797 2495 δειμάτων
1823 2434 1884 2484 ὡς

308 2519 376 2570 ἐπ’
399 2521 553 2572 αὐτοῖς
578 2520 960 2584 ἀνασκιρτῶντας
981 2518 1100 2580 ἡμᾶς
1127 2518 1268 2566 ἐκεῖνο
1294 2519 1415 2574 βοᾶν
1435 2521 1460 2543 “
1481 2517 1584 2563 Ποῦ
1610 2535 1689 2562 σοι
1715 2510 1884 2563 θάνατε

1899 993 1946 1018 10

1903 1805 1952 1829 20

309 2607 335 2628 ‘⁶
359 2599 411 2649 τὸ
451 2604 587 2660 νῖκος,
622 2605 713 2649 ποῦ
752 2621 843 2648 σου
882 2598 970 2666 ᾅδη
1008 2597 1062 2647 τὸ
1102 2596 1290 2661 κέντρον
1310 2597 1347 2655 ;”
1404 2593 1494 2660 ζωὴ
1533 2593 1625 2659 γὰρ
1662 2592 1884 2660 ὑπάρχων
1905 2608 1955 2643 30

360 2788 388 2808 1.
415 2775 468 2808 καὶ
486 2775 584 2809 αὐτὸς
601 2787 670 2808 orn.
691 2775 783 2809 Catt.
802 2780 866 2809 cet.
938 2786 971 2819 3.
988 2773 1380 2830 παρ(ιπλησίως]-1-ἡμῖν
1399 2773 1461 2817 (ita
1480 2771 1696 2816 desinentes)
1716 2770 1808 2805 Catt.
1821 2775 1884 2804 cet.

309 2820 341 2854 6.
369 2836 618 2866 ΚαΤΕσΧημΕΙΙΟν
637 2822 695 2854 Cl'.
839 2832 890 2854 12
917 2819 1142 2865 Εγγυστέρθν]
1163 2819 1270 2853 Aue
1254 2834 1462 2864 Εγγυστέρθν
1479 2825 1538 2853 ant
1555 2817 1656 2864 ἐγγυς
1672 2832 1707 2851 ΤΕ
1726 2816 1886 2850 eXhibere

309 2867 753 2947 Ὶίῑᾶὲἰῐίιῖιέἵζ’ΐοὲωέγγύτερον
771 2867 907 2901 exhibet
926 2866 984 2900 Cr.
1129 2867 1182 2900 28.
1212 2865 1385 2909 ἐξήρτηται
1408 2865 1466 2898 Cr.
1616 2875 1669 2908 29.
1697 2861 1884 2908 legendum
