1981 3282
668 132 879 169 INDEX

120 143 400 168 REGENERATIO

119 252 359 300 Principium,
380 253 415 288 in
438 266 510 300 quo
531 252 659 296 Filius,
680 266 746 301 pro
770 253 873 289 Prin-

172 317 369 365 cipalitate.
392 318 470 365 capi
493 323 616 365 potest
641 320 700 361 13,
728 320 787 354 14.

117 380 319 418 “Processi
338 388 373 418 et
390 382 503 418 veni’'
525 382 580 429 (S.
596 383 704 418 Joan.
721 382 791 419 viii.
808 385 873 429 42)

172 446 341 482 Processi
371 447 415 483 de
438 448 688 483 Generatione
713 453 874 489 aeterna,

171 511 253 546 veni
275 511 319 546 de
340 512 502 548 humana
524 514 599 549 553
622 513 677 548 cd
692 525 721 548 e.

115 575 284 612 Processi
308 578 384 613 939
407 590 437 622 e,
459 577 504 613 cf.
528 579 603 613 965
626 577 658 612 b.

114 639 405 677 Procrastinatio
437 642 471 677 in
502 642 613 678 rebus
644 641 750 677 bonis
779 640 874 689 peri-

169 706 297 742 culosa
321 709 394 743 130
416 720 447 742 a.

115 774 135 790 “
157 770 379 807 Proficiebat
431 770 545 807 Jesus
603 770 783 818 sapientia
839 776 875 806 et

168 835 324 884 gratia''
346 836 433 884 quid
455 838 504 872 96
525 836 581 871 bis
602 836 636 871 d.

113 899 340 936 “Profunda
380 900 451 936 Dei
465 900 485 913 ''
533 914 625 948 quae
665 900 707 936 M
739 902 785 937 91
822 901 870 948 [p.

168 966 279 1012 339].

112 1029 385 1066 Promi-siones
408 1030 508 1067 haud
534 1036 633 1067 recte
657 1030 776 1066 factae
798 1043 871 1066 non

167 1095 369 1130 servandae
395 1098 469 1132 723
492 1108 523 1135 e.
548 1098 623 1132 724
645 1108 677 1131 a.

111 1158 278 1207 Prompti
318 1173 445 1196 sumus
493 1161 537 1196 ad
582 1173 620 1196 se
666 1160 872 1196 laudandos

167 1226 243 1260 242
267 1224 299 1259 (l.

109 1287 316 1336 Prophetas
358 1302 421 1324 eos
465 1290 526 1337 qui
565 1289 671 1337 signa
708 1290 872 1326 facerent

165 1353 361 1401 aliquando
382 1354 564 1390 vocabant
584 1354 719 1390 Judaei
741 1357 817 1391 612
840 1368 870 1392 a.

108 1415 301 1466 Propheta
320 1424 473 1466 propter
493 1419 748 1455 oeconomiam
764 1419 872 1455 Chri-

163 1488 242 1519 stus
264 1485 337 1519 661
362 1496 391 1520 c.

108 1546 339 1595 Prophetare
370 1549 456 1595 (sub
481 1549 723 1585 Testamento
753 1552 867 1595 novo)

163 1613 249 1660 quid
272 1612 313 1648 M
338 1614 399 1649 68.

107 1675 432 1725 Propinquitatem
452 1678 520 1714 Dei
542 1684 694 1719 arctam,
717 1678 866 1714 thesau-

162 1755 243 1778 rum
270 1743 360 1778 illud
386 1743 604 1790 pretiosum,
630 1756 705 1778 non
730 1743 869 1779 habent

159 1807 338 1855 neophyti
359 1808 422 1843 sed
443 1808 466 1843 ii
489 1808 549 1856 qui
571 1808 716 1844 virtutis
744 1808 868 1844 studio

161 1872 499 1920 exercitationeqjue
524 1878 561 1908 et
587 1878 756 1921 tempore
783 1886 865 1921 per-

159 1935 248 1971 fecti
268 1942 356 1972 sunt
381 1939 454 1972 144
476 1937 510 1973 b.

106 1998 411 2048 Propitiatorium
434 2001 546 2037 Filius
568 2002 788 2038 lncarnatus
814 2002 864 2039 iii.

161 2068 248 2102 407.

106 2129 272 2178 Propria,
304 2131 340 2166 in
373 2143 466 2178 quae
498 2131 599 2167 venit
624 2131 865 2180 Unigenitus„

159 2195 319 2242 populus
337 2196 431 2231 Suus
446 2195 561 2231 Israel
577 2197 626 2232 89
661 2196 755 2231 Eum
777 2209 865 2244 cog-

159 2265 345 2295 noverunt
387 2260 451 2295 sed
493 2260 705 2307 rejecerunt
752 2263 801 2297 89
832 2274 864 2305 c,

159 2324 459 2372 propinquissimi
478 2325 577 2366 facti,
601 2325 696 2360 ultro
718 2325 862 2361 decide-

159 2396 248 2424 runt
287 2391 336 2425 89
373 2401 403 2434 e,
453 2391 502 2426 90
536 2402 557 2425 a
622 2390 865 2437 quamobrem

158 2452 364 2489 illuminato
386 2454 536 2496 mundo,
559 2454 595 2489 in
615 2454 788 2490 tenebras
810 2467 865 2490 re-

156 2523 349 2554 verterunt
369 2519 417 2554 illi
441 2521 489 2555 90
510 2519 533 2554 b
548 2531 566 2554 c
580 2519 603 2554 d
616 2532 647 2554 e.

103 2580 256 2629 Proprie
295 2583 421 2619 existit
461 2583 586 2625 Filius,
628 2596 696 2620 nec
737 2590 863 2620 tamen

158 2658 203 2681 ex
246 2660 319 2682 una
351 2647 503 2684 Deitate
541 2655 687 2684 amotus
723 2651 795 2685 128
827 2649 860 2685 b.

163 2710 252 2746 Vide
272 2711 397 2754 Filius,
418 2725 453 2759 p.
471 2715 547 2749 626
570 2713 639 2748 col.
660 2715 677 2749 1
700 2714 781 2750 init.

102 2773 353 2822 Proprietates
383 2777 569 2812 naturales
601 2777 776 2814 radicitus
806 2779 861 2814 in-

156 2839 311 2875 haerent
332 2842 381 2876 68
404 2841 440 2882 d,
466 2843 513 2877 72
537 2854 568 2881 a,
596 2841 642 2878 iii.
666 2845 754 2885 594,
784 2846 857 2881 601

156 2915 284 2939 verum
304 2911 360 2940 est
381 2910 416 2940 ct
433 2905 659 2941 contrarium
683 2909 758 2944 303
776 2921 795 2944 c
824 2909 859 2944 in

940 133 972 168 R
986 133 1017 168 E
1035 134 1064 168 R
1080 134 1112 169 U
1129 134 1182 170 M.
1637 136 1713 172 645

1002 253 1218 289 exercitium
1251 259 1439 296 evocatae,
1481 256 1601 304 magis
1630 269 1708 293 ccr-

1002 323 1143 353 nuntur
1164 320 1240 354 658
1262 318 1297 360 b,
1320 320 1406 355 659.

948 382 1117 418 Psalmus
1131 388 1284 419 octavus
1298 384 1486 432 quomodo
1500 385 1710 435 intelligen-

1001 448 1071 483 dus
1091 447 1139 483 iii.
1163 450 1253 484 387.

948 511 1088 553 Pullus,
1112 512 1148 547 in
1170 526 1243 560 quo
1264 512 1399 549 insidet
1418 513 1541 555 Jesus,
1565 515 1707 552 Gentes

1000 576 1187 625 significat
1209 580 1286 614 404
1307 590 1326 613 c
1340 578 1376 614 d.

948 640 1083 677 Punire
1113 641 1280 678 Judaeos
1309 643 1614 691 concupiscentes
1642 658 1707 681 cur

999 706 1158 754 primum
1193 708 1311 744 noluit
1343 714 1475 756 postea
1509 710 1706 757 puniturus

999 771 1102 807 Deus
1132 774 1220 808 315.

946 834 1056 871 Punit
1107 849 1376 885 nonnunquam
1417 844 1454 874 et
1493 839 1529 874 in
1567 845 1705 877 terram

998 900 1099 936 Deus
1120 903 1197 938 210
1220 915 1239 937 c
1282 916 1356 938 non
1387 903 1438 939 ita
1467 905 1607 946 volens,
1640 907 1705 942 sed

997 977 1043 1000 ex
1063 967 1285 1003 necessitate
1306 967 1408 1004 Deus
1431 971 1506 1005 725
1529 970 1562 1006 d.

943 1030 1136 1080 Purgati0‚
1168 1035 1355 1081 quomodo
1395 1034 1517 1086 87ljd
1539 1049 1570 1073 e.
1617 1036 1705 1073 Vide

997 1096 1245 1134 Circumcisio
1266 1100 1452 1147 spiritalis.

942 1161 1175 1206 Purificatos,
1206 1176 1281 1199 non
1316 1177 1380 1200 eos
1415 1165 1476 1212 qui
1510 1166 1631 1202 adhuc
1664 1167 1702 1203 in

995 1227 1157 1274 peccatis
1182 1227 1297 1278 ligati,
1319 1229 1541 1267 visitationis
1568 1231 1703 1280 dignos

995 1290 1083 1327 facit
1103 1291 1204 1328 Deus
1226 1293 1271 1329 iii.
1296 1296 1387 1331 448.

942 1355 1087 1392 Puritas
1117 1357 1290 1393 omnibus
1320 1359 1381 1406 qui
1417 1360 1518 1395 aulas
1549 1360 1703 1397 Divinas

997 1421 1178 1458 intrarent
1200 1423 1379 1470 imperata
1404 1427 1475 1461 138
1499 1425 1520 1460 b
1538 1438 1569 1461 c.

941 1486 1059 1523 Purus
1107 1488 1218 1523 corde
1548 1489 1701 1527 Christo

994 1552 1100 1588 valde
1121 1558 1265 1588 amatus
1288 1555 1363 1590 736
1386 1567 1417 1590 a.

1258 1488 1295 1524 S.
1331 1488 1500 1526 Joannes

940 1616 1029 1653 Puri
1059 1618 1170 1653 corde
1195 1618 1274 1653 Deo
1302 1618 1461 1666 proximi
1484 1622 1560 1656 736
1581 1632 1600 1656 e
1622 1621 1698 1668 qui—

992 1682 1061 1717 bus
1109 1688 1145 1718 et
1193 1681 1242 1717 Se
1291 1689 1326 1718 et
1366 1683 1514 1720 Patrem
1560 1686 1699 1721 revelat

992 1747 1165 1782 Christus
1188 1750 1262 1784 737
1286 1748 1356 1788 ab,
1380 1748 1426 1784 cf.
1450 1751 1525 1786 828
1548 1763 1567 1785 a
1583 1750 1606 1785 b
1642 1750 1695 1785 in-

992 1811 1134 1847 habitat
1156 1812 1257 1848 Deus
1279 1814 1356 1849 834
1377 1826 1396 1849 e
1455 1814 1514 1861 qui
1540 1816 1641 1851 1004
1663 1827 1696 1855 e,

995 1877 1108 1913 1005.

1298 1985 1333 2028 Q

936 2071 1223 2115 QUAESTIONES
1264 2085 1374 2120 saepe
1416 2085 1491 2109 non
1532 2086 1600 2121 pro
1637 2087 1695 2111 re-

990 2137 1193 2184 sponsione
1214 2137 1279 2172 sed
1299 2138 1345 2172 ad
1365 2138 1602 2186 arguendum
1618 2141 1695 2175 566

989 2213 1008 2236 c
1058 2201 1103 2236 de
1134 2201 1202 2236 Dei
1231 2202 1266 2236 iu
1300 2208 1490 2238 creaturas
1521 2204 1696 2252 operibus

989 2265 1105 2300 semel
1142 2265 1323 2313 inceptae,
1362 2279 1553 2314 nunquam
1597 2268 1694 2303 desi-

989 2335 1082 2364 nunt
1114 2331 1202 2370 730,
1227 2331 1299 2366 731
1346 2343 1412 2378 per
1441 2331 1694 2378 primicerium

988 2393 1130 2429 faciunt
1151 2394 1321 2442 discipuli
1345 2398 1421 2432 755
1444 2409 1476 2432 a.

935 2464 955 2478 “
972 2458 1212 2502 Quomod0‚’'
1233 2459 1314 2495 Deo
1333 2460 1522 2508 loquente,
1538 2462 1693 2498 verbum

987 2523 1140 2570 impium
1169 2526 1244 2560 358
1268 2524 1425 2562 d——360
1445 2525 1480 2566 b,
1510 2526 1556 2561 cf.
1579 2525 1619 2561 M
1643 2528 1692 2562 76

990 2588 1041 2635 [p.
1063 2589 1172 2635 308]‚
1195 2589 1245 2625 iii.
1269 2591 1356 2626 552.

1296 2751 1330 2786 R

932 2846 1312 2883 REGENERATIONEM
1335 2847 1527 2884 hominum
1551 2860 1692 2897 eosque

984 2912 1075 2947 coeli
1094 2912 1193 2947 cives
1209 2912 1367 2954 efficere,
1382 2918 1562 2960 quantum
1576 2914 1692 2962 cupiit
