1981 3267
282 133 340 172 26
661 138 711 179 Β.
745 138 1026 179 CYRILLI
1067 139 1451 181 ALEXANDR.
1670 138 1785 180 xviii.
1811 151 1874 179 11.

61 243 572 312 1019A.a02ve}maa<efv
603 249 712 313 παρ’
741 248 853 310 ἐμοῦ
892 247 1138 312 διώρισται
1177 247 1331 312 νόμος,
1367 253 1606 314 λογισμοῦ
1643 254 1726 299 τοῦ
1763 247 1875 314 πρέ-

285 348 458 380 ποντος
491 329 516 377 ὁ
543 328 643 391 σὸς,
670 327 707 379 ὦ
736 328 901 395 Πέτρε,
928 328 1213 396 διέσφαλται
1248 336 1368 392 νοῦς,
1396 332 1471 381 καὶ
1504 334 1562 397 τῇ
1596 335 1690 382 τῶν
1720 352 1876 397 πραγ-

284 405 447 470 μάτων
475 408 619 476 φύσει
653 410 779 461 πολὺ
815 410 870 475 δὴ
899 411 1008 461 λίαν
1035 409 1225 480 ἀπῳδὸν
1264 411 1472 476 ἐποιήσω
1510 412 1564 463 τὸ
1605 412 1872 479 ἐγχείρημα.

286 490 567 555 δεδογμένου
610 515 658 542 τε
705 491 800 558 γὰρ
841 494 916 543 καὶ
961 492 1314 558 συναρέσαντος
1353 498 1419 563 τῷ
1459 498 1568 563 Θεῷ
1607 494 1684 544 καὶ
1725 493 1877 557 Πατρὶ

284 577 368 621 τοῦ
395 577 514 623 πιεῖν
539 576 668 624 τουτὶ
704 574 750 625 τὶ
778 576 967 643 ποτήριον
993 574 1083 637 ἐμὲ,
1111 575 1366 638 τουτέστιν,
1393 577 1602 626 ἐθελοντὶ
1635 577 1875 637 ὑπομεῖναι
1897 591 1919 630 5

285 651 368 703 τὸν
387 652 550 720 ὥσπερ
578 659 640 708 εἷς
669 657 816 707 ὕπνον
842 662 1074 722 καροῦντα
1102 657 1321 718 θάνατον,
1346 659 1420 709 ἐπὶ
1447 657 1706 708 καταλύσει
1731 654 1875 707 θανά-

287 757 369 785 του
405 738 481 786 καὶ
518 741 714 804 φθορᾶς,
741 742 842 792 πῶς
870 738 1132 790 ὑπεκνεύειν
1157 738 1434 802 ἀκόλουθον,
1462 739 1608 790 καίτοι
1643 737 1879 802 τοσαύτης

242 813 482 882 ὒάγαθῶν
529 819 650 873 Ζδεάς
694 820 909 887 ἀνίσχειν
952 823 1327 886 πεπιστευμένης
1372 826 1440 890 τῷ
1480 826 1575 872 τῶν
1615 820 1879 886 ἀνθρώπων

288 899 409 964 γε’νει
436 899 512 950 διὰ
536 907 619 952 τοῦ
644 906 765 954 πιεῖν
792 901 937 964 αὐτός
979 904 1004 953 ὁ
1030 902 1116 968 μὲν
1141 904 1221 955 οῦν
1245 908 1340 954 τῶν
1365 902 1680 971 προκειμένων
1699 903 1748 953 ἐν
1773 900 1881 953 τού-

287 1004 383 1034 τοις
437 982 487 1032 εῦ
539 983 672 1046 μάλα
723 985 1028 1052 περιορίζεται
1083 992 1205 1040 νοῦς·
1282 985 1391 1037 ’ίσον
1442 985 1490 1037 δὲ
1546 985 1697 1055 τούτῳ
1749 986 1881 1036 ἐστὶν
1903 1010 1952 1035 10

288 1064 431 1114 ἐκεῖνο
468 1064 628 1116 πάλιν·
683 1067 708 1117 ὁ
738 1065 824 1131 μὲν
862 1066 955 1133 γὰρ
985 1067 1159 1134 Κύριος
1197 1068 1329 1132 ἡμῶν
1366 1070 1554 1133 Ἰησοῦς
1586 1069 1611 1118 ὃ
1646 1066 1878 1135 Χριστὸς,

287 1146 617 1213 βεβαιοτέρους
662 1153 724 1202 εἷς
766 1150 932 1200 πίστιν
974 1149 1323 1217 ἀπεργάζεσθαι
1368 1150 1522 1202 θέλων
1565 1149 1672 1204 τοὺς
1717 1151 1882 1200 ἑαυτοῦ

288 1227 501 1291 μαθητὰς
532 1232 608 1280 καὶ
641 1230 696 1281 τὸ
731 1232 805 1282 ἐπὶ
841 1235 907 1301 τῷ
942 1233 1078 1302 τιμίῳ
1110 1236 1303 1301 σταυρῷ
1339 1231 1707 1299 προανατρέπων
1733 1230 1882 1282 σκάν-

290 1310 450 1371 δαλον,
471 1310 562 1377 ἔφη
583 1311 696 1363 ποτὲ
722 1312 841 1363 κατὰ
866 1312 1013 1377 μόνας
1039 1315 1193 1368 αὐτοῖς
1218 1314 1683 1381 προσδιαλεγόμενος
1712 1320 1737 1343 “
1756 1313 1882 1365 Ἰδοὺ

290 1397 317 1420 ‘G

64 1316 227 1348 S.Matth.

64 1371 119 1391 xx.
139 1361 188 1396 18,

64 1404 151 1434 xxvi.
166 1412 219 1444 45,

65 1447 131 1478 xvii
165 1455 204 1487 23
344 1392 659 1456 ἀναβαίνομεν
702 1398 765 1448 εἷς
808 1395 1123 1461 Ἱεροσόλυμα
1173 1398 1248 1447 καὶ
1294 1398 1319 1448 ὁ
1364 1397 1459 1451 υἱὸς
1504 1401 1586 1448 τοῦ
1632 1395 1884 1464 ἀνθρώπου
1906 1422 1955 1461 15

292 1480 318 1501 ‘⁶
341 1474 649 1539 παραδίδοται
701 1480 763 1531 εἰς
814 1482 972 1544 χεῖρας
1035 1480 1334 1546 ἁμαρτωλῶν
1384 1481 1461 1530 καὶ
1516 1479 1885 1545 σταυρώσουσιν

252 1579 275 1606 c
294 1561 320 1584 ‘⁶
346 1555 502 1619 αὐτὸν,
531 1560 606 1608 καὶ
633 1560 946 1611 ἀποκτενοῦσι
982 1562 1058 1611 καὶ
1093 1565 1152 1629 τῇ
1187 1563 1320 1630 τρίτῃ
1355 1562 1504 1631 ἡμέρᾳ
1535 1561 1882 1628 ἐγερθήσεται.”

294 1637 476 1704 Πέτρος
507 1639 555 1689 δὲ
582 1641 606 1690 ὁ
634 1642 904 1704 θεσπέσιος,
930 1644 984 1693 οὐ
1019 1643 1072 1693 τὸ
1099 1646 1148 1694 ἐκ
1183 1650 1266 1694 τοῦ
1296 1643 1476 1698 πάθους
1506 1643 1734 1708 ἐννοήσας
1759 1645 1881 1709 ἀγα·

293 1718 391 1780 θὸν,
432 1722 722 1789 ἀποβλέψας
761 1723 808 1775 δὲ
847 1729 908 1778 εἷς
952 1724 1102 1789 μόνην
1142 1725 1228 1790 τὴν
1273 1728 1322 1777 ἐκ
1360 1732 1443 1777 τοῦ
1485 1731 1653 1778 παθεῖν
1693 1726 1887 1795 ἀδοξίαν

68 1803 120 1835 Ib.
140 1803 207 1834 xvi.
295 1807 321 1828 66
341 1799 421 1852 ι’Ίλ
468 1802 480 1818 '
716 1805 727 1820 '
954 1809 967 1824 x
1077 1809 1087 1823 ›
1164 1808 1175 1822 x
1222 1808 1244 1825 ,t
1559 1814 1579 1823 Α
1655 1809 1678 1824 2,
1793 1810 1806 1826 χ
1880 1807 1892 1827 p

72 1856 122 1877 22⁴
424 1825 507 1856 εως
542 1827 622 1855 σοι
652 1809 814 1872 Κυριε,
845 1812 1011 1875 φησιν,
1038 1830 1091 1858 ου
1118 1833 1181 1871 μη
1214 1831 1349 1859 εσται
1383 1832 1463 1859 σοι
1497 1831 1650 1860 τουτο.
1733 1831 1807 1859 και
1841 1831 1886 1859 τι
1907 1835 1958 1862 20

71 1890 120 1921 lb.
140 1900 177 1930 23

294 1882 413 1949 πρὸς
450 1891 589 1937 τοῦτο
614 1887 858 1953 Χριστός;
901 1897 927 1919 “
945 1888 1137 1956 Γ’Υπαγε
1176 1892 1332 1942 ὀπίσω
1370 1914 1474 1955 μου,
1508 1895 1708 1953 σατανᾶ,
1740 1889 1887 1942 σκάν-

297 1971 323 1994 “
349 1965 498 2017 δαλόν
535 1991 626 2030 μου
659 1968 713 2020 εἶ·
757 1970 828 2021 ὅτι
862 1972 917 2023 οὐ
943 1977 1130 2039 φρονεῖς
1164 1972 1224 2023 τὰ
1261 1978 1344 2024 τοῦ
1371 1977 1496 2024 Θεοῦ
1528 1972 1659 2024 ἀλλὰ
1696 1972 1756 2024 τὰ
1793 1977 1889 2025 τῶν

298 2053 325 2075 “
348 2049 655 2115 ἀνθρώπων.”
703 2059 786 2104 τοῦ
819 2053 903 2118 μὲν
938 2053 1033 2121 γὰρ
1068 2059 1259 2124 φρονεῖν
1285 2053 1532 2109 ἐθέλοντος
1566 2054 1626 2106 τὰ
1660 2059 1889 2107 δοκοῦντα

299 2132 408 2198 Θεῷ
442 2130 580 2198 ἔργον
607 2132 664 2184 ἂν
690 2134 758 2198 ε’ίη
794 2138 870 2186 καὶ
905 2136 1088 2191 σκοπὸς
1118 2138 1229 2204 παρ’
1259 2136 1392 2188 οὐδὲν
1421 2137 1506 2201 μὲν
1538 2142 1774 2189 ποιεῖσθαι
1805 2136 1890 2191 τὰς

255 2212 347 2262 ἆέν
393 2212 560 2284 κόσμῳ
610 2215 762 2280 τιμὰς,
808 2220 884 2269 καὶ
927 2222 1010 2283 τῆς
1054 2221 1103 2270 ἐν
1148 2219 1412 2286 ἀνθρώποις
1456 2221 1665 2274 εὐκλείας
1708 2219 1889 2274 οὐδενὸς
1909 2238 1959 2278 25

300 2294 505 2362 ἀξιῶσαι
535 2296 684 2364 λόγου
718 2300 804 2364 τὴν
829 2299 1007 2366 ζημίαν,
1035 2302 1133 2353 ἔστ’
1162 2301 1220 2353 ἂν
1246 2301 1322 2353 διὰ
1352 2308 1435 2353 τοῦ
1460 2304 1536 2354 καὶ
1560 2308 1700 2354 τοῦτο
1723 2306 1892 2354 παθεῖν

301 2378 355 2428 τὸ
393 2383 490 2432 τοῖς
528 2379 697 2448 ἑτέροις
735 2382 985 2451 ἐξανύηται
1023 2384 1277 2452 χρήσιμον·
1333 2385 1360 2449 ἡ
1395 2384 1489 2452 γὰρ
1521 2384 1698 2451 ἀγάπη,
1725 2387 1891 2453 φησὶν,

76 2459 191 2544 ἑίξοέ
303 2466 331 2489 “
357 2462 410 2511 οὐ
435 2459 562 2526 ζητεῖ
587 2462 647 2513 τὰ
678 2465 882 2529 ἑαυτῆς·”
935 2473 1018 2518 τοῦ
1057 2466 1204 2533 γεμὴν
1228 2471 1290 2521 εἷς
1327 2467 1449 2531 μόνα
1486 2467 1803 2533 τετραμμένου
1840 2490 1892 2519 τε

303 2545 379 2593 καὶ
418 2544 683 2602 βλέποντος
722 2546 782 2597 τὰ
820 2549 1105 2614 ἀνθρώπινα,
1150 2548 1204 2600 τὸ
1248 2548 1491 2618 ἀφόρητον
1533 2549 1752 2614 ἡγεῖσθαι
1796 2554 1892 2600 τῶν

302 2626 377 2676 ἐπὶ
411 2628 500 2691 γῆς
532 2627 765 2696 δοξαρίων
790 2629 876 2693 τὴν
902 2631 1158 2694 ἀπώλειαν,
1185 2633 1261 2682 καὶ
1288 2635 1350 2685 εἷς
1374 2630 1520 2696 μόνον
1547 2632 1661 2698 ὁρᾶν
1687 2630 1741 2683 τὸ
1776 2631 1891 2683 ἴδιον
1910 2653 1963 2690 30

304 2707 499 2774 ἀγαθὸν,
525 2714 621 2762 τοῖς
647 2709 695 2760 δὲ
725 2716 807 2762 τοῦ
833 2711 983 2766 πέλας
1016 2712 1081 2777 μὴ
1109 2713 1464 2779 ἐπαλγύνεσθαι
1499 2718 1670 2767 κακοῖς.
1725 2711 1891 2780 ὥσπερ

303 2791 459 2843 τοίνυν
501 2793 548 2842 ἐν
585 2793 770 2846 ἐκείνοις
807 2792 1083 2845 σκάνδαλον
1127 2794 1315 2861 ἐλέγετο
1353 2802 1436 2847 τοῦ
1475 2799 1706 2862 Χριστοῦ,
1741 2797 1892 2847 καίτοι

351 2914 384 2949 5.
409 2903 586 2950 ποτήριον]
604 2906 749 2951 πότερον
766 2906 807 2940 Ε.
939 2906 972 2940 6.
999 2909 1165 2952 καροῦντα
1183 2907 1223 2941 Ε.
1245 2909 1432 2952 κρατοῦντα
1451 2906 1518 2941 Ed.
1646 2917 1700 2940 10.
1726 2909 1828 2941 τοῦτο
1846 2907 1890 2944 Ε.

311 2962 362 2996 17.
389 2951 630 2998 ἀποκτενοῦσι]
655 2956 692 2993 -1-
713 2953 814 2988 αὐτὸν
832 2953 898 2987 Ed.
919 2953 1029 2988 invito
1050 2954 1090 2988 E.
1251 2966 1303 2998 19.
1329 2956 1389 2988 τοῦ
1406 2959 1629 2998 assumptum
1648 2966 1689 2987 ex
1709 2954 1750 2988 E.
