2017 3252
325 145 408 184 598
762 144 809 185 B.
845 143 1092 185 CYRILLI
1130 143 1476 184 ALEXANDR.

324 252 542 318 Χριστὸν
569 252 802 304 δύνασθαι
837 255 921 305 οὐκ
959 252 1045 305 οἷδ’
1076 254 1201 308 ὅπως
1240 253 1641 317 ὑποτοπήσαντες,
1669 253 1744 304 διὰ
1773 252 1828 305 τὸ
1863 256 1911 305 ἐν

325 334 429 385 εἴδει
461 335 680 400 γενέσθαι
715 337 782 404 τῷ
813 336 921 385 καθ’
947 336 1066 399 ἡμᾶς
1095 339 1395 399 οἰκονομικῶς
1421 338 1496 386 καὶ
1521 334 1712 404 μορφὴν
1739 335 1911 386 δούλου

324 421 493 476 λαβεῖν
531 419 606 467 καὶ
645 420 1102 484 συναναστραφῆναι
1142 422 1239 472 τοῖς
1279 420 1355 469 ἐπὶ
1399 421 1488 483 γῆς
1529 418 1808 484 ἀνθρώποις.
1873 422 1911 468 εἰ

287 497 408 560 ομὲν
433 497 526 564 γὰρ
553 498 739 563 ἀπέστη
771 505 855 550 τοῦ
894 497 1008 550 εἶναι
1047 498 1072 550 ὃ
1111 497 1182 563 ἧν,
1222 503 1260 550 εἰ
1298 500 1702 567 μεταπεφοίτηκεν
1739 501 1790 550 ἐκ
1827 505 1911 551 τοῦ

324 578 437 631 εἶναι
464 579 586 634 Θεὸς
620 584 683 634 εἷς
709 581 763 631 τὸ
789 582 896 632 καθ’
926 581 1047 644 ἡμᾶς
1072 579 1184 632 εἶναι
1210 580 1369 644 μόνον,
1398 581 1684 648 ζητείτωσαν
1709 582 1758 632 ἐν
1785 582 1910 650 αὐτῷ
1930 596 1952 633 5
2009 597 2017 631 1}

325 665 407 725 τῆς
447 662 742 729 ἀνθρωπίνης
778 665 1025 717 ἀσθενείας
1062 662 1122 713 τὰ
1159 662 1452 728 ἐγκλήματα.
1518 667 1556 713 εὶ
1595 662 1644 713 δὲ
1680 662 1911 731 πεφόρεκε
2008 678 2017 686 ’“

326 743 401 795 διὰ
439 750 579 795 τοῦτο
619 744 705 808 τὴν
743 745 994 810 ἀνθρώπου
1033 745 1197 811 φύσιν,
1234 744 1288 795 ἵν’
1325 747 1387 803 ὡς
1427 745 1475 795 ἐν
1511 742 1668 807 Ἀδὰμ
1708 743 1905 808 ἀσθενή-
2007 701 2017 932 ἒ

325 849 490 876 σασαν
513 828 561 876 ἐν
587 828 713 895 αὐτῷ
752 827 882 895 δείξῃ
921 825 1251 890 δυνατωτάτην
1283 829 1358 877 καὶ
1394 826 1623 892 ἁμαρτίας
1657 827 1910 891 κρείττονα,

324 908 374 958 τί
413 908 794 975 περιεργάζονται
843 907 996 972 μάτην
1040 907 1064 958 ὃ
1106 910 1252 974 εὑρεῖν
1294 910 1347 959 οὐ
1393 907 1645 970 δυ’νανται;
1708 912 1809 961 πῶς
1860 907 1910 959 δὲ

101 995 248 1069 ξ-ἰὲῡξέ·
325 989 610 1041 ἐπελάθοντο
642 991 865 1057 λε’γοντος
904 992 1045 1041 αὐτοῦ
1078 999 1104 1020 “
1122 989 1350 1057 ’Έρχεται
1376 991 1400 1040 ὁ
1428 990 1587 1057 ἅρχων
1613 995 1695 1040 τοῦ
1726 988 1910 1053 κόσμου
1933 1020 1980 1044 10

162 1059 205 1078 ,ὓ
232 1062 238 1068 .

280 1079 352 1121 (1“
379 1072 558 1134 τούτου,
599 1074 674 1122 καὶ
716 1075 764 1123 ἐν
802 1074 901 1135 ἐμοὶ
942 1071 1128 1137 εὑρήσει
1169 1071 1348 1123 οὐδε’ν.”
1403 1076 1657 1136 κατηγορεῖ
1691 1070 1776 1133 μὲν
1815 1071 1909 1137 γὰρ

323 1155 348 1204 ὁ
375 1156 458 1216 τῆς
497 1155 726 1219 ἁμαρτίας
764 1152 949 1219 εὑρετὴς
986 1153 1148 1218 πάσης
1186 1152 1381 1219 σαρκός·
1437 1154 1548 1203 ἀλλ’
1577 1152 1635 1217 ἧν
1673 1152 1910 1218 ἄπρακτος
2014 1141 2017 1199 i

322 1237 370 1286 ἐν
395 1239 595 1303 Χριστῷ
627 1239 708 1299 τῆς
741 1237 914 1286 ἐκείνου
946 1235 1226 1299 σκαιότητος
1258 1236 1286 1299 ἡ
1312 1234 1565 1301 περιεργία,
1594 1236 1789 1300 ηὕρηται
1815 1234 1908 1301 γὰρ

102 1332 235 1362 Ib-viii-
323 1317 446 1371 ὅλως
487 1318 618 1368 οὐδέν
656 1320 704 1368 ἐν
742 1319 884 1387 αὐτῷ.
932 1320 1008 1368 καὶ
1046 1323 1160 1383 γοῦν
1199 1317 1290 1384 ἔφη
1329 1318 1447 1384 πρὸς
1481 1317 1734 1371 Ἰουδαίους
1775 1324 1802 1346 ‘⁶
1822 1318 1909 1370 Τίς

323 1407 349 1430 ‘⁶
377 1400 434 1468 ἐξ
467 1401 595 1461 ὑμῶν
632 1399 815 1466 ἐλέγχει
856 1423 913 1462 με
952 1401 1057 1465 περὶ
1095 1399 1359 1465 ἀμαρτίας;
1413 1403 1450 1449 εἰ
1491 1398 1715 1463 ἀλήθειαν
1755 1398 1903 1464 λέγω,
1932 1425 1978 1463 15

323 1490 349 1511 “
377 1481 452 1532 διὰ
493 1482 541 1532 τί
577 1483 703 1544 ὑμεῖς
741 1482 795 1532 οὐ
829 1481 1078 1532 πιστεύετέ
1113 1504 1192 1544 μοι
1215 1482 1257 1543 ;”
1301 1479 1465 1546 ὥσπερ
1497 1481 1652 1532 τοίνυν
1691 1481 1905 1546 κατεκρί-

323 1568 471 1628 θημεν
496 1566 544 1614 ἐν
568 1562 713 1627 Ἀδὰμ
748 1562 824 1614 διὰ
859 1563 943 1628 τὴν
969 1562 1214 1629 παρακοὴν
1240 1565 1316 1614 καὶ
1342 1566 1424 1627 τῆς
1451 1564 1577 1617 θείας
1603 1564 1798 1627 ἐντολῆς
1823 1561 1910 1627 τὴν

322 1644 618 1712 παράβασιν,
648 1648 794 1700 οὕτως
819 1647 868 1697 ἐν
894 1649 1095 1715 Χριστῷ
1134 1645 1466 1708 δεδικαιώμεθα
1501 1644 1577 1695 διὰ
1615 1643 1668 1696 τὸ
1707 1646 1903 1709 ἀπλημ-

285 1748 306 1774 e
324 1728 462 1792 μελές
502 1727 776 1794 ὀλοτρόπως
814 1730 890 1779 καὶ
927 1728 1013 1791 τὴν
1039 1732 1101 1782 εἷς
1135 1726 1264 1778 ἅπαν
1291 1731 1367 1778 καὶ
1393 1726 1648 1790 ἀμώμητον
1677 1725 1903 1791 ὑπακοήν.

324 1813 399 1861 καὶ
438 1809 492 1861 τὸ
531 1810 751 1878 καύχημα
784 1813 866 1873 τῆς
900 1811 1190 1876 ἀνθρωπείας
1218 1809 1410 1878 φύσεως
1448 1812 1496 1861 ἐν
1534 1808 1684 1878 τούτῳ
1722 1809 1902 1875 γε’γονε.
1927 1835 1978 1860 20

322 1894 589 1962 πέφρακται
627 1898 743 1958 γοῦν
778 1893 805 1956 ἡ
845 1891 948 1957 ἀρὰ,
988 1894 1062 1942 καὶ
1104 1891 1155 1942 τὸ
1194 1895 1276 1955 τῆς
1315 1891 1543 1958 ἁμαρτίας
1583 1890 1906 1959 ἐμπέφρακται

323 1975 496 2039 στόμα,
534 1978 609 2027 καὶ
648 1974 741 2025 σὺν
782 1975 909 2044 αὐτῷ
950 1973 1003 2025 τὸ
1043 1980 1127 2025 τοῦ
1165 1973 1370 2024 θανᾶτου
1412 1972 1683 2039 κατηργήθη
1723 1972 1905 2038 κράτος,

372 2170 403 2194 2.
428 2158 588 2211 γενέσθαι
605 2159 651 2205 τῷ
670 2156 746 2191 καθ’
773 2156 858 2200 ἡμᾶς
883 2157 1098 2200 οἷκονομικῶς
1118 2156 1185 2191 hoc
1203 2155 1324 2190 ordine
1341 2156 1384 2190 A.
1403 2155 1562 2201 γενέσθαι
1588 2161 1668 2200 post
1693 2154 1906 2198 οἶκονομικῶς

323 2206 575 2265 transponitm
540 2204 606 2239 Ed.
678 2205 816 2249 μορφὴν
833 2203 957 2238 δούλου
976 2203 1042 2237 1100
1061 2203 1182 2237 ordine
1200 2204 1242 2237 A.
1351 2214 1385 2248 3.
1411 2204 1464 2237 καὶ
1482 2214 1552 2236 om.
1571 2202 1617 2236 D.
1713 2214 1746 2244 4.
1773 2201 1905 2245 ἀπέστη

322 2267 382 2286 του
407 2267 490 2286 ειναι
515 2267 533 2285 ο
558 2251 597 2294 ἦν
621 2251 687 2285 1100
713 2251 834 2284 ordine
852 2251 896 2284 A.
922 2250 1053 2293 ἀπεστη
1079 2256 1159 2294 post
1184 2248 1223 2292 ἦν
1247 2250 1446 2294 transponit
1464 2248 1530 2283 Ed.
1582 2248 1706 2283 Statim
1724 2248 1753 2282 εἷ
1770 2248 1813 2281 A.
1820 2247 1864 2282 D.
1868 2253 1905 2282 Γ.

322 2299 341 2342 ἦ
361 2298 427 2333 Ed.
501 2296 939 2343 μεταπεφοιτηκεν-μόνον
964 2296 1030 2330 hoc
1056 2296 1176 2330 ordine
1194 2297 1237 2330 A.
1262 2296 1552 2341 μεταπεφοιτηκεν
1569 2301 1648 2340 post
1671 2297 1774 2338 μόνον
1791 2300 1905 2328 trans-

323 2346 421 2390 ponit
440 2345 506 2379 Ed.
719 2345 984 2389 5(rpret'·rmo·av
1004 2343 1049 2377 D.
1068 2342 1263 2386 ζητῆτωσαν
1281 2343 1348 2377 Ε(1.
1565 2342 1598 2376 6.
1623 2342 1681 2385 τῆς
1697 2341 1906 2385 ἁνθρωπινης

322 2392 498 2427 ἀσθενείας
521 2392 562 2425 τὰ
587 2390 654 2425 hoc
679 2367 800 2424 ordine
817 2391 861 2424 A.
933 2389 1261 2434 πεφόρεκε-φύσιν
1286 2390 1330 2424 Α.
1356 2389 1411 2423 διὰ
1435 2390 1535 2423 τοῦτο
1559 2389 1620 2431 τὴν
1643 2390 1703 2422 τοῦ
1727 2387 1905 2432 ἀνθρώπου

322 2438 432 2481 φύσιν
448 2439 638 2482 πεφόρεκεν
658 2436 868 2482 [πεφόρηκεν
886 2437 979 2471 Dm.
1000 2447 1032 2470 2.
1051 2434 1135 2481 Ed.]
1157 2436 1203 2470 D.
1223 2435 1289 2470 Ed.
1540 2444 1571 2479 7.
1596 2433 1636 2468 ιν’
1654 2435 1697 2468 Α.
1702 2433 1782 2469 D.
1767 2449 1819 2468 ινα
1838 2433 1905 2468 Ed.

323 2485 357 2519 8.
384 2482 476 2527 δειξῃ
497 2484 542 2517 D.
563 2484 664 2526 δείξει
684 2483 750 2517 Ε(1.
987 2494 1020 2528 9.
1046 2483 1319 2528 περιεργόζονται
1335 2482 1442 2525 μάτην
1458 2481 1525 2515 hoc
1542 2480 1663 2515 ordine
1680 2481 1724 2514 A.
1797 2480 1905 2524 εὑρεῖν

323 2531 362 2565 οὐ
380 2530 535 2564 δύνανται
553 2531 596 2563 A.
615 2529 769 2563 δύνανται
787 2529 851 2574 οὐχ
867 2529 976 2572 εὑρεῖν
994 2528 1062 2563 Ed.
1321 2539 1374 2562 10.
1400 2527 1606 2562 ἐπελάθοντο
1623 2526 1784 2572 λεγοντος
1801 2527 1905 2560 αὐτοῦ

323 2577 390 2611 hoc
416 2576 538 2610 ordine
555 2577 599 2610 A
671 2576 787 2620 ἅρχων
810 2578 870 2610 τοῦ
895 2578 1025 2618 κόσμου
1049 2575 1115 2609 1100
1142 2574 1263 2609 ordine
1289 2575 1333 2608 A.
1385 2574 1510 2608 Statim
1535 2572 1655 2608 τούτου
1681 2579 1905 2631 assumptum

323 2636 364 2658 ex
383 2624 425 2657 A.
431 2624 477 2657 D.
482 2628 517 2657 Γ.
703 2633 755 2656 11.
782 2622 918 2665 εὑρήσει
936 2622 980 2655 A.
999 2622 1135 2655 favente
1153 2628 1187 2655 et
1203 2626 1240 2655 Γ.
1259 2621 1319 2654 οὐκ
1337 2621 1408 2666 ἔχει
1426 2620 1493 2654 Ed.
1565 2621 1632 2665 γὰρ
1649 2621 1693 2654 A.
1698 2620 1744 2654 D.
1763 2621 1816 2653 καὶ
1835 2619 1902 2653 Ed.

328 2681 380 2704 12.
408 2672 426 2703 ὁ
444 2671 500 2714 τῆς
517 2668 679 2712 ἁμαρτίας
704 2668 839 2712 ενρετὴς
863 2669 976 2711 πάσης
995 2670 1122 2712 σαρκός
1140 2668 1183 2701 A.
1209 2668 1321 2711 πάσης
1347 2670 1473 2711 σαρκὸς
1495 2667 1554 2710 τῆς
1577 2665 1741 2711 ἁμαρτιας
1765 2668 1784 2700 ὁ
1809 2667 1903 2709 εὑρε-

323 2716 381 2760 τῆς
411 2716 478 2751 Ed.
560 2715 950 2771 ὅπρακτος-περιεργια
979 2715 1022 2748 A.
1051 2714 1221 2758 ἄπρακτος
1248 2714 1284 2748 ἐν
1310 2715 1449 2759 Χριστῷ
1478 2720 1558 2759 post
1584 2713 1760 2758 περιεργία
1788 2719 1902 2746 trans—

323 2764 422 2809 ponit
441 2762 508 2797 Ed.
729 2772 781 2806 13.
807 2760 945 2806 ηὕρηται
964 2761 1008 2794 A.
1027 2775 1161 2804 ευρηται
1180 2759 1247 2795 Ed.
1473 2771 1526 2802 14.
1552 2760 1619 2804 ἔφη
1636 2761 1721 2802 πρὸς
1738 2759 1904 2794 ιὀυδαίους

323 2810 389 2845 1100
407 2809 528 2844 ordine
544 2809 588 2842 A
782 2816 835 2850 15.
860 2807 939 2851 περὶ
956 2808 999 2841 A.
1004 2807 1050 2841 D.
1068 2807 1121 2841 ε’πι
1141 2806 1208 2841 Ed.
1411 2805 1464 2841 16.
1491 2806 1761 2851 κατεκρίθημεν’
1743 2820 1779 2839 εν
1794 2805 1903 2849 Ἀδὰμ

322 2855 388 2891 hoc
406 2856 527 2890 ordine
544 2857 588 2890 A.
792 2864 845 2898 17.
872 2854 962 2889 θείας
978 2861 1201 2898 assumptum
1219 2865 1259 2887 ex
1279 2855 1320 2888 ..A
1327 2853 1370 2887 D
1377 2858 1412 2887 Γ.
1615 2863 1669 2887 20.
1696 2851 1904 2895 ἀνθρωπείας

322 2903 452 2938 habent
470 2904 511 2937 A.
517 2903 563 2937 D.
716 2911 771 2935 21.
795 2902 1012 2945 τῆς-στόμα
1029 2899 1096 2934 1100
1114 2899 1236 2934 ordine
1254 2902 1296 2934 A.
1317 2901 1429 2943 στόμα
1447 2905 1526 2933 ante
1543 2914 1581 2942 τη
1586 2913 1601 2934 ς
1618 2898 1815 2943 transponit
1834 2897 1899 2933 Ed.

322 2960 378 2985 22.
405 2948 594 2995 κατηργὴθη
612 2949 732 2994 κράτος
750 2948 794 2983 A.
812 2948 933 2992 κράτος
950 2947 1152 2992 κατήργηται
1173 2946 1402 2993 [κατείργηται
1422 2945 1488 2981 Ed.
1492 2944 1507 2992 ]
1528 2915 1581 2980 D'l
1593 2945 1660 2980 Ed.
