1981 3247
257 117 333 151 638

311 237 474 273 revelata
488 237 581 273 facie
599 236 637 287 (2
657 237 742 275 Cor.
758 239 806 276 iii.
827 237 893 289 18)
911 239 1015 276 Chri-

312 307 391 337 stus
411 301 464 339 M.
487 305 533 338 91
560 304 636 350 [pp.
653 306 742 346 336,
766 305 874 351 337].

257 366 413 402 Liberos
447 380 577 403 omnes
607 368 712 404 initio
747 368 885 405 creavit
916 370 1019 405 Deus

310 430 352 466 Μ
375 434 425 468 60
467 445 488 467 a
517 433 694 469 servitute
725 439 851 470 tamen
885 435 954 470 hac
983 435 1019 470 in

311 496 387 532 vita
406 509 481 531 non
502 497 721 544 fugiendum
743 499 790 534 ib.

256 560 389 608 Ligna,
428 561 583 597 Divinae
623 561 836 610 Scripturae
877 564 1018 612 cogita-

310 626 430 661 tiones
453 627 473 660 2
491 626 524 671 b,
548 629 569 662 3
588 627 644 662 ab
657 639 687 668 e,
704 630 736 663 4.

256 688 380 737 Ligna
400 690 628 738 infrugifera,
649 691 898 728 hereticorum
929 693 1018 729 scri-

308 760 373 802 pta
394 758 415 790 4
432 756 455 790 b
472 768 501 792 e.

256 819 430 867 Linguae
451 820 581 867 igneae
602 834 677 856 non
695 819 840 857 initium
859 822 1020 870 Spiritus

311 883 435 920 Sancti
453 885 576 925 dandi,
594 886 658 921 sed
679 886 852 933 loquendi
875 887 1019 924 initium

316 952 418 985 1099
435 950 458 985 b
475 962 494 985 c
508 950 543 985 d.

257 1012 442 1061 Linguam
465 1014 610 1051 frenare
641 1015 820 1063 imprimis
849 1029 1018 1053 necessa-

311 1078 405 1114 rium
429 1079 474 1114 iii.
499 1083 590 1121 446,
615 1083 690 1116 447
714 1081 775 1116 fin.

257 1148 283 1163 “
297 1143 440 1179 Littera
460 1144 628 1180 occidit''
651 1157 744 1192 quae
765 1145 817 1181 M.
842 1148 892 1183 90
913 1146 973 1182 fin.

256 1207 442 1255 Locuples
455 1209 604 1255 juvenis
621 1209 656 1244 in
672 1210 886 1258 Evangeliis
902 1214 977 1248 307
988 1223 1018 1246 e.

256 1271 499 1319 Longanimis
529 1273 630 1309 Deus
661 1274 731 1309 etsi
758 1275 884 1311 omnia
913 1288 1018 1323 prae-

310 1336 430 1372 sciens
453 1340 528 1374 725
547 1338 580 1382 d,
601 1338 651 1373 iii.
675 1342 751 1375 447
768 1339 846 1377 init.

256 1400 382 1436 Lucas
403 1400 441 1438 S.
464 1401 598 1437 citatur
618 1405 719 1439 1067
736 1416 765 1440 e.

255 1464 424 1500 Lucerna
465 1472 568 1502 extra
613 1468 841 1504 tabernaculi
884 1470 1019 1515 velum,

309 1529 395 1564 Divi
415 1529 571 1566 Joannis
592 1531 784 1580 Baptistae
809 1539 919 1582 typus
942 1537 1014 1571 251

310 1605 343 1636 e,
367 1595 455 1639 252,
479 1597 567 1632 356.

254 1657 450 1694 Lucernae
477 1660 688 1696 candelabri
718 1661 925 1709 gratiarum
954 1663 1019 1699 Di-

309 1722 476 1758 vinarum
498 1728 609 1772 typus
632 1727 707 1762 390
725 1738 744 1761 c
761 1726 785 1761 d
801 1739 831 1762 e.

609 1882 651 1917 Μ

254 1975 367 2012 ΜΑοῙ
389 1976 426 2011 in
444 1977 616 2025 Aegypto
633 1989 823 2026 serpentes
844 1993 919 2017 non
940 1994 1018 2017 cre-

309 2047 465 2077 averunt
485 2045 561 2079 628
578 2056 598 2078 a
610 2043 633 2079 b
647 2057 676 2080 c.

256 2105 355 2142 Male
372 2106 591 2154 intelligitur
604 2121 624 2143 a
639 2109 858 2156 quibusdam
874 2125 881 2146 ε
906 2117 926 2131 “
942 2112 1016 2155 Qui

308 2176 393 2218 post
413 2184 471 2207 me
485 2172 587 2208 venit
603 2178 688 2209 ante
705 2187 763 2210 me
783 2175 904 2211 factus
925 2181 981 2212 est
995 2176 1017 2188 ”

309 2238 358 2272 97
375 2235 433 2271 bis
447 2237 480 2272 d.

254 2300 365 2337 Malis
395 2305 432 2336 et
460 2301 670 2338 infidelibus
701 2305 912 2340 conversari
942 2318 1018 2341 non

308 2365 386 2400 sine
407 2365 568 2412 periculo
590 2365 642 2403 M.
663 2371 708 2404 61
729 2367 783 2416 [p.
803 2368 914 2418 279]

255 2428 478 2465 Mandatum
502 2430 594 2465 Filio
617 2432 726 2468 Pater
746 2433 809 2468 dat
830 2435 1016 2481 quomodo

312 2497 385 2530 167
402 2509 432 2532 e.

255 2558 518 2596 Mandatorum
547 2561 727 2609 Decalogi
755 2567 913 2608 quatuor
941 2562 1014 2610 pri-

308 2637 414 2660 orum
437 2638 541 2661 mens
563 2629 639 2662 442
654 2638 686 2666 e,
709 2628 785 2662 423
824 2638 889 2661 cur
909 2639 1012 2662 man—

308 2689 435 2724 datum
458 2695 643 2737 quartum,
667 2689 819 2737 Requiei
845 2695 1017 2726 aeternae

308 2759 419 2801 typus
446 2755 621 2790 mandata
650 2759 840 2801 postrema
868 2767 1017 2802 praece-

309 2818 363 2853 dit
384 2821 459 2854 424
479 2819 512 2855 d.

255 2881 394 2918 Manna
415 2895 479 2919 sex
502 2884 631 2920 diebus
651 2882 916 2931 colligendum,
935 2883 1015 2919 sab-

787 119 1001 155 INDEX
1060 118 1303 156 RERUM.

1689 133 1854 157 LIBEROS

1142 240 1229 276 bato
1262 253 1351 282 non,
1382 253 1535 288 operum
1565 241 1749 278 bonorum
1780 242 1852 278 hoc

1144 305 1269 340 seculo
1301 305 1554 341 faciendorum
1587 311 1699 354 typus
1729 309 1805 343 426
1820 319 1851 351 e,

1145 372 1221 406 427
1269 370 1313 405 ab
1334 383 1558 418 unoquoque
1588 375 1625 406 et
1651 371 1849 407 contuber-

1144 434 1290 470 nalibus
1339 434 1602 482 colligendum,
1644 435 1731 482 quid
1774 435 1849 483 sig-

1145 498 1270 534 nificet
1293 501 1368 535 742
1387 499 1409 534 (1
1426 511 1456 535 e.

1091 561 1233 598 Manna
1253 563 1323 599 Dei
1344 563 1458 599 Filius
1475 564 1701 612 Unigenitus
1724 568 1799 602 312
1817 565 1852 610 d,

1148 629 1223 663 314
1246 639 1265 662 c
1285 640 1317 671 e,
1351 630 1426 664 316
1449 641 1481 670 a,
1514 631 1589 664 317
1612 629 1647 670 d,
1682 632 1758 666 319
1779 642 1798 666 c
1819 642 1852 674 e,

1147 694 1223 728 320
1245 705 1277 733 a,
1319 695 1395 729 323
1417 705 1438 728 a
1503 693 1693 730 doctrinae
1730 695 1852 730 Evan-

1145 757 1285 805 gelicae
1305 763 1415 805 typus
1437 759 1513 794 318
1536 770 1557 793 a
1603 759 1665 805 qui
1686 759 1854 805 Angelo-

1144 834 1227 856 rum
1247 822 1387 857 Verum
1419 828 1475 858 est
1504 822 1639 858 Cibum
1665 826 1753 864 350,
1777 826 1850 859 351

1144 897 1211 919 cur
1231 884 1268 920 in
1289 885 1444 921 sabbato
1468 899 1542 921 non
1564 886 1754 934 colligitur
1776 888 1851 923 316

1144 949 1203 984 cd
1245 949 1307 996 qui
1337 956 1457 985 morte
1489 950 1699 998 superiores
1732 951 1854 986 reddit

1145 1015 1218 1049 351
1240 1013 1262 1048 d
1278 1026 1307 1049 e.

1090 1077 1231 1113 Manna
1262 1078 1306 1113 ab
1328 1078 1488 1126 Eulogia
1513 1079 1754 1127 distinguitur
1776 1083 1851 1118 364

1143 1143 1211 1185 ab,
1237 1146 1308 1179 371
1328 1155 1357 1188 e,
1377 1146 1452 1180 372
1475 1156 1495 1179 a
1514 1144 1537 1179 b
1555 1156 1574 1179 c
1617 1145 1716 1180 unde
1737 1145 1850 1186 Eulo-

1143 1206 1226 1254 giae
1246 1214 1356 1255 typus
1377 1208 1512 1244 dicitur
1533 1211 1607 1245 372
1624 1222 1653 1245 e.

1089 1270 1285 1316 Mansueti‚
1331 1272 1454 1308 animo
1494 1278 1670 1320 tanquam
1712 1273 1853 1310 Christi

1142 1335 1310 1383 patienti,
1339 1349 1408 1372 nec
1436 1337 1541 1381 irato,
1571 1349 1651 1373 esse
1675 1338 1851 1374 debemus

1144 1404 1219 1437 463
1239 1401 1272 1437 d.

1088 1461 1388 1501 Mansuetudinis
1442 1467 1632 1514 exemplar
1679 1466 1851 1503 Christus

1147 1530 1246 1565 1028
1265 1529 1298 1574 d,
1325 1531 1425 1566 1029
1443 1542 1473 1566 e.

1089 1591 1239 1628 Marcus
1261 1592 1299 1629 S.
1321 1594 1457 1629 citatur
1476 1597 1576 1632 1067
1595 1608 1623 1631 c.

1087 1656 1207 1693 Maria
1223 1657 1448 1707 Magdalena
1462 1659 1652 1696 Christum
1674 1661 1732 1696 vel
1753 1673 1850 1697 mor-

1141 1727 1246 1758 tuum
1270 1723 1474 1759 Dominum
1502 1725 1670 1760 nominat
1694 1727 1794 1761 1078
1813 1726 1848 1767 d,

1145 1789 1244 1823 1082
1261 1787 1284 1823 b
1333 1801 1355 1824 a
1382 1788 1473 1824 fletu
1508 1789 1671 1825 cohibita
1703 1795 1744 1825 ut
1781 1802 1847 1838 ge-

1139 1851 1238 1887 neris
1258 1852 1432 1889 foeminei
1456 1853 1640 1901 primitiae
1660 1855 1760 1890 1083
1777 1854 1800 1889 b
1817 1866 1847 1894 c,

1144 1918 1244 1952 1087
1292 1916 1571 1953 infirmitatibus
1601 1918 1847 1954 foeminarum

1139 1980 1303 2027 pristinis
1321 1981 1524 2017 exsolvitur
1536 1984 1636 2018 1086
1653 1995 1672 2018 e
1705 1995 1726 2018 a
1742 1982 1848 2017 Chri-

1141 2044 1187 2080 sti
1215 2050 1329 2090 tactu,
1351 2044 1492 2093 Spiritu
1512 2045 1651 2082 Sancto
1679 2047 1847 2082 nondum

1139 2115 1292 2157 accepto
1312 2110 1498 2157 prohibita
1521 2113 1632 2155 1085,
1652 2113 1753 2148 1086
1792 2124 1848 2147 re-

1139 2185 1223 2209 rum
1253 2174 1434 2210 bonarum
1465 2175 1666 2223 Discipulis
1695 2176 1847 2212 nuntius

1143 2241 1243 2275 1087
1261 2252 1280 2275 c
1296 2239 1331 2284 d,
1356 2241 1457 2276 1088
1474 2253 1504 2285 a,
1530 2243 1631 2277 1090
1648 2253 1679 2276 a.

1084 2302 1204 2339 Maria
1222 2304 1341 2352 Virgo
1369 2303 1486 2340 Beata
1514 2305 1716 2340 Dominum
1738 2304 1847 2342 Chri-

1138 2372 1236 2403 stum
1257 2374 1390 2417 utpote
1406 2369 1523 2404 filium
1544 2382 1650 2405 suum
1671 2370 1716 2405 ad
1738 2370 1848 2406 mira-

1137 2432 1306 2468 culorum
1339 2433 1484 2470 initium
1513 2434 1722 2469 faciendum
1760 2446 1844 2481 per-

1137 2498 1252 2533 suasit
1285 2500 1358 2535 136
1380 2511 1412 2540 a,
1450 2500 1526 2534 458
1548 2511 1569 2534 a
1629 2498 1844 2535 Passionem

1137 2562 1287 2597 Domini
1307 2562 1437 2603 nostri,
1456 2568 1496 2597 ut
1512 2562 1720 2607 verisimile,
1738 2575 1843 2598 scan-

1138 2626 1261 2660 dalum
1310 2625 1424 2661 sensit
1459 2628 1559 2663 1064
1592 2626 1691 2671 cde,
1728 2629 1844 2669 1065,

1142 2692 1242 2726 1066
1261 2702 1279 2725 c
1296 2690 1319 2725 d
1357 2690 1569 2737 Theotocos
1589 2690 1637 2727 iii.
1660 2693 1748 2728 532.

1084 2753 1240 2789 Mariam
1281 2754 1412 2790 Lazari
1453 2768 1620 2791 sororem
1658 2756 1844 2803 quomodo

1138 2820 1283 2854 vocavit
1303 2819 1487 2855 Dominus
1508 2822 1584 2857 684
1598 2820 1632 2856 b.

1085 2882 1235 2919 Martha
1274 2884 1499 2926 ministrans,
1532 2884 1652 2920 Maria
1684 2897 1842 2932 ungens,
