2017 3252
65 237 237 287 S..·Matth.

64 291 120 311 vn.
138 289 185 320 15.

64 366 117 397 Ib.
133 366 219 396 xxiv.
237 376 266 406 4,

65 418 95 448 5.

65 497 150 527 Phil.
165 497 209 527 iii.
225 506 253 527 2.

63 1401 96 1432 S.
111 1401 210 1432 Joan.

64 1455 116 1475 xv.
140 1454 189 1483 13.

66 1588 121 1619 Es.
137 1587 217 1618 lxiii.
227 1596 257 1628 9.

285 126 369 164 450
755 122 832 162 DE
866 121 1254 162 FRAGMENTIS
1290 121 1354 161 IN

286 233 478 281 πρόσταξίς
505 234 579 268 ε’στι
608 234 691 278 πρὸς
720 233 880 278 ἡμετέραν
899 233 1092 276 ἀσφάλειάν
1117 246 1151 265 τε
1181 232 1233 265 καὶ
1262 233 1430 277 σωτηρίαν
1449 233 1607 279 λέγοντος
1638 236 1657 252 “
1675 235 1869 280 Προσέχετε

289 304 310 318 “
331 299 397 333 ἀπὸ
425 302 491 332 τῶν
509 298 699 344 ἐρχομένων
723 297 1023 343 [προσερχομένων
1049 295 1127 331 cod.
1152 294 1286 343 COiSl.]
1316 298 1400 342 πρὸς
1428 298 1512 342 ὑμᾶς
1541 298 1575 331 ἐν
1602 297 1761 343 ἐνδύμασι
1785 313 1869 344 προ-

289 370 309 383 “
330 365 453 405 βάτων,
483 363 610 397 ἔσωθεν
638 362 676 396 δέ
702 362 769 396 εἶσι
794 360 891 395 λύκοι
919 359 1099 406 ἅρπαγ(ς,”
1128 361 1180 394 καὶ
1208 361 1311 395 πάλιν
1340 362 1361 379 ‘⁴
1377 361 1523 396 Βλέπετε
1551 362 1646 406 μήτις
1674 363 1757 407 ὑμᾶς
1784 364 1872 396 πλα-

289 434 309 448 “
355 428 362 438 ‘
418 440 425 446 ·
499 427 575 461 λλο“
631 427 649 460 ὰ
701 425 898 460 ἐλεύσονται
929 426 946 459 ε’
973 426 984 459 ὶ
1009 427 1055 459 τῶ
1084 424 1140 458 ὀνό
1167 425 1220 459 ατί
1273 439 1311 458 ου
1339 426 1381 458 λ’
1524 425 1561 460 Ἐ
1599 429 1605 439 '
1662 427 1670 438 ’
1746 429 1755 440 ‘
1789 432 1817 460 X
1857 449 1869 454 -

330 443 412 472 νησῃ
453 443 498 463 πο
569 443 578 461 ι
606 442 629 473 γ
651 441 672 472 ρ
947 441 971 460 π
1037 461 1045 472 ι
1141 440 1164 469 μ
1247 440 1270 469 μ
1365 440 1496 471 εγοντες
1564 442 1613 472 γω
1642 442 1707 471 ειμι
1739 442 1756 461 ο
1819 442 1852 472 ρι

288 494 309 511 ‘g
381 493 388 505 x
472 493 480 505 x
623 491 629 503 ι
768 490 776 501 t
881 489 910 508 ,¹⁵
982 491 990 502 x
1020 493 1028 503 r
1109 492 1122 498 ’-
1391 490 1399 499 ¹
1548 491 1554 502 x
1631 490 1640 501 t
1784 490 1794 500 e

330 507 412 528 στος
431 507 483 526 και
501 493 652 527 πολλους
670 493 877 534 πλανηνουσι
941 504 992 524 και
1012 506 1030 524 ο
1050 491 1186 525 Παυλος
1205 491 1273 534 βοᾳ
1293 495 1314 509 “
1332 492 1480 524 Βλεπετε
1501 505 1577 527 τους
1603 506 1700 526 κυνας
1726 492 1873 533 βλεπετε

287 558 309 575 “
328 557 404 592 τοὺς
424 557 540 592 κακοὺς
561 555 727 602 ἐργάτας”
748 556 806 598 τῆς
825 554 973 590 πίστεως
992 555 1050 598 τῆς
1070 554 1116 590 εἷς
1134 554 1191 588 τὸν
1211 554 1334 599 Κυρίον
1352 553 1494 598 Ἰησοῦν.

710 677 757 712 In
779 676 991 725 Epistolam
1014 676 1051 712 S.
1068 675 1092 712 J
1097 675 1257 712 ohannis
1276 676 1450 724 primam.

920 766 938 797 ὁ
959 765 1042 799 Θεὸς
1062 765 1138 809 φῶς
1157 764 1240 798 ἐστι.

341 840 466 878 Maius
488 839 659 890 (Patrum
681 839 777 875 Bibl.
802 839 914 876 Nova
933 843 961 875 t.
981 838 1034 875 iii.
1058 838 1179 875 Praef.
1203 852 1238 887 p.
1264 837 1301 888 7)
1324 852 1343 875 e
1363 838 1442 875 Leo
1468 838 1626 887 patricio
1652 838 1745 875 haee
1770 837 1875 875 exhi-

287 905 412 943 beffH
434 906 484 941 ὅτι
505 905 573 940 κατ’
594 904 713 940 οὐσίαν
732 907 807 951 φῶς
830 906 972 950 ὑπάρχει
990 907 1008 938 ὁ
1029 906 1112 940 Θεὸς
1132 905 1166 938 ἐν
1185 906 1254 940 τοῖς
1275 905 1309 938 ἐν
1328 905 1416 952 αὐτῷ
1434 905 1488 938 διὰ
1506 908 1572 938 τῶν
1591 905 1716 950 ἀρετῶν
1734 919 1875 950 περιπα-

286 975 406 1006 τοῦσιν
424 971 556 1015 ἀληθῶς
575 972 650 1016 φῶς
668 969 856 1016 γενόμενος,
873 968 892 1013 ἢ
914 969 1052 1003 σκοτίαν
1066 969 1126 1013 τὴν
1145 970 1259 1003 κακίαν
1277 969 1371 1015 λέγει
1391 969 1445 1003 διὰ
1463 970 1541 1005 τοὺς
1559 969 1751 1011 Ἰουδαίους,
1769 981 1874 1017 quae,

286 1035 319 1072 si
339 1048 426 1073 vere
447 1034 483 1072 S.
503 1034 691 1083 Cyrillum
713 1037 907 1070 auctorem
926 1031 1102 1078 habeant,
1124 1031 1344 1068 abbreviata
1365 1036 1463 1069 sunt.

902 1120 961 1153 οὐκ
982 1120 1120 1163 ἐντολὴν
1139 1120 1257 1164 καινὴν.

340 1211 363 1234 a
382 1197 445 1234 fol.
467 1209 541 1242 224
557 1209 590 1233 V.
623 1194 699 1247 [his
718 1193 934 1245 praemittit
953 1199 1011 1230 τοῦ
1031 1194 1127 1242 ἁγίου
1148 1196 1308 1241 κυρίλλου
1328 1196 1363 1229 ἐκ
1382 1197 1441 1229 τοῦ
1461 1197 1543 1229 κατὰ
1562 1194 1714 1230 Ἰωάννου
1738 1188 1877 1237 βιβλίου

286 1263 366 1299 cod.
389 1262 504 1298 Coisl.
525 1274 619 1310 quae
640 1273 758 1309 quum
779 1260 819 1296 in
839 1258 1119 1296 commentariis
1140 1272 1217 1295 non
1237 1258 1461 1304 notaverim,
1482 1258 1544 1295 hie
1565 1256 1756 1309 exhibeo]
1794 1260 1878 1305 Περὶ

286 1328 416 1374 ἀγάπης
432 1328 507 1372 ὑμῖν
522 1327 766 1373 διαλεγόμενος·
787 1329 887 1361 τοῦτο
904 1327 969 1372 γάρ
982 1325 1056 1360 ε’στι
1071 1327 1109 1359 τό
1126 1325 1273 1360 ι(Καθῶς
1288 1325 1410 1360 ἐκεῖνος
1424 1323 1693 1371 περιεπάτησεν”
1707 1325 1742 1358 ἐν
1753 1324 1875 1370 ἀγάπῃ·

287 1392 332 1428 ὡς
351 1392 416 1439 γὰρ
436 1392 536 1427 αὐτὸς
556 1394 573 1426 ὁ
595 1390 718 1437 Κύγιος
744 1392 844 1437 ἔλεγε
874 1394 894 1410 “
913 1391 1057 1434 Μείζονα
1086 1388 1206 1433 ταύτης
1234 1389 1365 1435 ἀγάπην
1384 1389 1492 1425 οὐδεὶς
1518 1389 1589 1434 ἕχει
1618 1387 1838 1432 ἐνδείξασθαι,
1858 1387 1877 1433 ἢ

288 1460 309 1476 “
328 1454 380 1491 ἵνα
408 1471 458 1492 τις
487 1456 526 1501 θῇ
555 1456 616 1500 τὴν
635 1456 754 1501 ψυχὴν
774 1456 876 1490 αὐτοῦ
905 1456 989 1502 ὑπὲρ
1017 1459 1084 1489 τῶν
1104 1453 1221 1500 φίλων
1239 1453 1374 1489 αὐτοῦ.”
1413 1452 1534 1497 ταύτην
1554 1452 1612 1487 οὖν
1629 1454 1688 1497 τὴν
1711 1453 1784 1499 [τὴν
1803 1464 1877 1488 om.

287 1519 366 1557 cod.
390 1519 522 1568 COiSl.]
547 1521 624 1566 περὶ
650 1520 780 1566 ἀγάπης
805 1521 942 1564 ἐντολὴν
961 1521 1000 1554 οὐ
1025 1520 1135 1563 καινὴν
1153 1520 1278 1565 γράφω
1300 1519 1387 1563 ὑμῖν·
1414 1519 1519 1553 πάλαι
1537 1518 1603 1564 γὰρ
1623 1519 1723 1562 αὐτὴν
1741 1516 1794 1553 δία
1812 1521 1880 1551 τῶν

1321 1588 1342 1602 “
1358 1584 1416 1618 οὐκ
1444 1582 1598 1629 ἅγγελος,
1627 1582 1704 1617 ἀλλ’
1734 1583 1832 1618 αὐτὸς
1860 1583 1879 1615 ὁ

1599 1646 1609 1665 1

286 1587 471 1631 προφητῶν
499 1583 737 1631 ἐπηγγείλατο·
776 1587 795 1603 “
813 1586 851 1619 οὐ
880 1586 946 1631 γὰρ
975 1583 1161 1631 πρέσβυς,”
1182 1584 1299 1629 φησιν,

288 1656 309 1671 “
331 1649 452 1696 Κύριος
471 1651 604 1685 ἔσωσεν
623 1650 752 1694 αὐτοὺς,
775 1650 829 1684 διὰ
849 1651 887 1684 τὸ
906 1650 1040 1696 ἀγαπᾶν
1059 1648 1179 1684 αὐτοὺς
1198 1648 1250 1682 καὶ
1270 1647 1429 1692 κήδεσθαι
1448 1647 1584 1682 αὐτῶν.”

885 1737 1009 1783 γράφω
1030 1737 1106 1780 ὑμῖν
1123 1735 1278 1782 πατέρες.

343 1812 469 1849 Maius
489 1811 512 1847 1.
530 1824 557 1848 e.
581 1824 628 1848 ex
649 1811 779 1848 eodem
800 1811 927 1848 Leone
947 1810 1107 1859 patricio
1127 1809 1285 1846 exhibet
1304 1810 1460 1846 Ἡλικίας
1479 1810 1620 1845 ἐνταῦθά
1637 1824 1694 1854 μοι
1714 1811 1780 1845 νόει
1799 1810 1881 1844 κατὰ

288 1880 347 1913 τὸν
365 1878 434 1912 ἔσω
453 1877 639 1923 ἄνθρωπον,
660 1877 698 1911 οὐ
717 1877 782 1923 γὰρ
803 1878 820 1910 ὁ
840 1876 1084 1923 εὐαγγελιστὴς
1102 1876 1187 1922 πρὸς
1214 1874 1330 1921 βρέφη
1360 1876 1501 1921 ἔγραφε·
1532 1875 1585 1909 καὶ
1614 1874 1736 1909 νεανίαι
1764 1874 1825 1918 μὲν
1848 1875 1880 1908 οἱ

289 1943 335 1978 εἶς
353 1942 506 1988 ἀνδρείαν
524 1941 679 1977 ἐλθόντες
697 1941 930 1985 πνευματικὴν,
950 1939 1142 1986 πρεσβύται
1169 1940 1204 1973 δέ
1233 1941 1265 1974 οἱ
1293 1940 1340 1975 εἷς
1366 1941 1535 1985 φρόνησιν
1554 1939 1749 1983 ἐλάσαντες,
1771 1937 1881 1983 νήπιοι

289 2007 326 2041 δὲ
346 2008 377 2041 οἱ
396 2006 431 2040 ἐν
450 2007 587 2053 Χριστῷ
608 2005 683 2051 ἄρτι
702 2004 960 2041 πιστεύσαντες.

857 2103 912 2146 Μὴ
933 2103 1084 2149 ἀγαπᾶτε
1103 2103 1161 2136 τὸν
1181 2103 1320 2145 κόσμον.

343 2193 366 2216 a
386 2179 449 2216 fol.
474 2180 562 2216 226.
594 2180 657 2213 Καὶ
683 2179 715 2213 τί
743 2179 784 2213 τὰ
813 2179 847 2213 ἐν
874 2181 920 2226 τῷ
950 2180 1066 2226 κόσμῳ
1095 2178 1114 2222 ἢ
1143 2178 1334 2222 ματαιότης,
1355 2176 1392 2221 ἢν
1414 2175 1464 2211 ἐπ’
1485 2176 1592 2210 οὐδενὶ
1620 2179 1686 2209 τῶν
1704 2172 1882 2220 χρησίμων

290 2246 434 2292 τηροῦσί
461 2259 558 2289 τινες,
593 2246 695 2290 η’γουν
725 2244 875 2288 ἐμμόνως
904 2245 1044 2289 ὁρῶνται
1072 2243 1287 2288 πράττοντες·
1326 2243 1344 2275 ὁ
1371 2241 1526 2286 περιττὸς
1555 2240 1607 2274 καὶ
1635 2239 1791 2283 ἀνόνητος
1822 2240 1881 2272 τοῦ

341 2347 348 2371 l
375 2348 440 2378 His
464 2346 628 2386 subjungo
644 2355 661 2375 e
678 2344 747 2374 cod.
768 2344 866 2375 Coisl.
886 2350 935 2384 17,
950 2344 1006 2374 fol.
1026 2351 1065 2383 70
1083 2355 1110 2374 v.
1130 2344 1296 2384 [catenam
1313 2342 1347 2372 in
1364 2342 1569 2372 Ezechielem
1591 2340 1785 2381 prophetam
1807 2349 1882 2369 con-

292 2391 435 2431 tinente]
453 2389 510 2420 τοῦ
525 2387 616 2428 ἁγίου
632 2386 781 2427 κυρίλλου
806 2388 841 2417 ἐκ
864 2388 922 2418 τοῦ
941 2386 1022 2417 κατὰ
1047 2386 1177 2426 ἰωάννην
1195 2384 1395 2425 εὐαγγελίου.
1435 2384 1471 2415 Τί
1487 2383 1542 2416 οὖν
1559 2385 1592 2414 ἓν
1608 2383 1732 2413 τούτοις
1749 2383 1765 2412 ὁ
1782 2381 1882 2421 μέγας

293 2437 368 2475 ἡμῖν
386 2431 622 2472 ἐπαγγέλλεται
639 2431 720 2465 νοῦς,
737 2430 768 2460 τί
785 2429 817 2459 δὲ
834 2430 885 2460 καὶ
904 2430 1014 2461 δώσειν
1028 2430 1229 2469 ὑπισχνεῖται
1247 2428 1343 2463 Θεός;
1367 2427 1491 2468 καρδίας
1506 2427 1705 2465 μετάστασιν
1721 2425 1771 2456 καὶ
1787 2436 1881 2463 μετα-

292 2478 397 2517 βολὴν
414 2476 471 2514 τὴν
489 2476 524 2505 ἐκ
540 2474 596 2504 τοῦ
613 2472 872 2512 κατεσκληκότος
888 2473 1088 2513 φρονήματος
1113 2473 1154 2502 εἰς
1178 2471 1242 2511 ἕξιν
1259 2471 1318 2510 τὴν
1334 2469 1498 2511 τρυφεράν,
1515 2480 1599 2510 quae
1623 2470 1773 2500 simihter
1795 2469 1882 2498 inter

294 2519 530 2553 commentaria
546 2528 613 2547 non
628 2516 745 2556 reperi,
763 2527 820 2546 seu
838 2528 896 2557 per
912 2517 1073 2546 incuriam
1095 2526 1212 2552 meam,
1232 2525 1289 2544 seu
1313 2514 1391 2554 quia
1414 2514 1606 2543 abbreviata
1626 2513 1707 2542 haec
1730 2522 1787 2542 seu
1804 2511 1882 2551 quia.

295 2564 485 2605 imperfecta
501 2559 739 2591 commentaria
754 2559 825 2599 ipsa
841 2571 847 2596 3
871 2563 904 2589 et
922 2570 939 2589 e
956 2559 1024 2589 cod.
1045 2557 1298 2599 Vatopedhiensi
1314 2557 1362 2595 76,
1380 2557 1525 2586 Niketae
1542 2556 1576 2585 in
1592 2556 1623 2586 S.
1638 2556 1718 2585 Luc.
1736 2555 1881 2585 Catenae

294 2611 422 2648 partem
444 2605 595 2634 ultimam
619 2602 808 2631 continente
834 2603 923 2644 [vide
947 2613 1045 2641 supra,
1069 2602 1199 2641 p.423),
1220 2601 1272 2630 fol.
1290 2607 1337 2638 17,
1355 2599 1416 2629 sub
1435 2599 1533 2629 titulo
1557 2597 1706 2638 κυρίλλου
1725 2596 1806 2627 κατὰ
1826 2595 1881 2632 ἷῶ’,

290 2651 466 2689 Ἀνθρωπος
488 2646 546 2685 μὲν
562 2644 622 2685 γὰρ
639 2644 782 2683 ἀγροῖκος
807 2644 1029 2684 εὐλογωτάτην
1051 2643 1091 2674 ἄν
1115 2644 1173 2682 τὴν
1196 2642 1257 2672 ἀπὸ
1279 2643 1336 2672 τοῦ
1353 2640 1530 2680 δικάζοντος
1545 2641 1661 2680 αἰτήσῃ
1679 2639 1880 2680 συγγνώμην·

295 2694 312 2724 ὁ
329 2693 360 2723 δὲ
380 2691 447 2731 ὀξὺς
465 2691 505 2720 εἶς
527 2688 636 2728 νόησιν
659 2686 708 2716 καὶ
733 2687 834 2717 συνεὶς
857 2687 894 2717 τὸ
912 2687 1081 2727 συμφέρον,
1099 2685 1165 2717 εἶτα
1181 2687 1245 2716 τοῖς
1260 2684 1401 2724 αἷσχίοσι
1418 2685 1473 2723 τῆς
1498 2684 1610 2714 ἑαυτοῦ
1633 2683 1764 2714 διανοίας
1787 2693 1881 2712 κατα-

296 2735 444 2774 πωλήσας
467 2733 525 2771 τὴν
549 2729 659 2771 ῥοπὴν,
684 2729 858 2769 ἀνισχύρως
881 2730 1003 2768 αἰτήσει
1024 2728 1080 2759 τὸν
1097 2729 1188 2760 ἔλεον
1205 2728 1255 2758 καὶ
1277 2727 1460 2767 παραίτησιν
1482 2727 1540 2766 τὴν
1563 2727 1612 2757 ἐπὶ
1628 2725 1673 2766 τῷ
1693 2724 1880 2764 κολάζεσθαι

295 2778 466 2816 οὐδαμόθεν
492 2775 552 2814 ’έξει
577 2771 805 2812 βοηθουμένην,
829 2773 992 2802 ἀπολεῖται
1017 2771 1049 2801 δὲ
1073 2771 1123 2801 καὶ
1148 2771 1268 2811 σφόδρα
1292 2770 1420 2806 δικαίως,
1446 2770 1683 2810 ἀσυνηγόρητον
1709 2769 1757 2807 ἐφ’
1782 2765 1884 2806 ἑαυτῷ

295 2821 433 2861 τηρήσας
456 2819 514 2858 τὴν
530 2815 681 2857 ἁμαρτίαν
698 2815 735 2844 ὡς
758 2815 807 2846 διὰ
831 2815 939 2845 κακίαν
962 2815 1012 2845 καὶ
1032 2814 1178 2854 πονηρίαν
1201 2814 1257 2843 τοῦ
1282 2814 1469 2844 δεσποτικοῦ
1492 2812 1672 2843 ἀποπίπτων
1695 2811 1881 2850 θελήματος.

294 2864 422 2904 ἀγνοίας
445 2862 502 2901 μὲν
522 2860 581 2900 γὰρ
605 2857 653 2890 ἐπὶ
676 2856 721 2896 τῷ
745 2858 787 2896 μὴ
812 2858 905 2888 εἰδότι
922 2857 962 2887 τὰ
980 2857 1176 2896 ἐγκλήματα,
1193 2856 1454 2896 καταφρονήσεως
1471 2855 1503 2886 δὲ
1526 2857 1581 2894 τῆς
1605 2854 1744 2895 ἐσχάτης
1767 2854 1814 2884 ἐπὶ
1836 2851 1882 2892 τῷ

293 2907 456 2946 ,νενοηκότι
474 2905 522 2935 καῖ
540 2903 578 2934 τὸ
595 2902 667 2943 δρᾶν
683 2900 824 2935 ἀβούλως
842 2899 1048 2940 ἐξωθουμένῳ.
