1981 3267
276 130 328 169 72
679 130 728 171 Β.
763 131 1041 173 CYRILLI
1082 133 1464 175 ALEXANDR.
1683 134 1765 174 xix.
1791 146 1853 173 11.

273 235 392 287 κατὰ
450 235 506 288 τό
559 239 684 308 αὐτῷ
738 241 814 290 καὶ
867 241 996 310 μόνῳ
1050 244 1217 292 δοκοῦν
1268 242 1354 306 τὴν
1403 243 1471 294 ἐπ’
1524 243 1651 312 αὐτῷ
1699 242 1855 307 κρίσιν

271 318 508 373 ἀσυνέτως
547 321 918 391 ὑπισχνουμένῳ,
957 323 1300 389 χρησιμώτατα
1338 323 1446 375 λίαν
1485 323 1728 393 ἀντεξάγει
1770 321 1855 386 τὴν

270 401 379 466 παρ’
409 401 575 452 ἑαυτοῦ
614 402 809 465 δύναμίν
840 426 889 454 τε
929 406 1005 454 καὶ
1043 404 1278 472 ἐξουσίαν,
1310 405 1565 456 διωκωλύει
1604 405 1651 456 δὲ
1690 404 1854 470 ὥσπερ

271 481 426 551 εἰκαίῳ
464 505 513 533 τε
553 486 628 533 καὶ
667 484 880 553 ἀσυνέτῳ
918 485 1166 552 φυσήματι
1203 488 1278 537 καὶ
1312 488 1410 537 κατ’
1439 488 1579 550 αὐτῆς
1614 490 1695 550 τῆς
1731 487 1855 540 θείας

232 581 254 608 c
272 563 612 631 ἐξογκούμενον
639 564 796 634 δόξης.
852 568 928 617 καὶ
953 565 1047 633 γάρ
1078 591 1148 618 τοι
1183 569 1301 619 κατὰ
1333 568 1558 633 ἀλήθειαν
1583 570 1636 619 οὐ
1661 568 1854 634 μετρίαν
1873 582 1895 620 5

270 643 328 694 ἂν
366 646 615 710 ἐνεποίησέ
646 670 745 697 τισι
783 646 870 711 τὴν
906 648 1087 714 ζημίαν,
1122 649 1176 700 τὸ
1215 650 1334 716 πρὸς
1372 650 1666 714 ἀβουλήτους
1705 651 1854 704 αἰκίας

270 726 610 779 καθειλκύσθαι
662 729 861 794 νομίζειν
907 732 982 781 καὶ
1034 733 1121 799 οὐχ
1169 732 1336 783 ἑκόντα
1379 732 1608 798 Χριστὸν,
1654 734 1730 784 καὶ
1771 736 1854 796 τῆς

268 806 507 860 Ἰουδαίων
557 810 788 874 ἡττῆσθαι
838 813 1129 882 πλεονεξίας,
1175 815 1324 865 καίτοι
1373 813 1493 865 κατὰ
1547 814 1695 881 φύσιν
1741 813 1854 865 ὄντα

270 888 407 953 Θεὸν,
436 893 510 942 καὶ
545 896 639 943 τῶν
665 892 791 943 ὅλων
816 895 1026 954 βασιλέα
1061 895 1406 962 κεκηρυγμένον
1436 895 1566 962 παρὰ
1596 899 1678 959 τῆς
1718 896 1854 960 ἁγίας

267 974 343 1022 καὶ
371 974 688 1025 θεοπνεύστου
714 978 920 1045 γραφῆς.
979 975 1124 1028 ἐ’λυσε
1151 979 1306 1029 τοίνυν
1332 979 1442 1043 ἡμῖν
1468 984 1551 1029 τοῦ
1578 977 1854 1029 σκανδάλου
1876 998 1924 1023 10

266 1052 353 1118 τὴν
379 1054 613 1123 ἀφορμὴν,
641 1059 718 1107 καὶ
754 1056 838 1121 τὴν
864 1060 937 1109 ἐπὶ
969 1060 1120 1129 τούτῳ
1146 1059 1390 1124 πλάνησιν
1418 1059 1665 1127 πρόῤῥιζον
1691 1059 1854 1126 ὥσπερ

267 1138 585 1205 καταστρέφει
623 1138 776 1205 λέγων
804 1145 855 1190 Εἰ
890 1139 952 1208 μὴ
988 1137 1029 1201 ἦν
1062 1166 1127 1192 σοι
1166 1140 1379 1210 δεδομένον
1409 1141 1571 1194 ἄνωθεν.
1628 1141 1777 1193 ἄνωθεν
1804 1140 1853 1192 δὲ

267 1218 490 1269 δεδόσθαι
515 1219 601 1283 τὴν
627 1220 822 1289 ἐξουσίαν
847 1226 914 1291 τῷ
943 1224 1143 1292 Πιλοίτῳ
1170 1225 1336 1291 φησὶν,
1364 1224 1451 1291 οὐχ
1488 1226 1548 1277 ὡς
1584 1224 1854 1288 ἀβούλητον

266 1299 568 1367 ἐπιφέροντος
594 1308 677 1352 τοῦ
705 1305 831 1353 Θεοῦ
858 1306 934 1354 καὶ
962 1303 1154 1371 Πατρὸς
1185 1309 1252 1374 τῷ
1285 1307 1383 1374 ἰδίῳ
1418 1304 1671 1371 γεννήματι
1698 1306 1751 1357 τὸ
1779 1309 1853 1358 ἐπὶ

265 1383 332 1450 τῷ
359 1386 553 1452 σταυρῷ
578 1383 744 1447 πάθος,
773 1386 882 1435 ἀλλ’
912 1388 974 1440 ὡς
1008 1388 1151 1438 αὐτοῦ
1187 1386 1272 1451 μὲν
1298 1393 1381 1438 τοῦ
1410 1391 1714 1453 Μονογενοῦς
1745 1389 1849 1440 ἐπι·
1874 1408 1923 1447 15

221 1469 249 1510 d
267 1464 429 1517 δόντος
456 1463 620 1516 ἑαυτὸν
645 1470 711 1535 τῷ
737 1471 904 1519 παθεῖν
931 1467 1046 1535 ὑπὲρ
1072 1469 1217 1533 ἡμῶν,
1245 1469 1445 1539 ἀφέντος
1476 1468 1525 1521 δὲ
1551 1476 1633 1521 τοῦ
1661 1469 1853 1537 Πατρὸς

265 1545 319 1596 τὸ
360 1547 429 1597 ἐπ’
471 1547 597 1617 αὐτῷ
639 1553 946 1615 πληροῦσθαι
991 1550 1269 1617 μυστήριον.
1338 1550 1473 1606 δόσις
1516 1550 1601 1615 μὲν
1640 1553 1720 1603 οὖν
1762 1553 1854 1620 ἄρα

266 1632 440 1694 σαφῶς
474 1630 522 1679 ἐν
554 1630 735 1684 τούτοις
769 1631 797 1694 ἡ
831 1631 961 1698 παρὰ
990 1632 1182 1698 Πατρὸς
1220 1634 1493 1687 συναίνεσίς
1530 1656 1580 1685 τε
1618 1636 1694 1684 καὶ
1732 1657 1854 1701 συγ-

267 1710 491 1777 χώρησις,
531 1713 606 1762 καὶ
645 1712 761 1776 αὐτὴ
801 1711 848 1763 δὲ
886 1715 913 1778 ἡ
955 1710 1154 1779 θέλησις
1194 1721 1276 1766 τοῦ
1311 1718 1429 1766 Υἱοῦ
1475 1716 1649 1767 νοεῖταί
1687 1739 1736 1767 τε
1777 1720 1853 1767 καὶ

268 1792 471 1858 λέγεται.
521 1793 591 1844 ὅτι
618 1793 711 1860 γὰρ
739 1795 820 1845 οὐκ
849 1794 906 1846 ἂν
932 1796 1160 1857 ἐβιάσατο
1184 1796 1271 1861 τὴν
1297 1803 1380 1849 τοῦ
1408 1801 1629 1864 Σωτῆρος
1656 1798 1852 1863 δύναμιν
1872 1824 1923 1849 20

268 1874 296 1936 ἡ
322 1874 522 1939 πληθὺς,
550 1877 826 1944 ἀμφίβολον
851 1877 936 1940 μὲν
963 1879 1194 1942 οὐδαμῶς·
1235 1879 1366 1944 πλὴν
1392 1879 1557 1930 εἰδέναι
1590 1877 1770 1949 ῥᾴδιον,
1800 1880 1857 1949 ἐξ

266 1954 332 2006 ὧν
381 1956 616 2011 πολλάκις
667 1959 1107 2022 ἐπιβουλεύσαντες,
1150 1959 1343 2026 ὤνησαν
1392 1960 1476 2024 μὲν
1520 1961 1667 2026 οὐδὲν,
1709 1963 1849 2029 ἐλεγ-

265 2038 454 2104 χθέντες
498 2039 546 2090 δὲ
595 2039 753 2103 μόνον,
799 2043 861 2095 ὡς
906 2044 1131 2107 ὑβρισταὶ
1181 2044 1540 2110 κατεκρίθησαν.
1610 2045 1686 2094 καὶ
1737 2050 1853 2110 γοῦν

266 2119 511 2184 ἠθέλησαν
541 2121 684 2172 αὐτὸν
714 2122 898 2186 πιάσαι,
925 2124 1047 2175 καθά
1086 2129 1238 2193 φησιν
1273 2126 1298 2176 ὁ
1336 2124 1711 2191 Εὐαγγελιστὴς,
1738 2127 1850 2176 ἀλλ’

42 2206 203 2292 *Ji-512?-
264 2202 472 2270 ἐξελθὼν
499 2211 525 2233 “
546 2204 620 2254 διὰ
657 2204 807 2266 μέσου
842 2206 996 2257 αὐτῶν
1022 2206 1280 2272 ἐπορεύετο,
1308 2209 1383 2258 καὶ
1418 2210 1631 2274 παρῆγεν
1657 2207 1849 2261 οὕτως.”
1871 2225 1920 2263 25

39 2295 144 2368 {25}
263 2283 317 2335 Τὸ
353 2284 412 2335 δέ
438 2286 606 2339 Οὕτως
641 2288 806 2354 φησιν,
834 2289 936 2339 ἀντὶ
971 2293 1068 2352 τοῦ,
1095 2289 1182 2356 ΟὖΧ
1217 2289 1599 2352 ὑπεσταλμένως,
1627 2289 1680 2340 Οὐ
1714 2312 1847 2356 περι·

41 2349 122 2421 30‚⁰'
148 2349 178 2370 v.
264 2364 380 2429 δεὴς,
408 2367 461 2416 οὐ
496 2366 550 2417 τὸ
584 2371 679 2418 τῶν
711 2368 1141 2434 διαδιδρασκόντων
1170 2370 1479 2435 ἐπιτηδεύσας
1515 2373 1695 2437 σχῆμα,
1723 2373 1848 2429 ἀνειῖ

263 2448 413 2508 μένως
456 2447 504 2498 δὲ
549 2453 741 2511 μᾶλλον
785 2453 860 2500 καὶ
904 2452 1166 2515 βαδίσματι
1211 2456 1277 2521 τῷ
1319 2451 1440 2503 κατὰ
1482 2451 1733 2516 συνήθειαν
1775 2454 1850 2504 καὶ

41 2528 470 2595 1052Α.3θορύβου
513 2530 691 2584 παντὸς
735 2528 980 2601 ἐλευθέρῳ.
1056 2533 1157 2600 θείᾳ
1200 2533 1294 2599 γάρ
1339 2556 1428 2583 τινι
1477 2535 1553 2583 καὶ
1599 2534 1849 2605 ἀπορῥήτῳ

262 2609 452 2672 δυνάμει
491 2612 798 2681 κατακρύψας
837 2613 1015 2676 ἑαυτὸν,
1051 2613 1160 2668 τοὺς
1197 2619 1291 2665 τῶν
1327 2614 1584 2683 φονώντων
1620 2613 1723 2667 τότε
1760 2617 1849 2667 διέ-
1868 2636 1920 2672 30

262 2696 408 2744 λαθεν
448 2693 747 2761 ὀφθαλμούς·
829 2696 883 2745 οὐ
931 2694 1025 2763 γὰρ
1069 2695 1214 2760 ἤθελέ
1249 2720 1324 2748 πω
1369 2701 1548 2760 παθεῖν,
1591 2698 1701 2748 ἀλλ’
1745 2697 1849 2749 οὐδὲ

471 2926 478 2938 ³
593 2927 601 2937 Ι
740 2929 748 2938 Ἰ
791 2928 798 2939 3
961 2932 967 2938 ι
1060 2931 1071 2939 Ἰ
1483 2931 1491 2942 Ὶ
1578 2931 1585 2941 Ι
1605 2919 1624 2933 [⁰
1680 2932 1690 2941 Ἴ

401 2936 433 2971 5.
462 2927 703 2973 εξογκουμενον
724 2928 761 2963 E.
782 2929 1026 2974 εξογκουμενην
1046 2930 1110 2965 hd.
1389 2941 1442 2975 27.
1473 2946 1642 2975 (ινειμενος
1664 2932 1703 2966 h.
