2017 3252
301 118 386 158 390
489 118 540 159 B.
576 118 825 160 CYRILLI
860 118 1212 160 ALEXANDR.
1249 118 1622 160 FRAGMENTA
1781 120 1823 160 ii.
1843 133 1880 173 9.

91 185 105 226 [
126 193 184 225 114
200 186 248 217 M.
269 185 282 226 ]
339 223 351 238 x
474 226 482 239 Ι
1264 225 1275 241 Ι

301 247 387 288 την
431 227 589 295 δοξαν,
627 231 859 277 πλεῖστον
896 226 945 277 δὲ
988 226 1106 277 ὅσον
1146 227 1356 294 ὀφλησει
1396 226 1600 292 γέλωτα.
1655 233 1747 278 ποῦ
1788 227 1882 292 γὰρ

300 306 403 357 εἶπέ
437 329 516 369 μοι
557 307 705 375 ψιλὸς
745 308 991 373 ἅνθρωπος
1037 309 1062 358 ὁ
1109 307 1356 373 Χριστός;
1396 308 1511 359 πότε
1555 308 1604 359 δὲ
1647 308 1755 375 δίχα
1797 313 1881 359 τοῦ

301 389 550 442 ἑνωθε’ντος
586 390 712 458 αὐτῷ
752 394 921 439 νοεῖται
948 388 1143 453 Λόγους
1187 388 1290 438 ἔστι
1328 388 1421 454 γὰρ
1460 391 1509 440 ἐκ
1547 388 1725 455 μήτρας
1755 390 1875 452 Ἐμ-

299 470 514 533 μανουὴλ
560 473 634 520 καὶ
691 471 744 520 οὐ
796 471 959 535 γε’γονε
1011 475 1149 520 τοῦτο
1210 470 1329 520 κατὰ
1379 470 1580 535 καιρούς.
1653 475 1754 524 πῶς
1800 471 1882 521 οὖν

299 551 441 601 αὑτὸν
474 552 735 613 ἐπισκοπῆς
774 574 824 601 τε
869 552 944 601 καὶ
989 550 1174 613 μνήμης
1213 551 1451 619 ἠξιῶσθαί
1480 556 1603 619 φασι
1632 550 1761 617 παρὰ
1798 557 1922 607 τοῦ5

301 635 425 682 Θεοῦ
452 632 646 696 Λόγους
693 631 790 682 εἶτα
825 631 1085 686 διιστάντες
1119 655 1169 683 τε
1205 635 1280 682 καὶ
1312 632 1582 698 διορίζοντες
1609 631 1882 697 ὁλοτρόπως

299 715 458 764 ἁλοῖεν
486 712 542 764 ἂν
569 717 644 764 καὶ
680 714 769 764 ἀνὰ
803 714 961 779 με’ρος,
991 715 1100 777 ἡμῖν
1127 712 1305 778 γυμνὸν
1330 719 1413 764 τοῦ
1446 714 1695 767 ἑνωθέντος
1721 713 1883 778 Λόγου

300 795 552 849 δεικνύντες
599 796 754 861 ἕτερον
798 794 1016 861 Χριστὸν
1060 797 1135 845 καὶ
1180 793 1311 845 Υὶόν·
1366 794 1522 859 ἕτερον
1565 794 1657 860 γὰρ
1700 794 1881 860 ἀνοῖγκη

301 882 508 928 νοεῖσθαι
546 876 628 928 τὸν
667 879 928 941 ἐπισκοπῆς
967 875 1108 927 αὐτὸν
1147 878 1223 926 καὶ
1261 875 1445 940 μνήμης
1483 875 1716 944 ἠξιωκότα
1753 875 1882 941 παρὰ

76 973 267 1013 Eph-iv-5-
300 957 382 1009 τὸν
421 956 458 1027 ᾧ
497 964 643 1009 ταῦτα
683 959 862 1008 δέδοται
899 959 1007 1023 παρ’
1043 959 1199 1007 αὐτοῦ·
1242 961 1342 1010 πῶς
1381 957 1462 1007 οὖν
1504 958 1570 1007 ἔτι
1605 956 1779 1022 Κύριος
1818 956 1881 1010 εἷς
1903 983 1951 1007 10

299 1042 383 1103 μιά
412 1062 460 1090 τε
494 1041 653 1093 πίστις
689 1042 764 1090 καὶ
801 1038 849 1090 ἓν
875 1039 929 1089 τὸ
964 1038 1253 1102 βάπτισμα,
1299 1042 1335 1088 εἰ
1373 1037 1466 1103 γὰρ
1500 1039 1573 1088 καὶ
1611 1038 1775 1102 πολλή
1813 1062 1882 1092 τις

299 1125 392 1171 τῶν
419 1120 612 1189 φύσεων
636 1122 663 1184 ἡ
691 1120 914 1189 διαφορὰ,
946 1121 1055 1170 ἀλλ’
1086 1120 1110 1170 ὅ
1144 1143 1196 1185 γε
1233 1122 1316 1182 τῆς
1351 1119 1561 1173 ἑνώσεως
1597 1119 1770 1185 τρόπος
1802 1120 1882 1171 ἕνα

300 1200 382 1252 τὸν
426 1202 482 1271 ἐξ
524 1204 702 1270 ἀμφοῖν
747 1202 917 1270 ἔδειξεν
955 1200 1084 1251 Υἶόν.
1138 1203 1304 1251 οὐκοῦν
1342 1203 1379 1250 εὶ
1424 1199 1609 1264 μνήμης
1649 1201 1886 1269 ἠξιῶσθαί

77 1303 231 1334 ammae
300 1289 455 1351 φαμεν
496 1283 637 1335 αὑτὸν
677 1283 806 1350 παρὰ
851 1288 934 1334 τοῦ
973 1286 1097 1333 Θεοῦ
1137 1282 1313 1346 Λόγου,
1352 1283 1547 1349 ψυχικοὶ
1593 1282 1648 1345 δὴ
1693 1281 1881 1337 πάντως

78 1355 127 1388 19'
298 1364 442 1428 ἐσμὲν
476 1370 659 1428 πνεῦμα
697 1364 760 1428 μὴ
795 1365 979 1431 ἔχοντες
1021 1363 1141 1414 καθὰ
1180 1360 1456 1429 γέγραπται·
1498 1363 1753 1429 διορίζομεν
1786 1363 1880 1430 γὰρ
1904 1391 1950 1426 15

295 1450 357 1499 εἷς
385 1447 466 1497 δύο
492 1445 573 1497 τὸν
599 1446 692 1497 ἕνα.
749 1450 787 1496 εὶ
819 1445 867 1496 δὲ
894 1445 951 1509 ἧν
975 1447 1023 1495 ἐν
1051 1447 1215 1512 ἀρχαῖς
1248 1444 1363 1509 ὅπερ
1397 1446 1499 1494 ἐστὶ
1540 1446 1616 1494 καὶ
1652 1444 1709 1513 ἐξ
1739 1446 1882 1509 αὐτῆς

294 1527 475 1592 μήτρας
500 1526 825 1591 Ἐμμανουὴλ,
863 1531 899 1577 εἰ
938 1526 1020 1577 τὸν
1054 1529 1137 1589 τῆς
1171 1525 1382 1578 ἑνώσεως
1420 1524 1484 1588 μὴ
1517 1526 1879 1595 παραδεξόμεθα

295 1607 484 1674 τρόπον,
519 1609 683 1660 ἑαυτοῦ
726 1608 782 1673 δὴ
817 1607 1005 1661 πάντως
1043 1610 1067 1658 ὁ
1104 1607 1263 1673 Λόγος
1304 1606 1683 1670 διαμεμνήσεται,
1715 1608 1879 1659 ἑαυτὸν

295 1689 473 1758 ἠξίωσε
499 1694 581 1754 τῆς
608 1693 883 1754 ἐπισκοπῆς,
911 1690 1074 1741 ἑαυτὸν
1101 1688 1412 1755 εὐεργετήσας
1443 1690 1619 1755 ὁρᾶται,
1647 1693 1721 1740 καὶ
1752 1698 1875 1741 πολ-

296 1771 387 1835 λὴν
426 1772 534 1835 ἡμῖν
567 1775 615 1822 ἐν
657 1773 836 1825 τούτοις
876 1772 962 1835 τὴν
1003 1772 1201 1822 ἀτοπίαν
1240 1775 1469 1834 εἷσκομιεῖ
1502 1775 1597 1821 τῶν
1631 1773 1816 1822 ἐννοιῶν
1849 1772 1950 1836 ἡ20

297 1852 506 1916 δύναμις·
566 1854 619 1904 οὐ
663 1852 755 1919 γὰρ
801 1852 1057 1918 ἀλλότριον
1100 1857 1182 1903 τοῦ
1227 1850 1389 1917 Λόγου
1433 1850 1487 1901 τὸ
1533 1855 1677 1915 σῶμα
1722 1854 1877 1915 αὐτοῦ,

297 1934 459 1987 ἄλλως
498 1958 546 1986 τε
585 1935 653 1987 τίς
692 1935 783 2000 ἄρα
820 1936 952 1984 ἐστὶν
979 1935 1003 1984 ὁ
1039 1937 1325 1984 κεκενῶσθαι
1359 1931 1615 1998 λεγόμενος
1640 1932 1770 1999 παρὰ
1795 1937 1879 1998 τῆς

298 2017 436 2081 ἁγίας
461 2018 650 2084 γραφῆς·
672 2037 683 2076 ;

371 2101 429 2147 ΕΖ
464 2097 549 2160 μὲν
575 2097 657 2147 οὖν
681 2096 762 2147 τὸν
787 2098 836 2148 ἐκ
870 2100 952 2161 τῆς
987 2098 1122 2162 ἁγίας
1156 2098 1390 2162 παρθένου
1425 2096 1764 2162 γεγεννημένον
1789 2096 1879 2148 ἀνὰ

297 2178 435 2243 μέρος
462 2179 571 2241 ἡμῖν
598 2178 827 2241 ἱστάντες,
846 2178 987 2229 αὐτὸν
1014 2179 1259 2241 ὑπομεῖναί
1282 2184 1405 2245 φασι
1431 2177 1517 2241 τὴν
1543 2178 1757 2241 κένωσιν,
1778 2183 1877 2232 πῶς
1900 2201 1949 2238 25

297 2259 496 2323 ἐκενώθη
532 2260 888 2328 δεδοξασμένος,
916 2261 1041 2325 εἴπερ
1073 2262 1175 2310 ἐστὶ
1211 2261 1317 2310 καθ’
1344 2260 1465 2323 ἡμᾶς
1499 2260 1732 2329 ἀνθρώπῳ
1766 2259 1878 2325 τιμὴ

299 2343 372 2390 καὶ
411 2341 529 2409 δόξα
565 2341 620 2392 τὸ
658 2343 918 2405 ἐπισκοπῆς
959 2341 1211 2409 ἀξιοῦσθαι
1242 2343 1317 2391 καὶ
1355 2341 1553 2404 μνήμης,
1586 2341 1795 2395 ἑνώσεώς
1827 2365 1878 2393 τε

298 2427 453 2489 τυχεῖν
486 2425 569 2485 τῆς
608 2422 726 2487 πρὸς
759 2422 899 2473 Θεόν·
943 2427 977 2473 εἰ
1021 2424 1057 2472 δ’
1096 2423 1163 2473 ἐπ’
1205 2423 1345 2473 αὑτοῦ
1387 2423 1570 2487 λε’γοιεν
1608 2421 1877 2490 πεπράχθαι

298 2501 383 2565 τὴν
422 2502 620 2553 κένωσιν
658 2509 740 2554 τοῦ
783 2508 1097 2569 Μονογενοῦς,
1125 2502 1374 2554 κεκένωταί
1407 2526 1451 2553 τι
1489 2503 1671 2554 παθών·
1713 2501 1750 2572 ᾧ
1784 2503 1877 2569 γὰρ

299 2582 354 2634 τὸ
379 2588 545 2634 παθεῖν
570 2585 857 2648 συμβέβηκε,
882 2584 1052 2650 πρέποι
1088 2582 1145 2634 ἂν
1180 2588 1370 2647 μᾶλλον
1402 2586 1477 2635 καὶ
1515 2583 1569 2635 τὸ
1607 2587 1690 2648 τῆς
1729 2585 1873 2636 κενώ-
1897 2607 1948 2643 30

300 2687 422 2718 σεως
463 2667 640 2731 χρῆμα.
701 2667 996 2728 σεσώσμεθα
1038 2666 1192 2716 τοίνυν
1238 2666 1292 2715 δι’
1341 2666 1529 2727 ἑαυτῶν,
1575 2665 1701 2731 εἴπερ
1746 2668 1877 2717 ἐστὶν

301 2746 547 2810 ἅνθρωπος
589 2747 693 2797 καθ’
737 2746 856 2809 ἡμᾶς
901 2747 987 2813 οὐχ
1031 2748 1212 2800 ἑνωθεὶς
1256 2748 1362 2797 καθ’
1406 2745 1674 2798 ὑπόστασιν
1718 2751 1783 2816 τῷ
1826 2748 1875 2798 ἐκ

766 2905 821 2938 30.
848 2895 886 2929 τὰ
905 2896 963 2938 τῆς
981 2898 1150 2931 κενώσεως
1168 2895 1322 2940 χρήματα
1344 2895 1401 2930 Cr.
