<?xml version="1.0" encoding="UTF-8"?>
<!DOCTYPE html PUBLIC "-//W3C//DTD XHTML 1.0 Transitional//EN"
    "http://www.w3.org/TR/xhtml1/DTD/xhtml1-transitional.dtd">
<html xmlns="http://www.w3.org/1999/xhtml" xml:lang="en" lang="en">
 <head>
  <title>
</title>
<meta http-equiv="Content-Type" content="text/html;charset=utf-8" />
  <meta name='ocr-system' content='tesseract 3.04.00' />
  <meta name='ocr-capabilities' content='ocr_page ocr_carea ocr_par ocr_line ocrx_word'/>
</head>
<body>
  <div class='ocr_page' id='page_1' title='image "./operacyrilli05cyriuoft_0422.png"; bbox 0 0 2017 3252; ppageno 0'>
   <div class='ocr_carea' id='block_1_1' title="bbox 296 140 1876 192">
    <p class='ocr_par' dir='ltr' id='par_1_1' title="bbox 296 140 1876 192">
     <span class='ocr_line' id='line_1_1' title="bbox 296 140 1876 192; baseline -0.003 -8"><span class='ocrx_word' id='word_1_1' title='bbox 296 144 381 184; x_wconf 78' lang='lat'>408</span> <span class='ocrx_word' id='word_1_2' title='bbox 528 144 576 184; x_wconf 91' lang='lat' dir='ltr'>B.</span> <span class='ocrx_word' id='word_1_3' title='bbox 608 143 855 184; x_wconf 89' lang='lat' dir='ltr'>CYRILLI</span> <span class='ocrx_word' id='word_1_4' title='bbox 892 141 1238 183; x_wconf 87' lang='lat' dir='ltr'><strong>ALEXANDR.</strong></span> <span class='ocrx_word' id='word_1_5' title='bbox 1277 140 1647 181; x_wconf 86' lang='lat' dir='ltr'><strong>FRAGMENTA</strong></span> <span class='ocrx_word' id='word_1_6' title='bbox 1765 140 1819 179; x_wconf 88' lang='lat' dir='ltr'>ix.</span> <span class='ocrx_word' id='word_1_7' title='bbox 1838 150 1876 192; x_wconf 86' lang='lat'>5.</span> 
     </span>
    </p>
   </div>
   <div class='ocr_carea' id='block_1_2' title="bbox 74 208 1878 313">
    <p class='ocr_par' dir='ltr' id='par_1_2' title="bbox 74 208 1878 313">
     <span class='ocr_line' id='line_1_2' title="bbox 125 209 252 240; baseline 0 0"><span class='ocrx_word' id='word_1_8' title='bbox 125 210 185 240; x_wconf 85' lang='lat'>118</span> <span class='ocrx_word' id='word_1_9' title='bbox 204 209 252 240; x_wconf 88' lang='lat' dir='ltr'>M.</span> 
     </span>
     <span class='ocr_line' id='line_1_3' title="bbox 74 208 1878 313; baseline 0.001 -20"><span class='ocrx_word' id='word_1_10' title='bbox 74 208 233 294; x_wconf 75' lang='lat' dir='ltr'>E[s.vi.2.</span> <span class='ocrx_word' id='word_1_11' title='bbox 266 208 324 277; x_wconf 75' lang='lat'>]“</span> <span class='ocrx_word' id='word_1_12' title='bbox 349 247 648 312; x_wconf 79' lang='grc' dir='ltr'>ἐπηρμε’νου·”</span> <span class='ocrx_word' id='word_1_13' title='bbox 694 248 769 297; x_wconf 76' lang='grc' dir='ltr'>καὶ</span> <span class='ocrx_word' id='word_1_14' title='bbox 810 245 869 296; x_wconf 78' lang='grc' dir='ltr'>τὰ</span> <span class='ocrx_word' id='word_1_15' title='bbox 911 247 1125 313; x_wconf 79' lang='grc' dir='ltr'>σεραφῖμ</span> <span class='ocrx_word' id='word_1_16' title='bbox 1161 244 1365 308; x_wconf 77' lang='grc' dir='ltr'>εἱστήκει</span> <span class='ocrx_word' id='word_1_17' title='bbox 1404 244 1563 313; x_wconf 79' lang='grc' dir='ltr'>κύκλῳ</span> <span class='ocrx_word' id='word_1_18' title='bbox 1599 244 1760 305; x_wconf 84' lang='grc' dir='ltr'>αὐτοῦ,</span> <span class='ocrx_word' id='word_1_19' title='bbox 1802 246 1878 294; x_wconf 81' lang='grc' dir='ltr'>καὶ</span> 
     </span>
    </p>
   </div>
   <div class='ocr_carea' id='block_1_3' title="bbox 293 325 1920 802">
    <p class='ocr_par' dir='ltr' id='par_1_3' title="bbox 293 325 1920 802">
     <span class='ocr_line' id='line_1_4' title="bbox 295 325 1874 395; baseline -0.003 -16"><span class='ocrx_word' id='word_1_20' title='bbox 295 328 378 379; x_wconf 82' lang='grc' dir='ltr'>τὸν</span> <span class='ocrx_word' id='word_1_21' title='bbox 404 330 478 379; x_wconf 80' lang='grc' dir='ltr'>ἐπὶ</span> <span class='ocrx_word' id='word_1_22' title='bbox 511 328 679 394; x_wconf 82' lang='grc' dir='ltr'>θρόνου</span> <span class='ocrx_word' id='word_1_23' title='bbox 708 327 884 393; x_wconf 81' lang='grc' dir='ltr'>Κύριον</span> <span class='ocrx_word' id='word_1_24' title='bbox 909 326 1242 395; x_wconf 75' lang='grc' dir='ltr'>ἐδοξολόγουν,</span> <span class='ocrx_word' id='word_1_25' title='bbox 1273 325 1356 379; x_wconf 77' lang='grc' dir='ltr'>τὰς</span> <span class='ocrx_word' id='word_1_26' title='bbox 1381 326 1616 391; x_wconf 74' lang='grc' dir='ltr'>πτέρυγας</span> <span class='ocrx_word' id='word_1_27' title='bbox 1648 325 1874 375; x_wconf 82' lang='grc' dir='ltr'>τείνοντα·</span> 
     </span>
     <span class='ocr_line' id='line_1_5' title="bbox 297 406 1878 477; baseline -0.003 -17"><span class='ocrx_word' id='word_1_28' title='bbox 297 411 417 460; x_wconf 77' lang='grc' dir='ltr'>οὕτω</span> <span class='ocrx_word' id='word_1_29' title='bbox 444 409 672 477; x_wconf 78' lang='grc' dir='ltr'>τετάχατο</span> <span class='ocrx_word' id='word_1_30' title='bbox 699 410 773 460; x_wconf 82' lang='grc' dir='ltr'>καὶ</span> <span class='ocrx_word' id='word_1_31' title='bbox 799 411 846 459; x_wconf 85' lang='grc' dir='ltr'>ἐν</span> <span class='ocrx_word' id='word_1_32' title='bbox 872 413 930 475; x_wconf 85' lang='grc' dir='ltr'>τῇ</span> <span class='ocrx_word' id='word_1_33' title='bbox 957 409 1069 476; x_wconf 77' lang='grc' dir='ltr'>ἁγίᾳ</span> <span class='ocrx_word' id='word_1_34' title='bbox 1094 412 1248 475; x_wconf 80' lang='grc' dir='ltr'>σκηνῇ</span> <span class='ocrx_word' id='word_1_35' title='bbox 1281 406 1602 473; x_wconf 71' lang='grc' dir='ltr'>συσκιάζοντα</span> <span class='ocrx_word' id='word_1_36' title='bbox 1634 411 1734 459; x_wconf 84' lang='grc' dir='ltr'>ταῖς</span> <span class='ocrx_word' id='word_1_37' title='bbox 1768 406 1878 456; x_wconf 67' lang='grc' dir='ltr'>πτέ-</span> 
     </span>
     <span class='ocr_line' id='line_1_6' title="bbox 293 489 1878 560; baseline -0.003 -18"><span class='ocrx_word' id='word_1_38' title='bbox 293 492 429 560; x_wconf 77' lang='grc' dir='ltr'>ρυξιν</span> <span class='ocrx_word' id='word_1_39' title='bbox 455 493 527 542; x_wconf 76' lang='grc' dir='ltr'>ε’πὶ</span> <span class='ocrx_word' id='word_1_40' title='bbox 553 490 607 542; x_wconf 80' lang='grc' dir='ltr'>τὸ</span> <span class='ocrx_word' id='word_1_41' title='bbox 634 490 928 556; x_wconf 78' lang='grc' dir='ltr'>ἱλαστήριον·</span> <span class='ocrx_word' id='word_1_42' title='bbox 972 492 1008 540; x_wconf 78' lang='grc' dir='ltr'>εἰ</span> <span class='ocrx_word' id='word_1_43' title='bbox 1036 489 1084 539; x_wconf 77' lang='grc' dir='ltr'>δὲ</span> <span class='ocrx_word' id='word_1_44' title='bbox 1118 489 1175 553; x_wconf 83' lang='grc' dir='ltr'>ἧν</span> <span class='ocrx_word' id='word_1_45' title='bbox 1201 513 1271 542; x_wconf 89' lang='grc' dir='ltr'>τις</span> <span class='ocrx_word' id='word_1_46' title='bbox 1306 493 1401 542; x_wconf 81' lang='grc' dir='ltr'>τοῖς</span> <span class='ocrx_word' id='word_1_47' title='bbox 1435 491 1663 555; x_wconf 77' lang='grc' dir='ltr'>χερουβὶμ</span> <span class='ocrx_word' id='word_1_48' title='bbox 1699 493 1794 541; x_wconf 78' lang='grc' dir='ltr'>τοῖς</span> <span class='ocrx_word' id='word_1_49' title='bbox 1829 489 1878 538; x_wconf 82' lang='grc' dir='ltr'>ἐκ</span> 
     </span>
     <span class='ocr_line' id='line_1_7' title="bbox 294 568 1920 639; baseline -0.002 -16"><span class='ocrx_word' id='word_1_50' title='bbox 294 574 495 639; x_wconf 82' lang='grc' dir='ltr'>χρυσίου</span> <span class='ocrx_word' id='word_1_51' title='bbox 532 573 856 635; x_wconf 74' lang='grc' dir='ltr'>πεποιημένοις</span> <span class='ocrx_word' id='word_1_52' title='bbox 894 571 985 634; x_wconf 73' lang='grc' dir='ltr'>βοή</span> <span class='ocrx_word' id='word_1_53' title='bbox 1025 594 1073 621; x_wconf 92' lang='grc' dir='ltr'>τε</span> <span class='ocrx_word' id='word_1_54' title='bbox 1114 573 1189 621; x_wconf 78' lang='grc' dir='ltr'>καὶ</span> <span class='ocrx_word' id='word_1_55' title='bbox 1228 569 1389 636; x_wconf 84' lang='grc' dir='ltr'>λόγος,</span> <span class='ocrx_word' id='word_1_56' title='bbox 1423 569 1783 638; x_wconf 73' lang='grc' dir='ltr'>ἐδοξολόγησαν</span> <span class='ocrx_word' id='word_1_57' title='bbox 1821 568 1879 619; x_wconf 78' lang='grc' dir='ltr'>ἂν</span> <span class='ocrx_word' id='word_1_58' title='bbox 1899 592 1920 629; x_wconf 87' lang='lat'><em>5</em></span> 
     </span>
     <span class='ocr_line' id='line_1_8' title="bbox 297 650 1879 720; baseline -0.002 -16"><span class='ocrx_word' id='word_1_59' title='bbox 297 657 359 707; x_wconf 88' lang='grc' dir='ltr'>ὡς</span> <span class='ocrx_word' id='word_1_60' title='bbox 390 655 546 720; x_wconf 84' lang='grc' dir='ltr'>κύριον</span> <span class='ocrx_word' id='word_1_61' title='bbox 573 652 789 715; x_wconf 76' lang='grc' dir='ltr'>σαβαὼθ,</span> <span class='ocrx_word' id='word_1_62' title='bbox 818 653 900 703; x_wconf 83' lang='grc' dir='ltr'>τὸν</span> <span class='ocrx_word' id='word_1_63' title='bbox 925 656 972 703; x_wconf 88' lang='grc' dir='ltr'>ἐν</span> <span class='ocrx_word' id='word_1_64' title='bbox 998 657 1055 720; x_wconf 84' lang='grc' dir='ltr'>τῇ</span> <span class='ocrx_word' id='word_1_65' title='bbox 1091 651 1265 703; x_wconf 81' lang='grc' dir='ltr'>δούλου</span> <span class='ocrx_word' id='word_1_66' title='bbox 1297 655 1460 720; x_wconf 83' lang='grc' dir='ltr'>μορφῇ</span> <span class='ocrx_word' id='word_1_67' title='bbox 1494 651 1738 719; x_wconf 82' lang='grc' dir='ltr'>πεφηνότα</span> <span class='ocrx_word' id='word_1_68' title='bbox 1761 650 1879 702; x_wconf 79' lang='grc' dir='ltr'>Υὶὸν</span> 
     </span>
     <span class='ocr_line' id='line_1_9' title="bbox 300 732 1444 802; baseline -0.002 -17"><span class='ocrx_word' id='word_1_69' title='bbox 300 738 552 800; x_wconf 84' lang='grc' dir='ltr'>Μονογενῆ</span> <span class='ocrx_word' id='word_1_70' title='bbox 579 735 662 785; x_wconf 84' lang='grc' dir='ltr'>τὸν</span> <span class='ocrx_word' id='word_1_71' title='bbox 687 737 736 786; x_wconf 86' lang='grc' dir='ltr'>ἐκ</span> <span class='ocrx_word' id='word_1_72' title='bbox 763 739 887 786; x_wconf 74' lang='grc' dir='ltr'>Θεοῦ</span> <span class='ocrx_word' id='word_1_73' title='bbox 915 735 1105 800; x_wconf 80' lang='grc' dir='ltr'>Πατρὸς</span> <span class='ocrx_word' id='word_1_74' title='bbox 1135 733 1254 784; x_wconf 78' lang='grc' dir='ltr'>κατὰ</span> <span class='ocrx_word' id='word_1_75' title='bbox 1280 732 1444 802; x_wconf 81' lang='grc' dir='ltr'>φύσιν.</span> 
     </span>
    </p>
   </div>
   <div class='ocr_carea' id='block_1_4' title="bbox 130 892 1893 2981">
    <p class='ocr_par' dir='ltr' id='par_1_4' title="bbox 297 892 1882 2055">
     <span class='ocr_line' id='line_1_10' title="bbox 347 892 1877 940; baseline -0.001 -12"><span class='ocrx_word' id='word_1_76' title='bbox 347 903 378 937; x_wconf 93' lang='lat'>7.</span> <span class='ocrx_word' id='word_1_77' title='bbox 405 893 622 940; x_wconf 73' lang='lat' dir='ltr'>Sequebatur</span> <span class='ocrx_word' id='word_1_78' title='bbox 639 907 707 928; x_wconf 81' lang='lat' dir='ltr'>ver.</span> <span class='ocrx_word' id='word_1_79' title='bbox 729 906 768 929; x_wconf 86' lang='lat'>10</span> <span class='ocrx_word' id='word_1_80' title='bbox 787 896 902 928; x_wconf 74' lang='grc' dir='ltr'>Μωνον</span> <span class='ocrx_word' id='word_1_81' title='bbox 919 894 973 928; x_wconf 84' lang='grc' dir='ltr'>ἐπὶ</span> <span class='ocrx_word' id='word_1_82' title='bbox 997 895 1157 937; x_wconf 81' lang='grc' dir='ltr'>βρώμασι</span> <span class='ocrx_word' id='word_1_83' title='bbox 1176 894 1227 927; x_wconf 81' lang='grc' dir='ltr'>καὶ</span> <span class='ocrx_word' id='word_1_84' title='bbox 1244 908 1375 936; x_wconf 78' lang='grc' dir='ltr'>πομασι</span> <span class='ocrx_word' id='word_1_85' title='bbox 1394 904 1473 926; x_wconf 84' lang='lat' dir='ltr'>cum</span> <span class='ocrx_word' id='word_1_86' title='bbox 1493 892 1636 935; x_wconf 75' lang='lat' dir='ltr'>scholio,</span> <span class='ocrx_word' id='word_1_87' title='bbox 1655 893 1748 938; x_wconf 82' lang='lat' dir='ltr'>quod</span> <span class='ocrx_word' id='word_1_88' title='bbox 1768 905 1877 938; x_wconf 85' lang='lat' dir='ltr'>quum</span> 
     </span>
     <span class='ocr_line' id='line_1_11' title="bbox 300 939 1878 986; baseline 0 -12"><span class='ocrx_word' id='word_1_89' title='bbox 300 940 337 975; x_wconf 88' lang='lat' dir='ltr'>S.</span> <span class='ocrx_word' id='word_1_90' title='bbox 358 940 402 986; x_wconf 68' lang='lat' dir='ltr'>C)</span> <span class='ocrx_word' id='word_1_91' title='bbox 402 941 530 974; x_wconf 78' lang='lat' dir='ltr'>rissum</span> <span class='ocrx_word' id='word_1_92' title='bbox 555 948 733 975; x_wconf 79' lang='lat' dir='ltr'>auctmem</span> <span class='ocrx_word' id='word_1_93' title='bbox 759 954 829 975; x_wconf 86' lang='lat' dir='ltr'>non</span> <span class='ocrx_word' id='word_1_94' title='bbox 855 941 993 981; x_wconf 82' lang='lat' dir='ltr'>habeat,</span> <span class='ocrx_word' id='word_1_95' title='bbox 1012 952 1075 974; x_wconf 83' lang='lat' dir='ltr'>nee</span> <span class='ocrx_word' id='word_1_96' title='bbox 1101 940 1182 974; x_wconf 76' lang='lat' dir='ltr'>alibi</span> <span class='ocrx_word' id='word_1_97' title='bbox 1205 941 1385 985; x_wconf 76' lang='lat' dir='ltr'>repffliam,</span> <span class='ocrx_word' id='word_1_98' title='bbox 1404 945 1486 973; x_wconf 77' lang='lat' dir='ltr'>nota</span> <span class='ocrx_word' id='word_1_99' title='bbox 1503 939 1671 973; x_wconf 82' lang='lat' dir='ltr'>exhibeo:</span> <span class='ocrx_word' id='word_1_100' title='bbox 1697 939 1878 974; x_wconf 84' lang='grc' dir='ltr'>Ἐκέλευσε</span> 
     </span>
     <span class='ocr_line' id='line_1_12' title="bbox 299 985 1879 1032; baseline -0.001 -11"><span class='ocrx_word' id='word_1_101' title='bbox 299 988 369 1021; x_wconf 64' lang='grc' dir='ltr'>δὲ’</span> <span class='ocrx_word' id='word_1_102' title='bbox 353 1003 371 1021; x_wconf 91' lang='grc' dir='ltr'>ο</span> <span class='ocrx_word' id='word_1_103' title='bbox 389 988 464 1023; x_wconf 87' lang='grc' dir='ltr'>θεὸς</span> <span class='ocrx_word' id='word_1_104' title='bbox 480 988 524 1031; x_wconf 90' lang='grc' dir='ltr'>μὴ</span> <span class='ocrx_word' id='word_1_105' title='bbox 544 988 669 1021; x_wconf 82' lang='grc' dir='ltr'>ε’σθίειν</span> <span class='ocrx_word' id='word_1_106' title='bbox 686 989 743 1022; x_wconf 86' lang='grc' dir='ltr'>τὸν</span> <span class='ocrx_word' id='word_1_107' title='bbox 761 987 1034 1032; x_wconf 77' lang='grc' dir='ltr'>χοιρογρύλλιον,</span> <span class='ocrx_word' id='word_1_108' title='bbox 1053 987 1112 1029; x_wconf 88' lang='grc' dir='ltr'>τὴν</span> <span class='ocrx_word' id='word_1_109' title='bbox 1131 986 1196 1032; x_wconf 77' lang='lat' dir='ltr'>[ita</span> <span class='ocrx_word' id='word_1_110' title='bbox 1214 987 1290 1020; x_wconf 79' lang='lat' dir='ltr'>cod.</span> <span class='ocrx_word' id='word_1_111' title='bbox 1317 988 1375 1020; x_wconf 85' lang='grc' dir='ltr'>τὸν</span> <span class='ocrx_word' id='word_1_112' title='bbox 1394 986 1459 1019; x_wconf 84' lang='lat' dir='ltr'>Ed.</span> <span class='ocrx_word' id='word_1_113' title='bbox 1464 985 1479 1031; x_wconf 89' lang='lat'>]</span> <span class='ocrx_word' id='word_1_114' title='bbox 1507 987 1668 1029; x_wconf 85' lang='grc' dir='ltr'>κάμηλον,</span> <span class='ocrx_word' id='word_1_115' title='bbox 1694 987 1751 1020; x_wconf 86' lang='grc' dir='ltr'>τὸν</span> <span class='ocrx_word' id='word_1_116' title='bbox 1776 988 1879 1019; x_wconf 88' lang='grc' dir='ltr'>καλα-</span> 
     </span>
     <span class='ocr_line' id='line_1_13' title="bbox 297 1032 1880 1079; baseline -0.001 -11"><span class='ocrx_word' id='word_1_117' title='bbox 297 1036 422 1077; x_wconf 82' lang='grc' dir='ltr'>βώτην,</span> <span class='ocrx_word' id='word_1_118' title='bbox 442 1035 494 1068; x_wconf 85' lang='grc' dir='ltr'>καὶ</span> <span class='ocrx_word' id='word_1_119' title='bbox 519 1035 559 1068; x_wconf 82' lang='grc' dir='ltr'>τὰ</span> <span class='ocrx_word' id='word_1_120' title='bbox 584 1034 659 1078; x_wconf 52' lang='lat' dir='ltr'>[ism</span> <span class='ocrx_word' id='word_1_121' title='bbox 651 1045 692 1067; x_wconf 77' lang='grc' dir='ltr'>α·</span> <span class='ocrx_word' id='word_1_122' title='bbox 726 1037 830 1068; x_wconf 81' lang='grc' dir='ltr'>ταῦτα</span> <span class='ocrx_word' id='word_1_123' title='bbox 856 1035 892 1067; x_wconf 87' lang='grc' dir='ltr'>δε</span> <span class='ocrx_word' id='word_1_124' title='bbox 910 1049 949 1067; x_wconf 90' lang='grc' dir='ltr'>ου</span> <span class='ocrx_word' id='word_1_125' title='bbox 966 1035 1005 1067; x_wconf 82' lang='grc' dir='ltr'>τὰ</span> <span class='ocrx_word' id='word_1_126' title='bbox 1033 1035 1098 1079; x_wconf 75' lang='grc' dir='ltr'>ζῷα</span> <span class='ocrx_word' id='word_1_127' title='bbox 1124 1034 1264 1075; x_wconf 81' lang='grc' dir='ltr'>κακίζων</span> <span class='ocrx_word' id='word_1_128' title='bbox 1287 1033 1394 1077; x_wconf 88' lang='grc' dir='ltr'>λεγει,</span> <span class='ocrx_word' id='word_1_129' title='bbox 1421 1032 1512 1066; x_wconf 81' lang='grc' dir='ltr'>ἀλλὰ</span> <span class='ocrx_word' id='word_1_130' title='bbox 1540 1034 1635 1068; x_wconf 75' lang='grc' dir='ltr'>Βίους</span> <span class='ocrx_word' id='word_1_131' title='bbox 1662 1033 1714 1066; x_wconf 83' lang='grc' dir='ltr'>καὶ</span> <span class='ocrx_word' id='word_1_132' title='bbox 1742 1033 1880 1076; x_wconf 78' lang='grc' dir='ltr'>πράξεις</span> 
     </span>
     <span class='ocr_line' id='line_1_14' title="bbox 302 1079 1882 1125; baseline -0.001 -11"><span class='ocrx_word' id='word_1_133' title='bbox 302 1081 449 1116; x_wconf 80' lang='grc' dir='ltr'>ἀτόπους</span> <span class='ocrx_word' id='word_1_134' title='bbox 466 1081 685 1125; x_wconf 73' lang='grc' dir='ltr'>ἀπαγορεύων</span> <span class='ocrx_word' id='word_1_135' title='bbox 701 1081 922 1124; x_wconf 85' lang='grc' dir='ltr'>πράττεσθαι.</span> <span class='ocrx_word' id='word_1_136' title='bbox 952 1080 970 1123; x_wconf 80' lang='grc' dir='ltr'>ἢ</span> <span class='ocrx_word' id='word_1_137' title='bbox 988 1081 1053 1125; x_wconf 81' lang='grc' dir='ltr'>γὰρ</span> <span class='ocrx_word' id='word_1_138' title='bbox 1071 1080 1146 1124; x_wconf 79' lang='grc' dir='ltr'>οὐχὶ</span> <span class='ocrx_word' id='word_1_139' title='bbox 1172 1081 1225 1113; x_wconf 84' lang='grc' dir='ltr'>καὶ</span> <span class='ocrx_word' id='word_1_140' title='bbox 1250 1079 1343 1123; x_wconf 82' lang='grc' dir='ltr'>ἡμεῖς</span> <span class='ocrx_word' id='word_1_141' title='bbox 1366 1081 1489 1124; x_wconf 83' lang='grc' dir='ltr'>ταῦρον</span> <span class='ocrx_word' id='word_1_142' title='bbox 1513 1079 1658 1123; x_wconf 89' lang='grc' dir='ltr'>λεγομεν</span> <span class='ocrx_word' id='word_1_143' title='bbox 1681 1080 1882 1122; x_wconf 84' lang='grc' dir='ltr'>κερατιστὴν</span> 
     </span>
     <span class='ocr_line' id='line_1_15' title="bbox 298 1125 1879 1171; baseline -0.001 -11"><span class='ocrx_word' id='word_1_144' title='bbox 298 1128 357 1161; x_wconf 83' lang='grc' dir='ltr'>τὸν</span> <span class='ocrx_word' id='word_1_145' title='bbox 373 1130 539 1171; x_wconf 70' lang='grc' dir='ltr'>πονηρόν,</span> <span class='ocrx_word' id='word_1_146' title='bbox 566 1127 697 1170; x_wconf 85' lang='grc' dir='ltr'>λεοντα,</span> <span class='ocrx_word' id='word_1_147' title='bbox 712 1129 769 1161; x_wconf 80' lang='grc' dir='ltr'>τὸν</span> <span class='ocrx_word' id='word_1_148' title='bbox 781 1128 936 1170; x_wconf 71' lang='grc' dir='ltr'>θυμώδη,</span> <span class='ocrx_word' id='word_1_149' title='bbox 965 1129 1091 1171; x_wconf 83' lang='grc' dir='ltr'>χοῖρον,</span> <span class='ocrx_word' id='word_1_150' title='bbox 1109 1127 1167 1159; x_wconf 87' lang='grc' dir='ltr'>τὸν</span> <span class='ocrx_word' id='word_1_151' title='bbox 1183 1127 1407 1170; x_wconf 71' lang='grc' dir='ltr'>βορβορώδη·</span> <span class='ocrx_word' id='word_1_152' title='bbox 1399 1152 1407 1165; x_wconf 90' lang='grc'>,</span> <span class='ocrx_word' id='word_1_153' title='bbox 1435 1125 1561 1158; x_wconf 78' lang='grc' dir='ltr'>κελεύει</span> <span class='ocrx_word' id='word_1_154' title='bbox 1579 1126 1614 1158; x_wconf 80' lang='grc' dir='ltr'>δέ</span> <span class='ocrx_word' id='word_1_155' title='bbox 1633 1125 1731 1168; x_wconf 81' lang='grc' dir='ltr'>κτήνη</span> <span class='ocrx_word' id='word_1_156' title='bbox 1750 1125 1879 1159; x_wconf 81' lang='grc' dir='ltr'>ἐσθίειν</span> 
     </span>
     <span class='ocr_line' id='line_1_16' title="bbox 298 1171 1878 1218; baseline -0.001 -11"><span class='ocrx_word' id='word_1_157' title='bbox 298 1174 339 1207; x_wconf 86' lang='grc' dir='ltr'>τὰ</span> <span class='ocrx_word' id='word_1_158' title='bbox 365 1174 569 1218; x_wconf 80' lang='grc' dir='ltr'>διχηλοῦντα</span> <span class='ocrx_word' id='word_1_159' title='bbox 595 1175 647 1207; x_wconf 83' lang='grc' dir='ltr'>καὶ</span> <span class='ocrx_word' id='word_1_160' title='bbox 671 1175 882 1217; x_wconf 82' lang='grc' dir='ltr'>μηρυκισμὸν</span> <span class='ocrx_word' id='word_1_161' title='bbox 898 1174 1074 1218; x_wconf 74' lang='grc' dir='ltr'>ἀνάγοντα.</span> <span class='ocrx_word' id='word_1_162' title='bbox 1101 1172 1194 1215; x_wconf 85' lang='grc' dir='ltr'>διττη</span> <span class='ocrx_word' id='word_1_163' title='bbox 1212 1173 1277 1215; x_wconf 86' lang='grc' dir='ltr'>γὰρ</span> <span class='ocrx_word' id='word_1_164' title='bbox 1294 1174 1388 1206; x_wconf 82' lang='grc' dir='ltr'>πᾶσα</span> <span class='ocrx_word' id='word_1_165' title='bbox 1405 1171 1517 1215; x_wconf 79' lang='grc' dir='ltr'>ἀρετή·</span> <span class='ocrx_word' id='word_1_166' title='bbox 1546 1171 1564 1214; x_wconf 89' lang='grc' dir='ltr'>ἢ</span> <span class='ocrx_word' id='word_1_167' title='bbox 1583 1172 1647 1216; x_wconf 85' lang='grc' dir='ltr'>γὰρ</span> <span class='ocrx_word' id='word_1_168' title='bbox 1670 1172 1716 1207; x_wconf 87' lang='grc' dir='ltr'>εἷς</span> <span class='ocrx_word' id='word_1_169' title='bbox 1741 1172 1878 1207; x_wconf 80' lang='grc' dir='ltr'>ἑαυτοὺς</span> 
     </span>
     <span class='ocr_line' id='line_1_17' title="bbox 298 1217 1879 1265; baseline 0 -13"><span class='ocrx_word' id='word_1_170' title='bbox 298 1220 429 1264; x_wconf 87' lang='grc' dir='ltr'>δρῶμεν</span> <span class='ocrx_word' id='word_1_171' title='bbox 446 1222 483 1253; x_wconf 85' lang='grc' dir='ltr'>τὸ</span> <span class='ocrx_word' id='word_1_172' title='bbox 502 1220 638 1265; x_wconf 81' lang='grc' dir='ltr'>ἀγαθὸν,</span> <span class='ocrx_word' id='word_1_173' title='bbox 657 1224 728 1254; x_wconf 87' lang='grc' dir='ltr'>οἱον</span> <span class='ocrx_word' id='word_1_174' title='bbox 746 1220 865 1263; x_wconf 84' lang='grc' dir='ltr'>ἡδονὰς</span> <span class='ocrx_word' id='word_1_175' title='bbox 882 1220 1102 1262; x_wconf 79' lang='grc' dir='ltr'>ἐκτέμνοντες,</span> <span class='ocrx_word' id='word_1_176' title='bbox 1121 1219 1260 1263; x_wconf 77' lang='grc' dir='ltr'>καρδίαν</span> <span class='ocrx_word' id='word_1_177' title='bbox 1277 1219 1500 1262; x_wconf 82' lang='grc' dir='ltr'>καθαίροντες,</span> <span class='ocrx_word' id='word_1_178' title='bbox 1518 1219 1607 1261; x_wconf 87' lang='grc' dir='ltr'>πάθη</span> <span class='ocrx_word' id='word_1_179' title='bbox 1631 1217 1879 1262; x_wconf 66' lang='grc' dir='ltr'>καταπραΰνον-</span> 
     </span>
     <span class='ocr_line' id='line_1_18' title="bbox 298 1263 1879 1311; baseline -0.001 -11"><span class='ocrx_word' id='word_1_180' title='bbox 298 1277 364 1301; x_wconf 90' lang='grc' dir='ltr'>τες</span> <span class='ocrx_word' id='word_1_181' title='bbox 398 1265 416 1309; x_wconf 85' lang='grc' dir='ltr'>ἢ</span> <span class='ocrx_word' id='word_1_182' title='bbox 443 1267 489 1302; x_wconf 87' lang='grc' dir='ltr'>εἷς</span> <span class='ocrx_word' id='word_1_183' title='bbox 513 1282 591 1302; x_wconf 90' lang='grc' dir='ltr'>τους</span> <span class='ocrx_word' id='word_1_184' title='bbox 615 1267 799 1310; x_wconf 82' lang='grc' dir='ltr'>(ιδελφους,</span> <span class='ocrx_word' id='word_1_185' title='bbox 825 1267 1019 1311; x_wconf 81' lang='grc' dir='ltr'>ἀγαπῶντες</span> <span class='ocrx_word' id='word_1_186' title='bbox 1041 1280 1236 1308; x_wconf 82' lang='grc' dir='ltr'>μισουντας,</span> <span class='ocrx_word' id='word_1_187' title='bbox 1260 1267 1545 1308; x_wconf 78' lang='grc' dir='ltr'>μνησικακοῦντας</span> <span class='ocrx_word' id='word_1_188' title='bbox 1563 1263 1786 1307; x_wconf 84' lang='grc' dir='ltr'>ἱλαρύνοντες,</span> <span class='ocrx_word' id='word_1_189' title='bbox 1805 1265 1879 1298; x_wconf 87' lang='grc' dir='ltr'>ἐλε-</span> 
     </span>
     <span class='ocr_line' id='line_1_19' title="bbox 299 1310 1881 1358; baseline -0.001 -12"><span class='ocrx_word' id='word_1_190' title='bbox 299 1315 424 1353; x_wconf 82' lang='grc' dir='ltr'>οῦντες,</span> <span class='ocrx_word' id='word_1_191' title='bbox 455 1314 720 1355; x_wconf 81' lang='grc' dir='ltr'>συμπαθοῦντες·</span> <span class='ocrx_word' id='word_1_192' title='bbox 752 1314 875 1358; x_wconf 82' lang='grc' dir='ltr'>διφυὴς</span> <span class='ocrx_word' id='word_1_193' title='bbox 902 1317 960 1346; x_wconf 84' lang='grc' dir='ltr'>οὐν</span> <span class='ocrx_word' id='word_1_194' title='bbox 989 1313 1053 1356; x_wconf 68' lang='grc' dir='ltr'>ἄρα</span> <span class='ocrx_word' id='word_1_195' title='bbox 1080 1312 1174 1345; x_wconf 85' lang='grc' dir='ltr'>ἐστὶν</span> <span class='ocrx_word' id='word_1_196' title='bbox 1201 1313 1218 1344; x_wconf 97' lang='lat'>6</span> <span class='ocrx_word' id='word_1_197' title='bbox 1240 1313 1298 1354; x_wconf 83' lang='grc' dir='ltr'>τῆς</span> <span class='ocrx_word' id='word_1_198' title='bbox 1325 1310 1536 1354; x_wconf 76' lang='grc' dir='ltr'>δικαιοσύνης</span> <span class='ocrx_word' id='word_1_199' title='bbox 1561 1313 1696 1354; x_wconf 89' lang='grc' dir='ltr'>τρόπος,</span> <span class='ocrx_word' id='word_1_200' title='bbox 1725 1311 1771 1346; x_wconf 87' lang='grc' dir='ltr'>εἷς</span> <span class='ocrx_word' id='word_1_201' title='bbox 1796 1311 1881 1355; x_wconf 78' lang='grc' dir='ltr'>ἡμᾶς</span> 
     </span>
     <span class='ocr_line' id='line_1_20' title="bbox 299 1357 1879 1415; baseline -0.001 -22"><span class='ocrx_word' id='word_1_202' title='bbox 299 1360 430 1399; x_wconf 81' lang='grc' dir='ltr'>αὐτοὺς,</span> <span class='ocrx_word' id='word_1_203' title='bbox 449 1374 501 1393; x_wconf 89' lang='grc' dir='ltr'>και</span> <span class='ocrx_word' id='word_1_204' title='bbox 525 1360 572 1395; x_wconf 84' lang='grc' dir='ltr'>εἷς</span> <span class='ocrx_word' id='word_1_205' title='bbox 595 1361 728 1404; x_wconf 81' lang='grc' dir='ltr'>ἑτερους</span> <span class='ocrx_word' id='word_1_206' title='bbox 752 1359 1025 1403; x_wconf 75' lang='grc' dir='ltr'>κατορθούμενος·</span> <span class='ocrx_word' id='word_1_207' title='bbox 1059 1360 1118 1401; x_wconf 80' lang='grc' dir='ltr'>τῆς</span> <span class='ocrx_word' id='word_1_208' title='bbox 1140 1373 1200 1401; x_wconf 91' lang='grc' dir='ltr'>μεν</span> <span class='ocrx_word' id='word_1_209' title='bbox 1217 1373 1274 1392; x_wconf 91' lang='grc' dir='ltr'>ουν</span> <span class='ocrx_word' id='word_1_210' title='bbox 1292 1358 1327 1391; x_wconf 85' lang='grc' dir='ltr'>ἐν</span> <span class='ocrx_word' id='word_1_211' title='bbox 1344 1358 1455 1415; x_wconf 74' lang='grc' dir='ltr'>ἔργοις</span> <span class='ocrx_word' id='word_1_212' title='bbox 1476 1357 1613 1402; x_wconf 84' lang='grc' dir='ltr'>πορείας</span> <span class='ocrx_word' id='word_1_213' title='bbox 1629 1372 1733 1392; x_wconf 91' lang='grc' dir='ltr'>τυπος</span> <span class='ocrx_word' id='word_1_214' title='bbox 1750 1359 1767 1390; x_wconf 91' lang='grc' dir='ltr'>ὁ</span> <span class='ocrx_word' id='word_1_215' title='bbox 1784 1358 1879 1398; x_wconf 81' lang='grc' dir='ltr'>ποὺς,</span> 
     </span>
     <span class='ocr_line' id='line_1_21' title="bbox 301 1404 1882 1461; baseline -0.001 -22"><span class='ocrx_word' id='word_1_216' title='bbox 301 1406 384 1440; x_wconf 87' lang='grc' dir='ltr'>κατὰ</span> <span class='ocrx_word' id='word_1_217' title='bbox 400 1408 439 1440; x_wconf 88' lang='grc' dir='ltr'>τό</span> <span class='ocrx_word' id='word_1_218' title='bbox 457 1405 495 1439; x_wconf 95' lang='lat' dir='ltr'>O</span> <span class='ocrx_word' id='word_1_219' title='bbox 514 1406 597 1441; x_wconf 80' lang='grc' dir='ltr'>πούς</span> <span class='ocrx_word' id='word_1_220' title='bbox 614 1421 678 1449; x_wconf 89' lang='grc' dir='ltr'>μου</span> <span class='ocrx_word' id='word_1_221' title='bbox 695 1421 778 1449; x_wconf 92' lang='grc' dir='ltr'>εστη</span> <span class='ocrx_word' id='word_1_222' title='bbox 797 1407 832 1440; x_wconf 84' lang='grc' dir='ltr'>ἐν</span> <span class='ocrx_word' id='word_1_223' title='bbox 848 1405 1013 1448; x_wconf 75' lang='grc' dir='ltr'>εὐθύτητι,</span> <span class='ocrx_word' id='word_1_224' title='bbox 1032 1405 1085 1438; x_wconf 91' lang='grc' dir='ltr'>καί</span> <span class='ocrx_word' id='word_1_225' title='bbox 1100 1404 1139 1437; x_wconf 81' lang='lat' dir='ltr'>‘O</span> <span class='ocrx_word' id='word_1_226' title='bbox 1157 1404 1241 1439; x_wconf 80' lang='grc' dir='ltr'>πούς</span> <span class='ocrx_word' id='word_1_227' title='bbox 1258 1419 1322 1438; x_wconf 91' lang='grc' dir='ltr'>σου</span> <span class='ocrx_word' id='word_1_228' title='bbox 1334 1405 1373 1437; x_wconf 81' lang='grc' dir='ltr'>οὐ</span> <span class='ocrx_word' id='word_1_229' title='bbox 1387 1404 1431 1447; x_wconf 86' lang='grc' dir='ltr'>μὴ</span> <span class='ocrx_word' id='word_1_230' title='bbox 1445 1404 1644 1448; x_wconf 75' lang='grc' dir='ltr'>προσκόψῃ·</span> <span class='ocrx_word' id='word_1_231' title='bbox 1671 1405 1724 1437; x_wconf 93' lang='grc' dir='ltr'>καί</span> <span class='ocrx_word' id='word_1_232' title='bbox 1731 1405 1882 1461; x_wconf 85' lang='grc' dir='ltr'>Τροχιὰς</span> 
     </span>
     <span class='ocr_line' id='line_1_22' title="bbox 300 1449 1881 1497; baseline -0.001 -11"><span class='ocrx_word' id='word_1_233' title='bbox 300 1453 404 1496; x_wconf 85' lang='grc' dir='ltr'>ὀρθὰς</span> <span class='ocrx_word' id='word_1_234' title='bbox 424 1454 569 1496; x_wconf 89' lang='grc' dir='ltr'>ποίησον</span> <span class='ocrx_word' id='word_1_235' title='bbox 587 1455 662 1488; x_wconf 81' lang='grc' dir='ltr'>σοῖς</span> <span class='ocrx_word' id='word_1_236' title='bbox 682 1454 777 1486; x_wconf 88' lang='grc' dir='ltr'>ποσί.</span> <span class='ocrx_word' id='word_1_237' title='bbox 808 1453 960 1497; x_wconf 85' lang='grc' dir='ltr'>διχηλεῖν</span> <span class='ocrx_word' id='word_1_238' title='bbox 977 1452 1048 1485; x_wconf 80' lang='grc' dir='ltr'>δε’</span> <span class='ocrx_word' id='word_1_239' title='bbox 1032 1466 1105 1485; x_wconf 89' lang='grc' dir='ltr'>εστι</span> <span class='ocrx_word' id='word_1_240' title='bbox 1123 1452 1161 1485; x_wconf 88' lang='grc' dir='ltr'>τὸ</span> <span class='ocrx_word' id='word_1_241' title='bbox 1180 1451 1287 1494; x_wconf 83' lang='grc' dir='ltr'>ὀρθῶς</span> <span class='ocrx_word' id='word_1_242' title='bbox 1304 1450 1432 1484; x_wconf 82' lang='grc' dir='ltr'>ἐθελειν</span> <span class='ocrx_word' id='word_1_243' title='bbox 1448 1450 1607 1489; x_wconf 71' lang='grc' dir='ltr'>βαίνειν“</span> <span class='ocrx_word' id='word_1_244' title='bbox 1594 1452 1688 1493; x_wconf 81' lang='grc' dir='ltr'>ημᾶς,</span> <span class='ocrx_word' id='word_1_245' title='bbox 1707 1449 1753 1485; x_wconf 82' lang='grc' dir='ltr'>ε’ίς</span> <span class='ocrx_word' id='word_1_246' title='bbox 1769 1465 1804 1483; x_wconf 86' lang='grc' dir='ltr'>τε</span> <span class='ocrx_word' id='word_1_247' title='bbox 1822 1452 1881 1493; x_wconf 91' lang='grc' dir='ltr'>τὴν</span> 
     </span>
     <span class='ocr_line' id='line_1_23' title="bbox 300 1495 1879 1544; baseline -0.002 -11"><span class='ocrx_word' id='word_1_248' title='bbox 300 1498 377 1533; x_wconf 81' lang='grc' dir='ltr'>καθ’</span> <span class='ocrx_word' id='word_1_249' title='bbox 396 1499 480 1542; x_wconf 78' lang='grc' dir='ltr'>ἡμᾶς</span> <span class='ocrx_word' id='word_1_250' title='bbox 505 1500 625 1534; x_wconf 80' lang='grc' dir='ltr'>αὐτοὺς</span> <span class='ocrx_word' id='word_1_251' title='bbox 647 1500 821 1544; x_wconf 81' lang='grc' dir='ltr'>ἐργασίαν,</span> <span class='ocrx_word' id='word_1_252' title='bbox 839 1500 892 1532; x_wconf 82' lang='grc' dir='ltr'>καὶ</span> <span class='ocrx_word' id='word_1_253' title='bbox 915 1499 961 1534; x_wconf 85' lang='grc' dir='ltr'>εἷς</span> <span class='ocrx_word' id='word_1_254' title='bbox 978 1499 1036 1541; x_wconf 88' lang='grc' dir='ltr'>τὴν</span> <span class='ocrx_word' id='word_1_255' title='bbox 1054 1497 1176 1542; x_wconf 81' lang='grc' dir='ltr'>ετέρων</span> <span class='ocrx_word' id='word_1_256' title='bbox 1193 1495 1352 1531; x_wconf 81' lang='grc' dir='ltr'>εὐποιίαν.</span> <span class='ocrx_word' id='word_1_257' title='bbox 1384 1498 1401 1530; x_wconf 95' lang='lat'>6</span> <span class='ocrx_word' id='word_1_258' title='bbox 1419 1496 1477 1530; x_wconf 87' lang='grc' dir='ltr'>οὐν</span> <span class='ocrx_word' id='word_1_259' title='bbox 1493 1498 1551 1530; x_wconf 86' lang='grc' dir='ltr'>τὸν</span> <span class='ocrx_word' id='word_1_260' title='bbox 1567 1497 1680 1537; x_wconf 81' lang='grc' dir='ltr'>βίον”</span> <span class='ocrx_word' id='word_1_261' title='bbox 1662 1511 1749 1540; x_wconf 80' lang='grc' dir='ltr'>εχων</span> <span class='ocrx_word' id='word_1_262' title='bbox 1765 1497 1879 1541; x_wconf 82' lang='grc' dir='ltr'>ὀρθὸν,</span> 
     </span>
     <span class='ocr_line' id='line_1_24' title="bbox 301 1543 1880 1590; baseline -0.001 -11"><span class='ocrx_word' id='word_1_263' title='bbox 301 1560 354 1579; x_wconf 91' lang='grc' dir='ltr'>και</span> <span class='ocrx_word' id='word_1_264' title='bbox 371 1546 412 1579; x_wconf 83' lang='grc' dir='ltr'>τὰ</span> <span class='ocrx_word' id='word_1_265' title='bbox 430 1546 490 1590; x_wconf 76' lang='grc' dir='ltr'>ἤθη</span> <span class='ocrx_word' id='word_1_266' title='bbox 510 1547 727 1590; x_wconf 83' lang='grc' dir='ltr'>κατορθώσας</span> <span class='ocrx_word' id='word_1_267' title='bbox 749 1547 790 1579; x_wconf 84' lang='grc' dir='ltr'>τὰ</span> <span class='ocrx_word' id='word_1_268' title='bbox 808 1547 939 1587; x_wconf 65' lang='grc' dir='ltr'>ἑαυτοῦ,</span> <span class='ocrx_word' id='word_1_269' title='bbox 957 1559 1010 1578; x_wconf 87' lang='grc' dir='ltr'>και</span> <span class='ocrx_word' id='word_1_270' title='bbox 1027 1545 1086 1579; x_wconf 85' lang='grc' dir='ltr'>τὰς</span> <span class='ocrx_word' id='word_1_271' title='bbox 1101 1545 1186 1588; x_wconf 84' lang='grc' dir='ltr'>πρὸς</span> <span class='ocrx_word' id='word_1_272' title='bbox 1203 1559 1280 1578; x_wconf 92' lang='grc' dir='ltr'>τους</span> <span class='ocrx_word' id='word_1_273' title='bbox 1297 1543 1430 1587; x_wconf 85' lang='grc' dir='ltr'>ἑτερους</span> <span class='ocrx_word' id='word_1_274' title='bbox 1447 1543 1578 1586; x_wconf 80' lang='grc' dir='ltr'>ἀρετὰς,</span> <span class='ocrx_word' id='word_1_275' title='bbox 1595 1544 1680 1586; x_wconf 81' lang='grc' dir='ltr'>πρὸς</span> <span class='ocrx_word' id='word_1_276' title='bbox 1698 1543 1733 1576; x_wconf 75' lang='grc' dir='ltr'>δὲ</span> <span class='ocrx_word' id='word_1_277' title='bbox 1750 1543 1880 1578; x_wconf 81' lang='grc' dir='ltr'>τούτοις</span> 
     </span>
     <span class='ocr_line' id='line_1_25' title="bbox 302 1589 1879 1637; baseline -0.003 -11"><span class='ocrx_word' id='word_1_278' title='bbox 302 1601 337 1626; x_wconf 78' lang='grc' dir='ltr'>ἐν</span> <span class='ocrx_word' id='word_1_279' title='bbox 354 1595 393 1635; x_wconf 85' lang='grc' dir='ltr'>τῇ</span> <span class='ocrx_word' id='word_1_280' title='bbox 414 1594 532 1626; x_wconf 81' lang='grc' dir='ltr'>ἑαυτοῦ</span> <span class='ocrx_word' id='word_1_281' title='bbox 550 1595 654 1626; x_wconf 79' lang='grc' dir='ltr'>πιιλιν</span> <span class='ocrx_word' id='word_1_282' title='bbox 671 1593 789 1636; x_wconf 86' lang='grc' dir='ltr'>καρδιᾳ</span> <span class='ocrx_word' id='word_1_283' title='bbox 807 1592 969 1637; x_wconf 81' lang='grc' dir='ltr'>στρέφων</span> <span class='ocrx_word' id='word_1_284' title='bbox 986 1592 1027 1625; x_wconf 84' lang='grc' dir='ltr'>τὰ</span> <span class='ocrx_word' id='word_1_285' title='bbox 1050 1591 1122 1624; x_wconf 80' lang='grc' dir='ltr'>θεῖα</span> <span class='ocrx_word' id='word_1_286' title='bbox 1145 1591 1307 1634; x_wconf 79' lang='grc' dir='ltr'>δόγματα,</span> <span class='ocrx_word' id='word_1_287' title='bbox 1326 1604 1379 1623; x_wconf 89' lang='grc' dir='ltr'>και</span> <span class='ocrx_word' id='word_1_288' title='bbox 1396 1589 1472 1624; x_wconf 78' lang='grc' dir='ltr'>τοὺς</span> <span class='ocrx_word' id='word_1_289' title='bbox 1490 1590 1598 1624; x_wconf 85' lang='grc' dir='ltr'>θείους</span> <span class='ocrx_word' id='word_1_290' title='bbox 1614 1590 1772 1634; x_wconf 85' lang='grc' dir='ltr'>λόγους’</span> <span class='ocrx_word' id='word_1_291' title='bbox 1754 1604 1879 1633; x_wconf 89' lang='grc' dir='ltr'>αναμη-</span> 
     </span>
     <span class='ocr_line' id='line_1_26' title="bbox 299 1636 1880 1699; baseline -0.002 -27"><span class='ocrx_word' id='word_1_292' title='bbox 299 1641 489 1683; x_wconf 87' lang='grc' dir='ltr'>ρυκώμενος</span> <span class='ocrx_word' id='word_1_293' title='bbox 507 1640 558 1672; x_wconf 84' lang='grc' dir='ltr'>καὶ</span> <span class='ocrx_word' id='word_1_294' title='bbox 576 1641 750 1699; x_wconf 81' lang='grc' dir='ltr'>γινώσκων</span> <span class='ocrx_word' id='word_1_295' title='bbox 767 1654 820 1673; x_wconf 90' lang='grc' dir='ltr'>και</span> <span class='ocrx_word' id='word_1_296' title='bbox 838 1640 1077 1683; x_wconf 78' lang='grc' dir='ltr'>ἐπιγινώσκων,</span> <span class='ocrx_word' id='word_1_297' title='bbox 1096 1637 1232 1681; x_wconf 86' lang='grc' dir='ltr'>τρεφων</span> <span class='ocrx_word' id='word_1_298' title='bbox 1253 1651 1289 1670; x_wconf 90' lang='grc' dir='ltr'>τε</span> <span class='ocrx_word' id='word_1_299' title='bbox 1307 1637 1424 1670; x_wconf 80' lang='grc' dir='ltr'>ἑαυτὸν</span> <span class='ocrx_word' id='word_1_300' title='bbox 1444 1636 1481 1679; x_wconf 75' lang='grc' dir='ltr'>ἐξ</span> <span class='ocrx_word' id='word_1_301' title='bbox 1498 1636 1616 1676; x_wconf 84' lang='grc' dir='ltr'>αὐτῶν,</span> <span class='ocrx_word' id='word_1_302' title='bbox 1636 1637 1689 1669; x_wconf 84' lang='grc' dir='ltr'>καὶ</span> <span class='ocrx_word' id='word_1_303' title='bbox 1711 1636 1880 1670; x_wconf 83' lang='grc' dir='ltr'>διδάσκων</span> 
     </span>
     <span class='ocr_line' id='line_1_27' title="bbox 302 1682 1880 1730; baseline -0.001 -11"><span class='ocrx_word' id='word_1_304' title='bbox 302 1700 356 1719; x_wconf 89' lang='grc' dir='ltr'>και</span> <span class='ocrx_word' id='word_1_305' title='bbox 378 1685 523 1730; x_wconf 84' lang='grc' dir='ltr'>ἑτερους·</span> <span class='ocrx_word' id='word_1_306' title='bbox 558 1686 654 1720; x_wconf 77' lang='grc' dir='ltr'>οὗτος</span> <span class='ocrx_word' id='word_1_307' title='bbox 677 1686 732 1719; x_wconf 82' lang='grc' dir='ltr'>καὶ</span> <span class='ocrx_word' id='word_1_308' title='bbox 757 1687 888 1730; x_wconf 78' lang='grc' dir='ltr'>διχηλεῖ</span> <span class='ocrx_word' id='word_1_309' title='bbox 912 1685 1031 1726; x_wconf 85' lang='grc' dir='ltr'>ὁπλην,</span> <span class='ocrx_word' id='word_1_310' title='bbox 1051 1686 1103 1717; x_wconf 84' lang='grc' dir='ltr'>καὶ</span> <span class='ocrx_word' id='word_1_311' title='bbox 1125 1684 1335 1727; x_wconf 87' lang='grc' dir='ltr'>μηρυκισμὸν</span> <span class='ocrx_word' id='word_1_312' title='bbox 1352 1683 1478 1728; x_wconf 81' lang='grc' dir='ltr'>ἀνάγει,</span> <span class='ocrx_word' id='word_1_313' title='bbox 1497 1683 1549 1716; x_wconf 81' lang='grc' dir='ltr'>καὶ</span> <span class='ocrx_word' id='word_1_314' title='bbox 1572 1684 1646 1716; x_wconf 75' lang='grc' dir='ltr'>ἔστι</span> <span class='ocrx_word' id='word_1_315' title='bbox 1669 1682 1852 1726; x_wconf 56' lang='grc' dir='ltr'>καθαρὸςε</span> <span class='ocrx_word' id='word_1_316' title='bbox 1836 1698 1880 1718; x_wconf 78' lang='grc' dir='ltr'>ως</span> 
     </span>
     <span class='ocr_line' id='line_1_28' title="bbox 300 1728 1880 1788; baseline -0.002 -23"><span class='ocrx_word' id='word_1_317' title='bbox 300 1733 395 1777; x_wconf 83' lang='grc' dir='ltr'>λόγῳ</span> <span class='ocrx_word' id='word_1_318' title='bbox 413 1747 466 1765; x_wconf 85' lang='grc' dir='ltr'>και</span> <span class='ocrx_word' id='word_1_319' title='bbox 489 1733 578 1777; x_wconf 77' lang='grc' dir='ltr'>ἔργῳ</span> <span class='ocrx_word' id='word_1_320' title='bbox 595 1731 734 1774; x_wconf 88' lang='grc' dir='ltr'>τέλειος,</span> <span class='ocrx_word' id='word_1_321' title='bbox 754 1733 806 1765; x_wconf 82' lang='grc' dir='ltr'>καὶ</span> <span class='ocrx_word' id='word_1_322' title='bbox 828 1733 1048 1765; x_wconf 86' lang='grc' dir='ltr'>λεπτοκοπῶν</span> <span class='ocrx_word' id='word_1_323' title='bbox 1067 1731 1126 1765; x_wconf 83' lang='grc' dir='ltr'>τὰς</span> <span class='ocrx_word' id='word_1_324' title='bbox 1142 1730 1278 1788; x_wconf 80' lang='grc' dir='ltr'>γραφὰς</span> <span class='ocrx_word' id='word_1_325' title='bbox 1296 1730 1348 1762; x_wconf 85' lang='grc' dir='ltr'>καὶ</span> <span class='ocrx_word' id='word_1_326' title='bbox 1372 1729 1518 1772; x_wconf 82' lang='grc' dir='ltr'>ἀκριβως</span> <span class='ocrx_word' id='word_1_327' title='bbox 1539 1729 1690 1772; x_wconf 83' lang='grc' dir='ltr'>ἐρευνῶν·</span> <span class='ocrx_word' id='word_1_328' title='bbox 1717 1730 1774 1763; x_wconf 90' lang='grc' dir='ltr'>τὸν</span> <span class='ocrx_word' id='word_1_329' title='bbox 1791 1728 1859 1763; x_wconf 64' lang='grc' dir='ltr'>δέ“</span> <span class='ocrx_word' id='word_1_330' title='bbox 1846 1744 1880 1763; x_wconf 89' lang='grc' dir='ltr'>εν</span> 
     </span>
     <span class='ocr_line' id='line_1_29' title="bbox 300 1775 1879 1835; baseline -0.002 -24"><span class='ocrx_word' id='word_1_331' title='bbox 300 1780 404 1822; x_wconf 87' lang='grc' dir='ltr'>μόνον</span> <span class='ocrx_word' id='word_1_332' title='bbox 428 1779 548 1823; x_wconf 74' lang='grc' dir='ltr'>ἔχοντα</span> <span class='ocrx_word' id='word_1_333' title='bbox 574 1778 711 1818; x_wconf 77' lang='grc' dir='ltr'>τούτων,</span> <span class='ocrx_word' id='word_1_334' title='bbox 737 1778 926 1823; x_wconf 81' lang='grc' dir='ltr'>ἀκάθαρτον</span> <span class='ocrx_word' id='word_1_335' title='bbox 949 1777 1123 1811; x_wconf 78' lang='grc' dir='ltr'>ἀποκαλεῖ·</span> <span class='ocrx_word' id='word_1_336' title='bbox 1154 1778 1172 1809; x_wconf 91' lang='grc' dir='ltr'>ὁ</span> <span class='ocrx_word' id='word_1_337' title='bbox 1197 1777 1262 1835; x_wconf 79' lang='grc' dir='ltr'>γὰρ</span> <span class='ocrx_word' id='word_1_338' title='bbox 1286 1776 1364 1816; x_wconf 77' lang='grc' dir='ltr'>βίον</span> <span class='ocrx_word' id='word_1_339' title='bbox 1388 1777 1448 1818; x_wconf 81' lang='grc' dir='ltr'>μὲν</span> <span class='ocrx_word' id='word_1_340' title='bbox 1470 1790 1559 1819; x_wconf 84' lang='grc' dir='ltr'>εχων</span> <span class='ocrx_word' id='word_1_341' title='bbox 1581 1775 1693 1819; x_wconf 85' lang='grc' dir='ltr'>ὀρθὸν,</span> <span class='ocrx_word' id='word_1_342' title='bbox 1712 1776 1822 1819; x_wconf 82' lang='grc' dir='ltr'>δόγμα</span> <span class='ocrx_word' id='word_1_343' title='bbox 1843 1776 1879 1809; x_wconf 89' lang='grc' dir='ltr'>δε</span> 
     </span>
     <span class='ocr_line' id='line_1_30' title="bbox 302 1821 1880 1880; baseline -0.002 -22"><span class='ocrx_word' id='word_1_344' title='bbox 302 1825 580 1869; x_wconf 86' lang='grc' dir='ltr'>διεστραμμενον,</span> <span class='ocrx_word' id='word_1_345' title='bbox 606 1825 800 1869; x_wconf 80' lang='grc' dir='ltr'>ἀκάθαρτος·</span> <span class='ocrx_word' id='word_1_346' title='bbox 835 1826 956 1867; x_wconf 86' lang='grc' dir='ltr'>ὁμοίως</span> <span class='ocrx_word' id='word_1_347' title='bbox 981 1838 1034 1857; x_wconf 83' lang='grc' dir='ltr'>και</span> <span class='ocrx_word' id='word_1_348' title='bbox 1060 1825 1077 1856; x_wconf 91' lang='grc' dir='ltr'>ὁ</span> <span class='ocrx_word' id='word_1_349' title='bbox 1081 1822 1205 1880; x_wconf 27' lang='grc' dir='ltr'>’.λόγον</span> <span class='ocrx_word' id='word_1_350' title='bbox 1230 1823 1306 1856; x_wconf 78' lang='grc' dir='ltr'>ἶίνευ</span> <span class='ocrx_word' id='word_1_351' title='bbox 1330 1823 1419 1862; x_wconf 77' lang='grc' dir='ltr'>βίου·</span> <span class='ocrx_word' id='word_1_352' title='bbox 1448 1821 1574 1855; x_wconf 77' lang='grc' dir='ltr'>τούτων</span> <span class='ocrx_word' id='word_1_353' title='bbox 1599 1821 1656 1856; x_wconf 80' lang='grc' dir='ltr'>οὐν</span> <span class='ocrx_word' id='word_1_354' title='bbox 1681 1836 1757 1857; x_wconf 86' lang='grc' dir='ltr'>τους</span> <span class='ocrx_word' id='word_1_355' title='bbox 1782 1823 1820 1855; x_wconf 88' lang='grc' dir='ltr'>τὸ</span> <span class='ocrx_word' id='word_1_356' title='bbox 1845 1822 1880 1855; x_wconf 82' lang='grc' dir='ltr'>ἓν</span> 
     </span>
     <span class='ocr_line' id='line_1_31' title="bbox 301 1868 1880 1916; baseline -0.002 -12"><span class='ocrx_word' id='word_1_357' title='bbox 301 1871 440 1915; x_wconf 72' lang='grc' dir='ltr'>ἔχοντας</span> <span class='ocrx_word' id='word_1_358' title='bbox 467 1871 589 1916; x_wconf 84' lang='grc' dir='ltr'>φυγειν</span> <span class='ocrx_word' id='word_1_359' title='bbox 611 1871 695 1915; x_wconf 82' lang='grc' dir='ltr'>ἡμᾶς</span> <span class='ocrx_word' id='word_1_360' title='bbox 719 1871 893 1914; x_wconf 77' lang='grc' dir='ltr'>προσήκει·</span> <span class='ocrx_word' id='word_1_361' title='bbox 925 1874 990 1904; x_wconf 88' lang='grc' dir='ltr'>τῶν</span> <span class='ocrx_word' id='word_1_362' title='bbox 1016 1872 1119 1912; x_wconf 89' lang='grc' dir='ltr'>κρεῶν</span> <span class='ocrx_word' id='word_1_363' title='bbox 1136 1883 1214 1914; x_wconf 83' lang='grc' dir='ltr'>γαρ,</span> <span class='ocrx_word' id='word_1_364' title='bbox 1232 1869 1351 1913; x_wconf 88' lang='grc' dir='ltr'>φησὶν,</span> <span class='ocrx_word' id='word_1_365' title='bbox 1370 1869 1478 1902; x_wconf 79' lang='grc' dir='ltr'>αυτ-ὧν</span> <span class='ocrx_word' id='word_1_366' title='bbox 1496 1868 1534 1901; x_wconf 81' lang='grc' dir='ltr'>οὐ</span> <span class='ocrx_word' id='word_1_367' title='bbox 1551 1868 1718 1913; x_wconf 83' lang='grc' dir='ltr'>φάγεσθε,</span> <span class='ocrx_word' id='word_1_368' title='bbox 1737 1882 1790 1901; x_wconf 89' lang='grc' dir='ltr'>και</span> <span class='ocrx_word' id='word_1_369' title='bbox 1813 1872 1880 1902; x_wconf 85' lang='grc' dir='ltr'>τῶν</span> 
     </span>
     <span class='ocr_line' id='line_1_32' title="bbox 301 1914 1880 1962; baseline -0.001 -12"><span class='ocrx_word' id='word_1_370' title='bbox 301 1917 414 1952; x_wconf 82' lang='grc' dir='ltr'>ὀστῶν</span> <span class='ocrx_word' id='word_1_371' title='bbox 438 1919 546 1952; x_wconf 88' lang='grc' dir='ltr'>αυτῶν</span> <span class='ocrx_word' id='word_1_372' title='bbox 573 1919 636 1962; x_wconf 78' lang='grc' dir='ltr'>οὐχ</span> <span class='ocrx_word' id='word_1_373' title='bbox 661 1918 810 1961; x_wconf 75' lang='grc' dir='ltr'>ἅψεσθε·</span> <span class='ocrx_word' id='word_1_374' title='bbox 845 1920 948 1962; x_wconf 73' lang='grc' dir='ltr'>ἤγουν</span> <span class='ocrx_word' id='word_1_375' title='bbox 972 1920 1038 1949; x_wconf 88' lang='grc' dir='ltr'>τῶν</span> <span class='ocrx_word' id='word_1_376' title='bbox 1062 1916 1289 1949; x_wconf 83' lang='grc' dir='ltr'>διδασκαλιῶν</span> <span class='ocrx_word' id='word_1_377' title='bbox 1317 1918 1382 1948; x_wconf 87' lang='grc' dir='ltr'>τῶν</span> <span class='ocrx_word' id='word_1_378' title='bbox 1407 1916 1588 1958; x_wconf 82' lang='grc' dir='ltr'>αἱρετικῶν,</span> <span class='ocrx_word' id='word_1_379' title='bbox 1615 1914 1690 1947; x_wconf 72' lang='grc' dir='ltr'>οὐδὲ</span> <span class='ocrx_word' id='word_1_380' title='bbox 1715 1915 1800 1958; x_wconf 86' lang='grc' dir='ltr'>μετὰ</span> <span class='ocrx_word' id='word_1_381' title='bbox 1822 1916 1880 1948; x_wconf 83' lang='grc' dir='ltr'>τὸν</span> 
     </span>
     <span class='ocr_line' id='line_1_33' title="bbox 303 1960 1880 2008; baseline -0.003 -10"><span class='ocrx_word' id='word_1_382' title='bbox 303 1964 446 1998; x_wconf 86' lang='grc' dir='ltr'>θάνατον</span> <span class='ocrx_word' id='word_1_383' title='bbox 462 1965 581 2004; x_wconf 83' lang='grc' dir='ltr'>αὐτῶν,</span> <span class='ocrx_word' id='word_1_384' title='bbox 598 1963 859 2008; x_wconf 76' lang='grc' dir='ltr'>προσψαύσετε.</span> <span class='ocrx_word' id='word_1_385' title='bbox 894 1964 1045 2006; x_wconf 78' lang='grc' dir='ltr'>κάμηλον</span> <span class='ocrx_word' id='word_1_386' title='bbox 1062 1963 1097 1995; x_wconf 90' lang='grc' dir='ltr'>δε</span> <span class='ocrx_word' id='word_1_387' title='bbox 1124 1961 1216 2006; x_wconf 84' lang='grc' dir='ltr'>λεγει</span> <span class='ocrx_word' id='word_1_388' title='bbox 1234 1963 1292 1995; x_wconf 87' lang='grc' dir='ltr'>τὸν</span> <span class='ocrx_word' id='word_1_389' title='bbox 1308 1961 1445 2004; x_wconf 77' lang='grc' dir='ltr'>ἔνδοξον</span> <span class='ocrx_word' id='word_1_390' title='bbox 1463 1962 1514 1994; x_wconf 83' lang='grc' dir='ltr'>καὶ</span> <span class='ocrx_word' id='word_1_391' title='bbox 1536 1960 1714 1995; x_wconf 81' lang='grc' dir='ltr'>πλούσιον·</span> <span class='ocrx_word' id='word_1_392' title='bbox 1745 1962 1880 2006; x_wconf 87' lang='grc' dir='ltr'>λαγωὸν</span> 
     </span>
     <span class='ocr_line' id='line_1_34' title="bbox 303 2006 1878 2055; baseline -0.001 -12"><span class='ocrx_word' id='word_1_393' title='bbox 303 2010 371 2043; x_wconf 80' lang='grc' dir='ltr'>δὲ’</span> <span class='ocrx_word' id='word_1_394' title='bbox 357 2013 459 2055; x_wconf 88' lang='grc' dir='ltr'>η’γουν</span> <span class='ocrx_word' id='word_1_395' title='bbox 477 2010 654 2045; x_wconf 79' lang='grc' dir='ltr'>δασύποδα</span> <span class='ocrx_word' id='word_1_396' title='bbox 671 2012 755 2044; x_wconf 84' lang='grc' dir='ltr'>τὸν</span> <span class='ocrx_word' id='word_1_397' title='bbox 745 2012 892 2054; x_wconf 86' lang='grc' dir='ltr'>πτωχόν·</span> <span class='ocrx_word' id='word_1_398' title='bbox 921 2010 1011 2054; x_wconf 81' lang='grc' dir='ltr'>φησὶ</span> <span class='ocrx_word' id='word_1_399' title='bbox 1031 2011 1125 2053; x_wconf 84' lang='grc' dir='ltr'>γοῦν,</span> <span class='ocrx_word' id='word_1_400' title='bbox 1146 2008 1196 2041; x_wconf 84' lang='grc' dir='ltr'>ὅτι</span> <span class='ocrx_word' id='word_1_401' title='bbox 1214 2010 1291 2041; x_wconf 79' lang='grc' dir='ltr'>οὕτε</span> <span class='ocrx_word' id='word_1_402' title='bbox 1315 2006 1451 2052; x_wconf 79' lang='grc' dir='ltr'>πτωχὸς</span> <span class='ocrx_word' id='word_1_403' title='bbox 1476 2009 1550 2040; x_wconf 78' lang='grc' dir='ltr'>οὕτε</span> <span class='ocrx_word' id='word_1_404' title='bbox 1575 2007 1742 2042; x_wconf 78' lang='grc' dir='ltr'>πλούσιος</span> <span class='ocrx_word' id='word_1_405' title='bbox 1767 2007 1878 2050; x_wconf 78' lang='grc' dir='ltr'>σωθή-</span> 
     </span>
    </p>

    <p class='ocr_par' dir='ltr' id='par_1_5' title="bbox 130 2054 1893 2981">
     <span class='ocr_line' id='line_1_35' title="bbox 130 2054 1879 2100; baseline -0.002 -9"><span class='ocrx_word' id='word_1_406' title='bbox 130 2060 204 2094; x_wconf 88' lang='grc'>119</span> <span class='ocrx_word' id='word_1_407' title='bbox 222 2058 283 2093; x_wconf 82' lang='grc' dir='ltr'>Μ.</span> <span class='ocrx_word' id='word_1_408' title='bbox 303 2071 399 2090; x_wconf 90' lang='grc' dir='ltr'>σεται</span> <span class='ocrx_word' id='word_1_409' title='bbox 416 2057 493 2091; x_wconf 80' lang='grc' dir='ltr'>ἶίνευ</span> <span class='ocrx_word' id='word_1_410' title='bbox 509 2060 575 2091; x_wconf 87' lang='grc' dir='ltr'>τῶν</span> <span class='ocrx_word' id='word_1_411' title='bbox 593 2056 653 2090; x_wconf 74' lang='grc' dir='ltr'>δύο</span> <span class='ocrx_word' id='word_1_412' title='bbox 670 2057 806 2090; x_wconf 82' lang='grc' dir='ltr'>τούτων.</span> <span class='ocrx_word' id='word_1_413' title='bbox 837 2056 903 2090; x_wconf 84' lang='grc' dir='ltr'>ὅσα</span> <span class='ocrx_word' id='word_1_414' title='bbox 927 2057 974 2095; x_wconf 88' lang='grc' dir='ltr'>δε,</span> <span class='ocrx_word' id='word_1_415' title='bbox 993 2056 1113 2100; x_wconf 79' lang='grc' dir='ltr'>φησὶν,</span> <span class='ocrx_word' id='word_1_416' title='bbox 1131 2055 1166 2088; x_wconf 80' lang='grc' dir='ltr'>ἐν</span> <span class='ocrx_word' id='word_1_417' title='bbox 1182 2056 1252 2089; x_wconf 77' lang='grc' dir='ltr'>τοῖς</span> <span class='ocrx_word' id='word_1_418' title='bbox 1276 2054 1431 2087; x_wconf 77' lang='grc' dir='ltr'>ὕδασιν</span> <span class='ocrx_word' id='word_1_419' title='bbox 1421 2069 1490 2099; x_wconf 75' lang='grc' dir='ltr'>εχει</span> <span class='ocrx_word' id='word_1_420' title='bbox 1515 2068 1683 2099; x_wconf 87' lang='grc' dir='ltr'>πτερυγας</span> <span class='ocrx_word' id='word_1_421' title='bbox 1707 2054 1760 2087; x_wconf 84' lang='grc' dir='ltr'>καὶ</span> <span class='ocrx_word' id='word_1_422' title='bbox 1784 2055 1879 2088; x_wconf 86' lang='grc' dir='ltr'>λεπί-</span> 
     </span>
     <span class='ocr_line' id='line_1_36' title="bbox 302 2099 1880 2148; baseline -0.002 -11"><span class='ocrx_word' id='word_1_423' title='bbox 302 2103 372 2146; x_wconf 85' lang='grc' dir='ltr'>δας,</span> <span class='ocrx_word' id='word_1_424' title='bbox 390 2106 493 2137; x_wconf 81' lang='grc' dir='ltr'>ταῦτα</span> <span class='ocrx_word' id='word_1_425' title='bbox 517 2104 687 2148; x_wconf 81' lang='grc' dir='ltr'>φάγεσθε.</span> <span class='ocrx_word' id='word_1_426' title='bbox 721 2103 883 2137; x_wconf 78' lang='grc' dir='ltr'>θάλασσα</span> <span class='ocrx_word' id='word_1_427' title='bbox 901 2103 1091 2146; x_wconf 69' lang='grc' dir='ltr'>δηλονότι’</span> <span class='ocrx_word' id='word_1_428' title='bbox 1076 2116 1093 2135; x_wconf 92' lang='grc' dir='ltr'>ο</span> <span class='ocrx_word' id='word_1_429' title='bbox 1109 2101 1185 2139; x_wconf 78' lang='grc' dir='ltr'>βίος</span> <span class='ocrx_word' id='word_1_430' title='bbox 1207 2101 1312 2134; x_wconf 81' lang='grc' dir='ltr'>ε’στίν·</span> <span class='ocrx_word' id='word_1_431' title='bbox 1343 2099 1455 2145; x_wconf 76' lang='grc' dir='ltr'>ἷχθύες</span> <span class='ocrx_word' id='word_1_432' title='bbox 1477 2101 1514 2134; x_wconf 78' lang='grc' dir='ltr'>δέ</span> <span class='ocrx_word' id='word_1_433' title='bbox 1537 2115 1566 2133; x_wconf 94' lang='grc' dir='ltr'>οι</span> <span class='ocrx_word' id='word_1_434' title='bbox 1585 2101 1620 2134; x_wconf 82' lang='grc' dir='ltr'>ἐν</span> <span class='ocrx_word' id='word_1_435' title='bbox 1637 2100 1723 2146; x_wconf 77' lang='grc' dir='ltr'>τῷδε</span> <span class='ocrx_word' id='word_1_436' title='bbox 1744 2102 1789 2145; x_wconf 78' lang='grc' dir='ltr'>τῷ</span> <span class='ocrx_word' id='word_1_437' title='bbox 1814 2101 1880 2145; x_wconf 72' lang='grc' dir='ltr'>βίῳ</span> 
     </span>
     <span class='ocr_line' id='line_1_37' title="bbox 302 2147 1881 2195; baseline -0.002 -12"><span class='ocrx_word' id='word_1_438' title='bbox 302 2151 343 2183; x_wconf 87' lang='grc' dir='ltr'>τὰ</span> <span class='ocrx_word' id='word_1_439' title='bbox 360 2151 456 2195; x_wconf 85' lang='grc' dir='ltr'>γήϊνα</span> <span class='ocrx_word' id='word_1_440' title='bbox 473 2151 689 2195; x_wconf 81' lang='grc' dir='ltr'>φρονοῦντες,</span> <span class='ocrx_word' id='word_1_441' title='bbox 708 2151 759 2182; x_wconf 78' lang='grc' dir='ltr'>καὶ</span> <span class='ocrx_word' id='word_1_442' title='bbox 778 2150 856 2193; x_wconf 79' lang='grc' dir='ltr'>τῇδε</span> <span class='ocrx_word' id='word_1_443' title='bbox 873 2149 1007 2183; x_wconf 80' lang='grc' dir='ltr'>κάκεῖσε</span> <span class='ocrx_word' id='word_1_444' title='bbox 1024 2150 1093 2183; x_wconf 80' lang='grc' dir='ltr'>τοῖς</span> <span class='ocrx_word' id='word_1_445' title='bbox 1112 2149 1366 2191; x_wconf 84' lang='grc' dir='ltr'>περισπασμοῖς</span> <span class='ocrx_word' id='word_1_446' title='bbox 1384 2148 1622 2191; x_wconf 82' lang='grc' dir='ltr'>στρεφόμενοι,</span> <span class='ocrx_word' id='word_1_447' title='bbox 1639 2147 1723 2190; x_wconf 85' lang='grc' dir='ltr'>πρὸς</span> <span class='ocrx_word' id='word_1_448' title='bbox 1740 2147 1881 2190; x_wconf 79' lang='grc' dir='ltr'>οὐρανὸν</span> 
     </span>
     <span class='ocr_line' id='line_1_38' title="bbox 302 2193 1879 2252; baseline -0.003 -22"><span class='ocrx_word' id='word_1_449' title='bbox 302 2196 493 2241; x_wconf 79' lang='grc' dir='ltr'>διαβλεψαι</span> <span class='ocrx_word' id='word_1_450' title='bbox 514 2197 559 2240; x_wconf 90' lang='grc' dir='ltr'>μὴ</span> <span class='ocrx_word' id='word_1_451' title='bbox 578 2197 827 2240; x_wconf 84' lang='grc' dir='ltr'>δυνάμενοι.οἱ</span> <span class='ocrx_word' id='word_1_452' title='bbox 850 2210 908 2230; x_wconf 90' lang='grc' dir='ltr'>ουν</span> <span class='ocrx_word' id='word_1_453' title='bbox 924 2196 1059 2240; x_wconf 74' lang='grc' dir='ltr'>ἔχοντες</span> <span class='ocrx_word' id='word_1_454' title='bbox 1082 2195 1221 2228; x_wconf 80' lang='grc' dir='ltr'>λεπίδος</span> <span class='ocrx_word' id='word_1_455' title='bbox 1239 2194 1291 2226; x_wconf 87' lang='grc' dir='ltr'>καὶ</span> <span class='ocrx_word' id='word_1_456' title='bbox 1308 2193 1477 2252; x_wconf 80' lang='grc' dir='ltr'>πτέρυγας</span> <span class='ocrx_word' id='word_1_457' title='bbox 1495 2193 1608 2238; x_wconf 78' lang='grc' dir='ltr'>ἰχθύες</span> <span class='ocrx_word' id='word_1_458' title='bbox 1625 2193 1781 2237; x_wconf 82' lang='grc' dir='ltr'>εύδρομοί</span> <span class='ocrx_word' id='word_1_459' title='bbox 1799 2193 1879 2231; x_wconf 85' lang='grc' dir='ltr'>εἶσι,</span> 
     </span>
     <span class='ocr_line' id='line_1_39' title="bbox 301 2240 1880 2298; baseline -0.003 -22"><span class='ocrx_word' id='word_1_460' title='bbox 301 2244 482 2278; x_wconf 88' lang='grc' dir='ltr'>κόπτοντες</span> <span class='ocrx_word' id='word_1_461' title='bbox 507 2247 668 2287; x_wconf 88' lang='grc' dir='ltr'>κραταιῶς</span> <span class='ocrx_word' id='word_1_462' title='bbox 693 2243 752 2286; x_wconf 88' lang='grc' dir='ltr'>τὴν</span> <span class='ocrx_word' id='word_1_463' title='bbox 777 2243 970 2281; x_wconf 88' lang='grc' dir='ltr'>θάλασσαν,</span> <span class='ocrx_word' id='word_1_464' title='bbox 989 2256 1042 2275; x_wconf 89' lang='grc' dir='ltr'>και</span> <span class='ocrx_word' id='word_1_465' title='bbox 1068 2241 1312 2298; x_wconf 81' lang='grc' dir='ltr'>ἀναπηδῶντες,</span> <span class='ocrx_word' id='word_1_466' title='bbox 1333 2254 1386 2273; x_wconf 90' lang='grc' dir='ltr'>και</span> <span class='ocrx_word' id='word_1_467' title='bbox 1409 2241 1467 2275; x_wconf 86' lang='grc' dir='ltr'>τὸν</span> <span class='ocrx_word' id='word_1_468' title='bbox 1492 2240 1588 2283; x_wconf 82' lang='grc' dir='ltr'>ἥλιον</span> <span class='ocrx_word' id='word_1_469' title='bbox 1611 2240 1808 2280; x_wconf 81' lang='grc' dir='ltr'>βλεποντες,</span> <span class='ocrx_word' id='word_1_470' title='bbox 1826 2240 1880 2273; x_wconf 86' lang='grc' dir='ltr'>καὶ</span> 
     </span>
     <span class='ocr_line' id='line_1_40' title="bbox 301 2286 1879 2333; baseline -0.003 -10"><span class='ocrx_word' id='word_1_471' title='bbox 301 2290 340 2323; x_wconf 84' lang='grc' dir='ltr'>τὸ</span> <span class='ocrx_word' id='word_1_472' title='bbox 365 2290 425 2333; x_wconf 82' lang='grc' dir='ltr'>μὲν</span> <span class='ocrx_word' id='word_1_473' title='bbox 448 2290 555 2330; x_wconf 82' lang='grc' dir='ltr'>βάθος</span> <span class='ocrx_word' id='word_1_474' title='bbox 578 2288 847 2332; x_wconf 80' lang='grc' dir='ltr'>παραιτούμενοι,</span> <span class='ocrx_word' id='word_1_475' title='bbox 866 2289 932 2322; x_wconf 78' lang='grc' dir='ltr'>ἷίνω</span> <span class='ocrx_word' id='word_1_476' title='bbox 950 2288 986 2321; x_wconf 82' lang='grc' dir='ltr'>δέ</span> <span class='ocrx_word' id='word_1_477' title='bbox 1009 2287 1181 2327; x_wconf 83' lang='grc' dir='ltr'>πλέοντες,</span> <span class='ocrx_word' id='word_1_478' title='bbox 1200 2288 1253 2319; x_wconf 83' lang='grc' dir='ltr'>καὶ</span> <span class='ocrx_word' id='word_1_479' title='bbox 1278 2287 1354 2329; x_wconf 81' lang='grc' dir='ltr'>οὐχ,</span> <span class='ocrx_word' id='word_1_480' title='bbox 1372 2287 1488 2330; x_wconf 89' lang='grc' dir='ltr'>ὥσπερ</span> <span class='ocrx_word' id='word_1_481' title='bbox 1515 2286 1556 2319; x_wconf 86' lang='grc' dir='ltr'>τὰ</span> <span class='ocrx_word' id='word_1_482' title='bbox 1581 2286 1684 2319; x_wconf 84' lang='grc' dir='ltr'>λοιπὰ</span> <span class='ocrx_word' id='word_1_483' title='bbox 1712 2286 1879 2330; x_wconf 84' lang='grc' dir='ltr'>ὀστρακό-</span> 
     </span>
     <span class='ocr_line' id='line_1_41' title="bbox 302 2332 1879 2381; baseline -0.003 -12"><span class='ocrx_word' id='word_1_484' title='bbox 302 2335 455 2379; x_wconf 80' lang='grc' dir='ltr'>δερμα,’</span> <span class='ocrx_word' id='word_1_485' title='bbox 439 2336 538 2381; x_wconf 80' lang='grc' dir='ltr'>εγγὺς</span> <span class='ocrx_word' id='word_1_486' title='bbox 560 2338 617 2379; x_wconf 85' lang='grc' dir='ltr'>τῆς</span> <span class='ocrx_word' id='word_1_487' title='bbox 639 2337 700 2380; x_wconf 85' lang='grc' dir='ltr'>γῆς</span> <span class='ocrx_word' id='word_1_488' title='bbox 726 2336 785 2379; x_wconf 82' lang='grc' dir='ltr'>τὴν</span> <span class='ocrx_word' id='word_1_489' title='bbox 809 2334 893 2378; x_wconf 83' lang='grc' dir='ltr'>ὕλην</span> <span class='ocrx_word' id='word_1_490' title='bbox 917 2335 967 2368; x_wconf 85' lang='grc' dir='ltr'>ἀει</span> <span class='ocrx_word' id='word_1_491' title='bbox 993 2336 1051 2377; x_wconf 85' lang='grc' dir='ltr'>τῆς</span> <span class='ocrx_word' id='word_1_492' title='bbox 1076 2334 1255 2375; x_wconf 84' lang='grc' dir='ltr'>θαλάσσης</span> <span class='ocrx_word' id='word_1_493' title='bbox 1279 2333 1461 2367; x_wconf 82' lang='grc' dir='ltr'>ἐσθίοντες·</span> <span class='ocrx_word' id='word_1_494' title='bbox 1491 2332 1700 2367; x_wconf 81' lang='grc' dir='ltr'>λεπιδωτοὺς</span> <span class='ocrx_word' id='word_1_495' title='bbox 1725 2332 1760 2365; x_wconf 81' lang='grc' dir='ltr'>δέ</span> <span class='ocrx_word' id='word_1_496' title='bbox 1786 2332 1879 2376; x_wconf 81' lang='grc' dir='ltr'>λέγει</span> 
     </span>
     <span class='ocr_line' id='line_1_42' title="bbox 300 2376 1879 2426; baseline -0.003 -11"><span class='ocrx_word' id='word_1_497' title='bbox 300 2382 379 2417; x_wconf 84' lang='grc' dir='ltr'>τοὺς</span> <span class='ocrx_word' id='word_1_498' title='bbox 399 2382 648 2426; x_wconf 84' lang='grc' dir='ltr'>ἁμαρτάνοντας</span> <span class='ocrx_word' id='word_1_499' title='bbox 674 2382 735 2425; x_wconf 77' lang='grc' dir='ltr'>μὲν</span> <span class='ocrx_word' id='word_1_500' title='bbox 752 2382 865 2425; x_wconf 86' lang='grc' dir='ltr'>μικρὰ,</span> <span class='ocrx_word' id='word_1_501' title='bbox 883 2382 937 2415; x_wconf 86' lang='grc' dir='ltr'>διὰ</span> <span class='ocrx_word' id='word_1_502' title='bbox 954 2382 992 2414; x_wconf 85' lang='grc' dir='ltr'>τὸ</span> <span class='ocrx_word' id='word_1_503' title='bbox 1010 2381 1075 2414; x_wconf 83' lang='grc' dir='ltr'>ὑπὸ</span> <span class='ocrx_word' id='word_1_504' title='bbox 1098 2380 1157 2422; x_wconf 90' lang='grc' dir='ltr'>τὴν</span> <span class='ocrx_word' id='word_1_505' title='bbox 1180 2379 1361 2412; x_wconf 86' lang='grc' dir='ltr'>θάλασσαν</span> <span class='ocrx_word' id='word_1_506' title='bbox 1378 2376 1459 2412; x_wconf 80' lang='grc' dir='ltr'>εἶναι</span> <span class='ocrx_word' id='word_1_507' title='bbox 1476 2380 1536 2411; x_wconf 86' lang='grc' dir='ltr'>τοῦ</span> <span class='ocrx_word' id='word_1_508' title='bbox 1552 2378 1673 2418; x_wconf 65' lang='grc' dir='ltr'>βίου,’</span> <span class='ocrx_word' id='word_1_509' title='bbox 1660 2377 1748 2420; x_wconf 87' lang='grc' dir='ltr'>όμως</span> <span class='ocrx_word' id='word_1_510' title='bbox 1766 2378 1802 2411; x_wconf 77' lang='grc' dir='ltr'>δὲ</span> <span class='ocrx_word' id='word_1_511' title='bbox 1820 2379 1879 2411; x_wconf 82' lang='grc' dir='ltr'>οὐκ</span> 
     </span>
     <span class='ocr_line' id='line_1_43' title="bbox 300 2424 1878 2473; baseline -0.002 -12"><span class='ocrx_word' id='word_1_512' title='bbox 300 2428 492 2473; x_wconf 80' lang='grc' dir='ltr'>ἀναφανδὸν</span> <span class='ocrx_word' id='word_1_513' title='bbox 509 2443 613 2465; x_wconf 84' lang='grc' dir='ltr'>ουτως</span> <span class='ocrx_word' id='word_1_514' title='bbox 638 2428 729 2461; x_wconf 81' lang='grc' dir='ltr'>ἀλλὰ</span> <span class='ocrx_word' id='word_1_515' title='bbox 753 2429 836 2470; x_wconf 84' lang='grc' dir='ltr'>μετὰ</span> <span class='ocrx_word' id='word_1_516' title='bbox 862 2429 1036 2470; x_wconf 83' lang='grc' dir='ltr'>συστολῆς</span> <span class='ocrx_word' id='word_1_517' title='bbox 1061 2440 1113 2459; x_wconf 89' lang='grc' dir='ltr'>και</span> <span class='ocrx_word' id='word_1_518' title='bbox 1137 2424 1398 2469; x_wconf 75' lang='grc' dir='ltr'>περικαλύψεως</span> <span class='ocrx_word' id='word_1_519' title='bbox 1422 2424 1682 2467; x_wconf 80' lang='grc' dir='ltr'>ἁμαρτάνοντας,</span> <span class='ocrx_word' id='word_1_520' title='bbox 1698 2424 1777 2459; x_wconf 82' lang='grc' dir='ltr'>τοὺς</span> <span class='ocrx_word' id='word_1_521' title='bbox 1796 2439 1878 2458; x_wconf 91' lang='grc' dir='ltr'>ποτε</span> 
     </span>
     <span class='ocr_line' id='line_1_44' title="bbox 301 2469 1880 2518; baseline -0.002 -12"><span class='ocrx_word' id='word_1_522' title='bbox 301 2474 337 2506; x_wconf 82' lang='grc' dir='ltr'>δέ</span> <span class='ocrx_word' id='word_1_523' title='bbox 355 2474 632 2518; x_wconf 79' lang='grc' dir='ltr'>ἀναθρώσκοντι-ις</span> <span class='ocrx_word' id='word_1_524' title='bbox 650 2489 701 2507; x_wconf 86' lang='grc' dir='ltr'>και</span> <span class='ocrx_word' id='word_1_525' title='bbox 719 2476 777 2508; x_wconf 85' lang='grc' dir='ltr'>τὸν</span> <span class='ocrx_word' id='word_1_526' title='bbox 794 2474 891 2517; x_wconf 80' lang='grc' dir='ltr'>ἥλιον</span> <span class='ocrx_word' id='word_1_527' title='bbox 907 2473 1109 2513; x_wconf 72' lang='grc' dir='ltr'>βλέποντας·</span> <span class='ocrx_word' id='word_1_528' title='bbox 1140 2472 1198 2504; x_wconf 82' lang='grc' dir='ltr'>οὐκ</span> <span class='ocrx_word' id='word_1_529' title='bbox 1220 2472 1357 2515; x_wconf 72' lang='grc' dir='ltr'>ἔχοντας</span> <span class='ocrx_word' id='word_1_530' title='bbox 1382 2471 1418 2503; x_wconf 82' lang='grc' dir='ltr'>δέ</span> <span class='ocrx_word' id='word_1_531' title='bbox 1443 2471 1582 2504; x_wconf 73' lang='grc' dir='ltr'>λεπίδος</span> <span class='ocrx_word' id='word_1_532' title='bbox 1606 2469 1696 2503; x_wconf 83' lang='grc' dir='ltr'>ἀλλὰ</span> <span class='ocrx_word' id='word_1_533' title='bbox 1721 2470 1880 2514; x_wconf 83' lang='grc' dir='ltr'>ἀπερικα-</span> 
     </span>
     <span class='ocr_line' id='line_1_45' title="bbox 300 2515 1879 2578; baseline -0.003 -24"><span class='ocrx_word' id='word_1_534' title='bbox 300 2519 449 2555; x_wconf 81' lang='grc' dir='ltr'>λὺπτους</span> <span class='ocrx_word' id='word_1_535' title='bbox 477 2520 584 2562; x_wconf 72' lang='grc' dir='ltr'>ὄντας,</span> <span class='ocrx_word' id='word_1_536' title='bbox 615 2523 717 2578; x_wconf 79' lang='grc' dir='ltr'>ἤγουν</span> <span class='ocrx_word' id='word_1_537' title='bbox 746 2520 823 2555; x_wconf 80' lang='grc' dir='ltr'>τοὺς</span> <span class='ocrx_word' id='word_1_538' title='bbox 851 2519 1115 2562; x_wconf 82' lang='grc' dir='ltr'>μεμερισμένους</span> <span class='ocrx_word' id='word_1_539' title='bbox 1144 2517 1209 2562; x_wconf 81' lang='grc' dir='ltr'>θεῷ</span> <span class='ocrx_word' id='word_1_540' title='bbox 1240 2518 1293 2550; x_wconf 86' lang='grc' dir='ltr'>καὶ</span> <span class='ocrx_word' id='word_1_541' title='bbox 1326 2518 1453 2572; x_wconf 82' lang='grc' dir='ltr'>κόσμῳ,</span> <span class='ocrx_word' id='word_1_542' title='bbox 1486 2515 1504 2559; x_wconf 86' lang='grc' dir='ltr'>ἢ</span> <span class='ocrx_word' id='word_1_543' title='bbox 1533 2516 1715 2559; x_wconf 88' lang='grc' dir='ltr'>παρθενίαν</span> <span class='ocrx_word' id='word_1_544' title='bbox 1739 2517 1800 2559; x_wconf 75' lang='grc' dir='ltr'>μὲν</span> <span class='ocrx_word' id='word_1_545' title='bbox 1826 2518 1879 2550; x_wconf 86' lang='grc' dir='ltr'>καὶ</span> 
     </span>
     <span class='ocr_line' id='line_1_46' title="bbox 301 2562 1880 2611; baseline -0.002 -11"><span class='ocrx_word' id='word_1_546' title='bbox 301 2566 532 2611; x_wconf 79' lang='grc' dir='ltr'>σωφροσύνην</span> <span class='ocrx_word' id='word_1_547' title='bbox 549 2567 607 2599; x_wconf 82' lang='grc' dir='ltr'>οὐκ</span> <span class='ocrx_word' id='word_1_548' title='bbox 625 2581 775 2610; x_wconf 87' lang='grc' dir='ltr'>εχοντας,</span> <span class='ocrx_word' id='word_1_549' title='bbox 787 2580 901 2609; x_wconf 87' lang='grc' dir='ltr'>ετερας</span> <span class='ocrx_word' id='word_1_550' title='bbox 919 2566 953 2598; x_wconf 73' lang='grc' dir='ltr'>δὲ</span> <span class='ocrx_word' id='word_1_551' title='bbox 971 2566 1090 2608; x_wconf 77' lang='grc' dir='ltr'>ἀρετάς</span> <span class='ocrx_word' id='word_1_552' title='bbox 1106 2578 1208 2603; x_wconf 89' lang='grc' dir='ltr'>τινας,</span> <span class='ocrx_word' id='word_1_553' title='bbox 1227 2564 1279 2596; x_wconf 83' lang='grc' dir='ltr'>καὶ</span> <span class='ocrx_word' id='word_1_554' title='bbox 1296 2562 1433 2597; x_wconf 81' lang='grc' dir='ltr'>τούτους</span> <span class='ocrx_word' id='word_1_555' title='bbox 1450 2562 1658 2606; x_wconf 85' lang='grc' dir='ltr'>ἀκαθάρτους</span> <span class='ocrx_word' id='word_1_556' title='bbox 1674 2565 1781 2596; x_wconf 86' lang='grc' dir='ltr'>καλεῖ.</span> <span class='ocrx_word' id='word_1_557' title='bbox 1814 2566 1880 2597; x_wconf 87' lang='grc' dir='ltr'>τῶν</span> 
     </span>
     <span class='ocr_line' id='line_1_47' title="bbox 301 2609 1879 2669; baseline -0.003 -23"><span class='ocrx_word' id='word_1_558' title='bbox 301 2613 338 2646; x_wconf 81' lang='grc' dir='ltr'>δέ</span> <span class='ocrx_word' id='word_1_559' title='bbox 358 2616 517 2646; x_wconf 85' lang='grc' dir='ltr'>πετεινῶν</span> <span class='ocrx_word' id='word_1_560' title='bbox 538 2613 730 2651; x_wconf 74' lang='grc' dir='ltr'>ἀποβάλλει</span> <span class='ocrx_word' id='word_1_561' title='bbox 753 2613 793 2646; x_wconf 83' lang='grc' dir='ltr'>τὰ</span> <span class='ocrx_word' id='word_1_562' title='bbox 815 2626 980 2669; x_wconf 83' lang='grc' dir='ltr'>πετομενα</span> <span class='ocrx_word' id='word_1_563' title='bbox 1007 2612 1047 2644; x_wconf 82' lang='grc' dir='ltr'>τὰ</span> <span class='ocrx_word' id='word_1_564' title='bbox 1073 2610 1157 2654; x_wconf 79' lang='grc' dir='ltr'>ὕψη,</span> <span class='ocrx_word' id='word_1_565' title='bbox 1178 2609 1230 2643; x_wconf 81' lang='grc' dir='ltr'>καὶ</span> <span class='ocrx_word' id='word_1_566' title='bbox 1256 2611 1324 2643; x_wconf 78' lang='grc' dir='ltr'>τοῖς</span> <span class='ocrx_word' id='word_1_567' title='bbox 1348 2610 1515 2643; x_wconf 87' lang='grc' dir='ltr'>ταπεινοῖς</span> <span class='ocrx_word' id='word_1_568' title='bbox 1538 2609 1583 2651; x_wconf 90' lang='grc' dir='ltr'>μὴ</span> <span class='ocrx_word' id='word_1_569' title='bbox 1609 2609 1879 2654; x_wconf 88' lang='grc' dir='ltr'>συναπαγόμενα,</span> 
     </span>
     <span class='ocr_line' id='line_1_48' title="bbox 300 2655 1880 2715; baseline -0.002 -23"><span class='ocrx_word' id='word_1_570' title='bbox 300 2661 404 2715; x_wconf 82' lang='grc' dir='ltr'>ἤγουν</span> <span class='ocrx_word' id='word_1_571' title='bbox 427 2673 505 2694; x_wconf 87' lang='grc' dir='ltr'>τους</span> <span class='ocrx_word' id='word_1_572' title='bbox 529 2658 704 2700; x_wconf 84' lang='grc' dir='ltr'>ἀλαζόνας·</span> <span class='ocrx_word' id='word_1_573' title='bbox 738 2660 796 2692; x_wconf 88' lang='grc' dir='ltr'>τὸν</span> <span class='ocrx_word' id='word_1_574' title='bbox 813 2658 848 2691; x_wconf 83' lang='grc' dir='ltr'>δέ</span> <span class='ocrx_word' id='word_1_575' title='bbox 867 2659 992 2699; x_wconf 84' lang='grc' dir='ltr'>κόρακα</span> <span class='ocrx_word' id='word_1_576' title='bbox 1017 2657 1070 2690; x_wconf 81' lang='grc' dir='ltr'>καὶ</span> <span class='ocrx_word' id='word_1_577' title='bbox 1091 2655 1193 2700; x_wconf 80' lang='grc' dir='ltr'>γὺπα,</span> <span class='ocrx_word' id='word_1_578' title='bbox 1213 2656 1256 2690; x_wconf 84' lang='grc' dir='ltr'>ὡς</span> <span class='ocrx_word' id='word_1_579' title='bbox 1273 2656 1426 2699; x_wconf 80' lang='grc' dir='ltr'>ἅρπαγας</span> <span class='ocrx_word' id='word_1_580' title='bbox 1443 2669 1496 2688; x_wconf 88' lang='grc' dir='ltr'>και</span> <span class='ocrx_word' id='word_1_581' title='bbox 1517 2655 1643 2689; x_wconf 86' lang='grc' dir='ltr'>δεινους</span> <span class='ocrx_word' id='word_1_582' title='bbox 1668 2655 1714 2690; x_wconf 87' lang='grc' dir='ltr'>εἷς</span> <span class='ocrx_word' id='word_1_583' title='bbox 1739 2670 1880 2699; x_wconf 86' lang='grc' dir='ltr'>κακουρ-</span> 
     </span>
     <span class='ocr_line' id='line_1_49' title="bbox 300 2701 1879 2749; baseline -0.003 -11"><span class='ocrx_word' id='word_1_584' title='bbox 300 2706 387 2749; x_wconf 87' lang='grc' dir='ltr'>γίαν·</span> <span class='ocrx_word' id='word_1_585' title='bbox 415 2705 583 2749; x_wconf 87' lang='grc' dir='ltr'>στρουθὸν</span> <span class='ocrx_word' id='word_1_586' title='bbox 600 2705 635 2738; x_wconf 83' lang='grc' dir='ltr'>δέ</span> <span class='ocrx_word' id='word_1_587' title='bbox 653 2706 705 2738; x_wconf 88' lang='grc' dir='ltr'>καὶ</span> <span class='ocrx_word' id='word_1_588' title='bbox 722 2705 873 2747; x_wconf 86' lang='grc' dir='ltr'>λάρον,</span> <span class='ocrx_word' id='word_1_589' title='bbox 858 2719 901 2738; x_wconf 90' lang='grc' dir='ltr'>ως</span> <span class='ocrx_word' id='word_1_590' title='bbox 918 2704 1089 2746; x_wconf 72' lang='grc' dir='ltr'>ἅπληστα,</span> <span class='ocrx_word' id='word_1_591' title='bbox 1107 2702 1215 2735; x_wconf 84' lang='grc' dir='ltr'>πάντα</span> <span class='ocrx_word' id='word_1_592' title='bbox 1232 2702 1297 2745; x_wconf 84' lang='grc' dir='ltr'>γὰρ</span> <span class='ocrx_word' id='word_1_593' title='bbox 1315 2701 1434 2735; x_wconf 82' lang='grc' dir='ltr'>ἐσθίει·</span> <span class='ocrx_word' id='word_1_594' title='bbox 1468 2702 1525 2735; x_wconf 87' lang='grc' dir='ltr'>τὸν</span> <span class='ocrx_word' id='word_1_595' title='bbox 1543 2701 1669 2746; x_wconf 86' lang='grc' dir='ltr'>ἶερακα,</span> <span class='ocrx_word' id='word_1_596' title='bbox 1688 2702 1731 2737; x_wconf 85' lang='grc' dir='ltr'>ὡς</span> <span class='ocrx_word' id='word_1_597' title='bbox 1748 2702 1879 2738; x_wconf 75' lang='grc' dir='ltr'>επιβαί-</span> 
     </span>
     <span class='ocr_line' id='line_1_50' title="bbox 301 2747 1878 2794; baseline -0.003 -9"><span class='ocrx_word' id='word_1_598' title='bbox 301 2766 400 2785; x_wconf 87' lang='grc' dir='ltr'>νοντα</span> <span class='ocrx_word' id='word_1_599' title='bbox 415 2752 539 2786; x_wconf 85' lang='grc' dir='ltr'>παντὸς</span> <span class='ocrx_word' id='word_1_600' title='bbox 553 2750 801 2794; x_wconf 79' lang='grc' dir='ltr'>ἀσθενεστέρου</span> <span class='ocrx_word' id='word_1_601' title='bbox 814 2765 938 2793; x_wconf 87' lang='grc' dir='ltr'>πτηνου</span> <span class='ocrx_word' id='word_1_602' title='bbox 952 2751 1003 2783; x_wconf 83' lang='grc' dir='ltr'>καὶ</span> <span class='ocrx_word' id='word_1_603' title='bbox 1016 2747 1186 2782; x_wconf 72' lang='grc' dir='ltr'>θάνατον’</span> <span class='ocrx_word' id='word_1_604' title='bbox 1170 2748 1346 2792; x_wconf 86' lang='grc' dir='ltr'>επάγοντα·</span> <span class='ocrx_word' id='word_1_605' title='bbox 1372 2749 1390 2781; x_wconf 89' lang='lat'>6</span> <span class='ocrx_word' id='word_1_606' title='bbox 1405 2748 1439 2781; x_wconf 75' lang='grc' dir='ltr'>δὲ</span> <span class='ocrx_word' id='word_1_607' title='bbox 1453 2748 1652 2792; x_wconf 87' lang='grc' dir='ltr'>πορφυρίων</span> <span class='ocrx_word' id='word_1_608' title='bbox 1669 2750 1722 2782; x_wconf 85' lang='grc' dir='ltr'>καὶ</span> <span class='ocrx_word' id='word_1_609' title='bbox 1739 2747 1807 2787; x_wconf 78' lang='grc' dir='ltr'>’ἶβις</span> <span class='ocrx_word' id='word_1_610' title='bbox 1825 2748 1878 2781; x_wconf 77' lang='grc' dir='ltr'>καὶ</span> 
     </span>
     <span class='ocr_line' id='line_1_51' title="bbox 302 2794 1893 2840; baseline -0.001 -9"><span class='ocrx_word' id='word_1_611' title='bbox 302 2798 386 2832; x_wconf 83' lang='grc' dir='ltr'>ἶκτὶν</span> <span class='ocrx_word' id='word_1_612' title='bbox 403 2813 444 2832; x_wconf 85' lang='grc' dir='ltr'>τα</span> <span class='ocrx_word' id='word_1_613' title='bbox 461 2798 496 2831; x_wconf 80' lang='grc' dir='ltr'>ἐν</span> <span class='ocrx_word' id='word_1_614' title='bbox 513 2799 582 2832; x_wconf 81' lang='grc' dir='ltr'>τοῖς</span> <span class='ocrx_word' id='word_1_615' title='bbox 599 2797 720 2831; x_wconf 77' lang='grc' dir='ltr'>ὕδασιν</span> <span class='ocrx_word' id='word_1_616' title='bbox 737 2797 913 2830; x_wconf 87' lang='grc' dir='ltr'>εσθίουσιν</span> <span class='ocrx_word' id='word_1_617' title='bbox 930 2795 1074 2840; x_wconf 78' lang='grc' dir='ltr'>ἰχθύδια</span> <span class='ocrx_word' id='word_1_618' title='bbox 1101 2794 1191 2828; x_wconf 83' lang='grc' dir='ltr'>οὑτοι</span> <span class='ocrx_word' id='word_1_619' title='bbox 1209 2794 1247 2827; x_wconf 83' lang='grc' dir='ltr'>δέ</span> <span class='ocrx_word' id='word_1_620' title='bbox 1264 2794 1350 2828; x_wconf 82' lang='grc' dir='ltr'>εἰσιν</span> <span class='ocrx_word' id='word_1_621' title='bbox 1367 2795 1397 2827; x_wconf 82' lang='grc' dir='ltr'>οἱ</span> <span class='ocrx_word' id='word_1_622' title='bbox 1415 2794 1595 2838; x_wconf 83' lang='grc' dir='ltr'>φιλήδονοι</span> <span class='ocrx_word' id='word_1_623' title='bbox 1613 2808 1665 2828; x_wconf 87' lang='grc' dir='ltr'>και</span> <span class='ocrx_word' id='word_1_624' title='bbox 1682 2796 1741 2829; x_wconf 82' lang='grc' dir='ltr'>τὰς</span> <span class='ocrx_word' id='word_1_625' title='bbox 1758 2794 1893 2838; x_wconf 69' lang='grc' dir='ltr'>ἡδονὰς</span> 
     </span>
     <span class='ocr_line' id='line_1_52' title="bbox 299 2840 1877 2887; baseline -0.002 -10"><span class='ocrx_word' id='word_1_626' title='bbox 299 2845 570 2887; x_wconf 84' lang='grc' dir='ltr'>μεταδιώκοντες·</span> <span class='ocrx_word' id='word_1_627' title='bbox 602 2845 749 2887; x_wconf 84' lang='grc' dir='ltr'>νυκτερὶς</span> <span class='ocrx_word' id='word_1_628' title='bbox 773 2843 808 2876; x_wconf 83' lang='grc' dir='ltr'>δέ</span> <span class='ocrx_word' id='word_1_629' title='bbox 835 2844 886 2876; x_wconf 88' lang='grc' dir='ltr'>καὶ</span> <span class='ocrx_word' id='word_1_630' title='bbox 911 2843 1007 2886; x_wconf 73' lang='grc' dir='ltr'>ἔποψ</span> <span class='ocrx_word' id='word_1_631' title='bbox 1025 2842 1077 2875; x_wconf 86' lang='grc' dir='ltr'>καὶ</span> <span class='ocrx_word' id='word_1_632' title='bbox 1103 2840 1249 2882; x_wconf 80' lang='grc' dir='ltr'>ἐρωδιὸς,</span> <span class='ocrx_word' id='word_1_633' title='bbox 1269 2841 1454 2884; x_wconf 86' lang='grc' dir='ltr'>νυκτοχαρῆ</span> <span class='ocrx_word' id='word_1_634' title='bbox 1482 2842 1558 2885; x_wconf 81' lang='grc' dir='ltr'>ζῷα,</span> <span class='ocrx_word' id='word_1_635' title='bbox 1577 2841 1629 2874; x_wconf 84' lang='grc' dir='ltr'>καὶ</span> <span class='ocrx_word' id='word_1_636' title='bbox 1648 2840 1682 2874; x_wconf 79' lang='grc' dir='ltr'>ἐν</span> <span class='ocrx_word' id='word_1_637' title='bbox 1699 2843 1745 2886; x_wconf 85' lang='grc' dir='ltr'>τῷ</span> <span class='ocrx_word' id='word_1_638' title='bbox 1763 2843 1877 2874; x_wconf 87' lang='grc' dir='ltr'>σκότει</span> 
     </span>
     <span class='ocr_line' id='line_1_53' title="bbox 300 2887 1872 2934; baseline -0.004 -10"><span class='ocrx_word' id='word_1_639' title='bbox 300 2892 507 2934; x_wconf 83' lang='grc' dir='ltr'>διαιτώμενα·</span> <span class='ocrx_word' id='word_1_640' title='bbox 541 2892 685 2924; x_wconf 80' lang='grc' dir='ltr'>τοιοῦτοι</span> <span class='ocrx_word' id='word_1_641' title='bbox 712 2890 747 2923; x_wconf 83' lang='grc' dir='ltr'>δι</span> <span class='ocrx_word' id='word_1_642' title='bbox 773 2890 803 2922; x_wconf 82' lang='grc' dir='ltr'>οἱ</span> <span class='ocrx_word' id='word_1_643' title='bbox 828 2889 981 2930; x_wconf 89' lang='grc' dir='ltr'>μεθυσοι,</span> <span class='ocrx_word' id='word_1_644' title='bbox 1000 2889 1030 2921; x_wconf 82' lang='grc' dir='ltr'>οἱ</span> <span class='ocrx_word' id='word_1_645' title='bbox 1057 2887 1208 2926; x_wconf 82' lang='grc' dir='ltr'>κλέπται,</span> <span class='ocrx_word' id='word_1_646' title='bbox 1228 2901 1280 2920; x_wconf 84' lang='grc' dir='ltr'>και</span> <span class='ocrx_word' id='word_1_647' title='bbox 1297 2887 1418 2921; x_wconf 81' lang='grc' dir='ltr'>πάντες</span> <span class='ocrx_word' id='word_1_648' title='bbox 1435 2887 1465 2919; x_wconf 81' lang='grc' dir='ltr'>οἱ</span> <span class='ocrx_word' id='word_1_649' title='bbox 1482 2902 1524 2920; x_wconf 77' lang='grc' dir='ltr'>τιι</span> <span class='ocrx_word' id='word_1_650' title='bbox 1541 2889 1601 2920; x_wconf 81' lang='grc' dir='ltr'>τοῦ</span> <span class='ocrx_word' id='word_1_651' title='bbox 1624 2888 1767 2921; x_wconf 88' lang='grc' dir='ltr'>σκότους</span> <span class='ocrx_word' id='word_1_652' title='bbox 1791 2887 1872 2930; x_wconf 72' lang='grc' dir='ltr'>ἔργα</span> 
     </span>
     <span class='ocr_line' id='line_1_54' title="bbox 299 2933 1876 2981; baseline -0.003 -11"><span class='ocrx_word' id='word_1_653' title='bbox 299 2939 491 2981; x_wconf 83' lang='grc' dir='ltr'>φιλοῦντες.</span> <span class='ocrx_word' id='word_1_654' title='bbox 518 2936 688 2980; x_wconf 78' lang='grc' dir='ltr'>ἀκάθαρτα</span> <span class='ocrx_word' id='word_1_655' title='bbox 706 2937 741 2969; x_wconf 86' lang='grc' dir='ltr'>δε</span> <span class='ocrx_word' id='word_1_656' title='bbox 760 2937 811 2969; x_wconf 78' lang='grc' dir='ltr'>καὶ</span> <span class='ocrx_word' id='word_1_657' title='bbox 829 2950 869 2970; x_wconf 88' lang='grc' dir='ltr'>τα</span> <span class='ocrx_word' id='word_1_658' title='bbox 888 2935 997 2978; x_wconf 83' lang='grc' dir='ltr'>θηρία,</span> <span class='ocrx_word' id='word_1_659' title='bbox 1015 2935 1045 2967; x_wconf 86' lang='grc' dir='ltr'>οἶ</span> <span class='ocrx_word' id='word_1_660' title='bbox 1062 2934 1199 2976; x_wconf 83' lang='grc' dir='ltr'>λησταὶ,</span> <span class='ocrx_word' id='word_1_661' title='bbox 1218 2934 1247 2965; x_wconf 90' lang='grc' dir='ltr'>οἶ</span> <span class='ocrx_word' id='word_1_662' title='bbox 1266 2934 1392 2977; x_wconf 79' lang='grc' dir='ltr'>φονεῖς,</span> <span class='ocrx_word' id='word_1_663' title='bbox 1410 2934 1440 2966; x_wconf 81' lang='grc' dir='ltr'>οἱ</span> <span class='ocrx_word' id='word_1_664' title='bbox 1460 2933 1621 2976; x_wconf 87' lang='grc' dir='ltr'>θυμώδεις</span> <span class='ocrx_word' id='word_1_665' title='bbox 1638 2947 1689 2966; x_wconf 90' lang='grc' dir='ltr'>και</span> <span class='ocrx_word' id='word_1_666' title='bbox 1708 2933 1876 2977; x_wconf 76' lang='grc' dir='ltr'>ἀνήμεροι</span> 
     </span>
    </p>
   </div>
  </div>
 </body>
</html>
