<?xml version="1.0" encoding="UTF-8"?>
<!DOCTYPE html PUBLIC "-//W3C//DTD XHTML 1.0 Transitional//EN"
    "http://www.w3.org/TR/xhtml1/DTD/xhtml1-transitional.dtd">
<html xmlns="http://www.w3.org/1999/xhtml" xml:lang="en" lang="en">
 <head>
  <title>
</title>
<meta http-equiv="Content-Type" content="text/html;charset=utf-8" />
  <meta name='ocr-system' content='tesseract 3.04.00' />
  <meta name='ocr-capabilities' content='ocr_page ocr_carea ocr_par ocr_line ocrx_word'/>
</head>
<body>
  <div class='ocr_page' id='page_1' title='image "./operacyrilli05cyriuoft_0380.png"; bbox 0 0 1997 3262; ppageno 0'>
   <div class='ocr_carea' id='block_1_1' title="bbox 78 215 269 258">
    <p class='ocr_par' dir='ltr' id='par_1_1' title="bbox 78 215 269 258">
     <span class='ocr_line' id='line_1_1' title="bbox 78 215 269 258; baseline 0.005 -12"><span class='ocrx_word' id='word_1_1' title='bbox 78 215 169 256; x_wconf 85' lang='lat'>[107</span> <span class='ocrx_word' id='word_1_2' title='bbox 187 217 269 258; x_wconf 90' lang='lat' dir='ltr'>M.]</span> 
     </span>
    </p>
   </div>
   <div class='ocr_carea' id='block_1_2' title="bbox 65 607 212 640">
    <p class='ocr_par' dir='ltr' id='par_1_2' title="bbox 65 607 212 640">
     <span class='ocr_line' id='line_1_2' title="bbox 65 607 212 640; baseline 0 -2"><span class='ocrx_word' id='word_1_3' title='bbox 65 608 120 640; x_wconf 86' lang='lat' dir='ltr'>Ps.</span> <span class='ocrx_word' id='word_1_4' title='bbox 135 607 168 638; x_wconf 84' lang='lat' dir='ltr'>ii.</span> <span class='ocrx_word' id='word_1_5' title='bbox 183 608 212 639; x_wconf 88' lang='lat'>8.</span> 
     </span>
    </p>
   </div>
   <div class='ocr_carea' id='block_1_3' title="bbox 61 841 202 915">
    <p class='ocr_par' dir='ltr' id='par_1_3' title="bbox 61 841 202 915">
     <span class='ocr_line' id='line_1_3' title="bbox 63 841 202 871; baseline 0 -1"><span class='ocrx_word' id='word_1_6' title='bbox 63 841 93 870; x_wconf 84' lang='lat' dir='ltr'>S.</span> <span class='ocrx_word' id='word_1_7' title='bbox 104 841 202 871; x_wconf 79' lang='lat' dir='ltr'>Joan.</span> 
     </span>
     <span class='ocr_line' id='line_1_4' title="bbox 61 883 190 915; baseline 0 -1"><span class='ocrx_word' id='word_1_8' title='bbox 61 884 142 914; x_wconf 75' lang='lat' dir='ltr'>xvii.</span> <span class='ocrx_word' id='word_1_9' title='bbox 160 883 190 915; x_wconf 91' lang='lat'>6.</span> 
     </span>
    </p>
   </div>
   <div class='ocr_carea' id='block_1_4' title="bbox 61 1256 181 1288">
    <p class='ocr_par' dir='ltr' id='par_1_4' title="bbox 61 1256 181 1288">
     <span class='ocr_line' id='line_1_5' title="bbox 61 1256 181 1288; baseline 0.008 -1"><span class='ocrx_word' id='word_1_10' title='bbox 61 1256 113 1287; x_wconf 68' lang='grc' dir='ltr'><strong>ΙΙ).</strong></span> <span class='ocrx_word' id='word_1_11' title='bbox 134 1265 181 1288; x_wconf 90' lang='lat'>10.</span> 
     </span>
    </p>
   </div>
   <div class='ocr_carea' id='block_1_5' title="bbox 58 1417 209 1450">
    <p class='ocr_par' dir='ltr' id='par_1_5' title="bbox 58 1417 209 1450">
     <span class='ocr_line' id='line_1_6' title="bbox 58 1417 209 1450; baseline 0.02 -3"><span class='ocrx_word' id='word_1_12' title='bbox 58 1417 112 1448; x_wconf 82' lang='lat' dir='ltr'>Ps.</span> <span class='ocrx_word' id='word_1_13' title='bbox 127 1417 158 1448; x_wconf 87' lang='lat' dir='ltr'>ii.</span> <span class='ocrx_word' id='word_1_14' title='bbox 179 1418 209 1450; x_wconf 89' lang='grc'>8.</span> 
     </span>
    </p>
   </div>
   <div class='ocr_carea' id='block_1_6' title="bbox 56 1827 261 1944">
    <p class='ocr_par' dir='ltr' id='par_1_6' title="bbox 56 1827 261 1944">
     <span class='ocr_line' id='line_1_7' title="bbox 57 1827 261 1868; baseline 0.01 -11"><span class='ocrx_word' id='word_1_15' title='bbox 57 1827 131 1859; x_wconf 78' lang='lat' dir='ltr'>Bar.</span> <span class='ocrx_word' id='word_1_16' title='bbox 147 1827 192 1858; x_wconf 81' lang='lat' dir='ltr'>iii,</span> <span class='ocrx_word' id='word_1_17' title='bbox 211 1828 261 1868; x_wconf 84' lang='lat'>38.</span> 
     </span>
     <span class='ocr_line' id='line_1_8' title="bbox 56 1903 261 1944; baseline 0.01 -11"><span class='ocrx_word' id='word_1_18' title='bbox 56 1903 112 1934; x_wconf 85' lang='lat' dir='ltr'>Es.</span> <span class='ocrx_word' id='word_1_19' title='bbox 123 1903 179 1934; x_wconf 78' lang='lat' dir='ltr'><strong>lxi.</strong></span> <span class='ocrx_word' id='word_1_20' title='bbox 193 1913 220 1944; x_wconf 91' lang='lat'>1,</span> <span class='ocrx_word' id='word_1_21' title='bbox 233 1914 261 1935; x_wconf 81' lang='lat'>2.</span> 
     </span>
    </p>
   </div>
   <div class='ocr_carea' id='block_1_7' title="bbox 291 149 1868 199">
    <p class='ocr_par' dir='ltr' id='par_1_7' title="bbox 291 149 1868 199">
     <span class='ocr_line' id='line_1_9' title="bbox 291 149 1868 199; baseline 0.004 -9"><span class='ocrx_word' id='word_1_22' title='bbox 291 149 375 191; x_wconf 87' lang='lat'>366</span> <span class='ocrx_word' id='word_1_23' title='bbox 520 151 571 192; x_wconf 89' lang='lat' dir='ltr'>B.</span> <span class='ocrx_word' id='word_1_24' title='bbox 602 151 851 193; x_wconf 87' lang='lat' dir='ltr'>CYRILLI</span> <span class='ocrx_word' id='word_1_25' title='bbox 886 152 1235 196; x_wconf 86' lang='lat' dir='ltr'><strong>ALEXANDR.</strong></span> <span class='ocrx_word' id='word_1_26' title='bbox 1277 156 1650 199; x_wconf 87' lang='lat' dir='ltr'><strong>FRAGMENTA</strong></span> <span class='ocrx_word' id='word_1_27' title='bbox 1786 158 1810 199; x_wconf 92' lang='lat' dir='ltr'>i.</span> <span class='ocrx_word' id='word_1_28' title='bbox 1835 171 1868 198; x_wconf 94' lang='lat'>1.</span> 
     </span>
    </p>
   </div>
   <div class='ocr_carea' id='block_1_8' title="bbox 274 258 1870 2605">
    <p class='ocr_par' dir='ltr' id='par_1_8' title="bbox 274 258 1870 2605">
     <span class='ocr_line' id='line_1_10' title="bbox 365 258 1864 332; baseline 0.005 -24"><span class='ocrx_word' id='word_1_29' title='bbox 365 258 577 309; x_wconf 86' lang='grc' dir='ltr'>Τέθειται</span> <span class='ocrx_word' id='word_1_30' title='bbox 602 260 757 310; x_wconf 84' lang='grc' dir='ltr'>τοίνυν</span> <span class='ocrx_word' id='word_1_31' title='bbox 783 261 845 313; x_wconf 86' lang='grc' dir='ltr'>ὡς</span> <span class='ocrx_word' id='word_1_32' title='bbox 874 260 1121 327; x_wconf 78' lang='grc' dir='ltr'>ἄνθρωπος</span> <span class='ocrx_word' id='word_1_33' title='bbox 1158 264 1411 332; x_wconf 76' lang='grc' dir='ltr'>κληρονόμος</span> <span class='ocrx_word' id='word_1_34' title='bbox 1437 263 1610 316; x_wconf 69' lang='grc' dir='ltr'>πάντων</span> <span class='ocrx_word' id='word_1_35' title='bbox 1635 269 1864 328; x_wconf 80' lang='grc' dir='ltr'>οἰκονομι-</span> 
     </span>
     <span class='ocr_line' id='line_1_11' title="bbox 290 339 1869 414; baseline 0.005 -25"><span class='ocrx_word' id='word_1_36' title='bbox 290 343 395 400; x_wconf 82' lang='grc' dir='ltr'>κῶς,</span> <span class='ocrx_word' id='word_1_37' title='bbox 421 339 495 390; x_wconf 86' lang='grc' dir='ltr'>ἵνα</span> <span class='ocrx_word' id='word_1_38' title='bbox 533 339 703 391; x_wconf 81' lang='grc' dir='ltr'>λοιπὸν</span> <span class='ocrx_word' id='word_1_39' title='bbox 729 343 791 394; x_wconf 89' lang='grc' dir='ltr'>ὡς</span> <span class='ocrx_word' id='word_1_40' title='bbox 825 342 950 410; x_wconf 74' lang='grc' dir='ltr'>αὐτῷ</span> <span class='ocrx_word' id='word_1_41' title='bbox 987 342 1293 408; x_wconf 88' lang='grc' dir='ltr'>προσήκοντά</span> <span class='ocrx_word' id='word_1_42' title='bbox 1324 367 1374 395; x_wconf 88' lang='grc' dir='ltr'>τε</span> <span class='ocrx_word' id='word_1_43' title='bbox 1398 347 1473 396; x_wconf 80' lang='grc' dir='ltr'>καὶ</span> <span class='ocrx_word' id='word_1_44' title='bbox 1499 345 1614 396; x_wconf 88' lang='grc' dir='ltr'>’ίδιον</span> <span class='ocrx_word' id='word_1_45' title='bbox 1636 346 1869 414; x_wconf 82' lang='grc' dir='ltr'>ἀνασώσῃ</span> 
     </span>
     <span class='ocr_line' id='line_1_12' title="bbox 289 420 1870 491; baseline 0.005 -21"><span class='ocrx_word' id='word_1_46' title='bbox 289 423 467 486; x_wconf 82' lang='grc' dir='ltr'>κλῆρον</span> <span class='ocrx_word' id='word_1_47' title='bbox 492 420 600 475; x_wconf 77' lang='grc' dir='ltr'>τοὺς</span> <span class='ocrx_word' id='word_1_48' title='bbox 627 424 701 473; x_wconf 78' lang='grc' dir='ltr'>ἐπὶ</span> <span class='ocrx_word' id='word_1_49' title='bbox 728 425 810 485; x_wconf 81' lang='grc' dir='ltr'>τῆς</span> <span class='ocrx_word' id='word_1_50' title='bbox 836 425 938 487; x_wconf 82' lang='grc' dir='ltr'>γῆς,</span> <span class='ocrx_word' id='word_1_51' title='bbox 964 425 1169 478; x_wconf 90' lang='grc' dir='ltr'>ἀνοσίως</span> <span class='ocrx_word' id='word_1_52' title='bbox 1195 425 1572 491; x_wconf 86' lang='grc' dir='ltr'>διηρπασμένους</span> <span class='ocrx_word' id='word_1_53' title='bbox 1598 427 1688 478; x_wconf 83' lang='grc' dir='ltr'>ὑπό</span> <span class='ocrx_word' id='word_1_54' title='bbox 1712 450 1761 478; x_wconf 90' lang='grc' dir='ltr'>τε</span> <span class='ocrx_word' id='word_1_55' title='bbox 1786 433 1870 478; x_wconf 86' lang='grc' dir='ltr'>τοῦ</span> 
     </span>
     <span class='ocr_line' id='line_1_13' title="bbox 290 502 1870 573; baseline 0.004 -21"><span class='ocrx_word' id='word_1_56' title='bbox 290 502 517 563; x_wconf 83' lang='grc' dir='ltr'>διαβόλου</span> <span class='ocrx_word' id='word_1_57' title='bbox 551 505 627 553; x_wconf 76' lang='grc' dir='ltr'>καὶ</span> <span class='ocrx_word' id='word_1_58' title='bbox 664 507 758 553; x_wconf 84' lang='grc' dir='ltr'>τῶν</span> <span class='ocrx_word' id='word_1_59' title='bbox 792 502 884 554; x_wconf 74' lang='grc' dir='ltr'>σὺν</span> <span class='ocrx_word' id='word_1_60' title='bbox 917 504 1042 573; x_wconf 70' lang='grc' dir='ltr'>αὐτῷ</span> <span class='ocrx_word' id='word_1_61' title='bbox 1082 506 1321 568; x_wconf 83' lang='grc' dir='ltr'>δυνάμεων</span> <span class='ocrx_word' id='word_1_62' title='bbox 1358 512 1591 573; x_wconf 80' lang='grc' dir='ltr'>πονηρῶν.</span> <span class='ocrx_word' id='word_1_63' title='bbox 1640 510 1716 558; x_wconf 76' lang='grc' dir='ltr'>καὶ</span> <span class='ocrx_word' id='word_1_64' title='bbox 1753 514 1870 572; x_wconf 85' lang='grc' dir='ltr'>γοῦν</span> 
     </span>
     <span class='ocr_line' id='line_1_14' title="bbox 289 583 1867 655; baseline 0.004 -21"><span class='ocrx_word' id='word_1_65' title='bbox 289 584 380 651; x_wconf 77' lang='grc' dir='ltr'>ε”φη</span> <span class='ocrx_word' id='word_1_66' title='bbox 405 583 523 650; x_wconf 85' lang='grc' dir='ltr'>πρὸς</span> <span class='ocrx_word' id='word_1_67' title='bbox 550 583 691 635; x_wconf 80' lang='grc' dir='ltr'>αὑτὸν</span> <span class='ocrx_word' id='word_1_68' title='bbox 725 585 750 634; x_wconf 84' lang='grc' dir='ltr'><em>ὁ</em></span> <span class='ocrx_word' id='word_1_69' title='bbox 778 583 899 638; x_wconf 82' lang='grc' dir='ltr'>Θεὸς</span> <span class='ocrx_word' id='word_1_70' title='bbox 925 587 1000 635; x_wconf 79' lang='grc' dir='ltr'>καὶ</span> <span class='ocrx_word' id='word_1_71' title='bbox 1027 585 1196 652; x_wconf 88' lang='grc' dir='ltr'>Πατήρ</span> <span class='ocrx_word' id='word_1_72' title='bbox 1237 595 1263 617; x_wconf 85' lang='grc'><strong>“</strong></span> <span class='ocrx_word' id='word_1_73' title='bbox 1284 587 1490 652; x_wconf 86' lang='grc' dir='ltr'>Α’ίτησαι</span> <span class='ocrx_word' id='word_1_74' title='bbox 1521 590 1629 655; x_wconf 83' lang='grc' dir='ltr'>παρ’</span> <span class='ocrx_word' id='word_1_75' title='bbox 1658 590 1759 651; x_wconf 80' lang='grc' dir='ltr'>ἐμοὶ</span> <span class='ocrx_word' id='word_1_76' title='bbox 1793 591 1867 640; x_wconf 80' lang='grc' dir='ltr'>καὶ</span> 
     </span>
     <span class='ocr_line' id='line_1_15' title="bbox 290 665 1868 739; baseline 0.006 -24"><span class='ocrx_word' id='word_1_77' title='bbox 290 673 316 695; x_wconf 84' lang='grc'><strong>“</strong></span> <span class='ocrx_word' id='word_1_78' title='bbox 342 666 484 717; x_wconf 82' lang='grc' dir='ltr'>δώσω</span> <span class='ocrx_word' id='word_1_79' title='bbox 518 689 598 717; x_wconf 94' lang='grc' dir='ltr'>σοι</span> <span class='ocrx_word' id='word_1_80' title='bbox 624 665 733 730; x_wconf 75' lang='grc' dir='ltr'>ἔθνη</span> <span class='ocrx_word' id='word_1_81' title='bbox 759 665 845 730; x_wconf 87' lang='grc' dir='ltr'>τὴν</span> <span class='ocrx_word' id='word_1_82' title='bbox 871 667 1186 733; x_wconf 85' lang='grc' dir='ltr'>κληρονομίαν</span> <span class='ocrx_word' id='word_1_83' title='bbox 1212 692 1304 720; x_wconf 92' lang='grc' dir='ltr'>σου</span> <span class='ocrx_word' id='word_1_84' title='bbox 1318 670 1342 685; x_wconf 90' lang='grc'><em>”</em></span> <span class='ocrx_word' id='word_1_85' title='bbox 1384 672 1460 720; x_wconf 84' lang='grc' dir='ltr'>καὶ</span> <span class='ocrx_word' id='word_1_86' title='bbox 1487 670 1612 739; x_wconf 74' lang='grc' dir='ltr'>ἑξῆς·</span> <span class='ocrx_word' id='word_1_87' title='bbox 1667 671 1721 721; x_wconf 74' lang='grc' dir='ltr'>οὗ</span> <span class='ocrx_word' id='word_1_88' title='bbox 1747 670 1868 736; x_wconf 79' lang='grc' dir='ltr'>πρὸς</span> 
     </span>
     <span class='ocr_line' id='line_1_16' title="bbox 286 747 1868 823; baseline 0.003 -25"><span class='ocrx_word' id='word_1_89' title='bbox 286 747 430 814; x_wconf 87' lang='grc' dir='ltr'>πέρας</span> <span class='ocrx_word' id='word_1_90' title='bbox 473 748 791 813; x_wconf 85' lang='grc' dir='ltr'>ἐνηνεγμένου,</span> <span class='ocrx_word' id='word_1_91' title='bbox 829 748 949 814; x_wconf 85' lang='grc' dir='ltr'>πρὸς</span> <span class='ocrx_word' id='word_1_92' title='bbox 999 747 1082 799; x_wconf 81' lang='grc' dir='ltr'>τὸν</span> <span class='ocrx_word' id='word_1_93' title='bbox 1131 752 1295 801; x_wconf 82' lang='grc' dir='ltr'>ἑαυτοῦ</span> <span class='ocrx_word' id='word_1_94' title='bbox 1339 751 1533 817; x_wconf 81' lang='grc' dir='ltr'>Πατέρα</span> <span class='ocrx_word' id='word_1_95' title='bbox 1581 754 1687 817; x_wconf 77' lang='grc' dir='ltr'>περὶ</span> <span class='ocrx_word' id='word_1_96' title='bbox 1736 752 1868 823; x_wconf 65' lang='grc' dir='ltr'>ἡμῶν</span> 
     </span>
     <span class='ocr_line' id='line_1_17' title="bbox 288 828 1867 897; baseline 0.003 -18"><span class='ocrx_word' id='word_1_97' title='bbox 288 835 439 897; x_wconf 90' lang='grc' dir='ltr'>φησιν</span> <span class='ocrx_word' id='word_1_98' title='bbox 476 829 625 883; x_wconf 55' lang='grc' dir='ltr'>((Οὓς</span> <span class='ocrx_word' id='word_1_99' title='bbox 663 828 866 883; x_wconf 87' lang='grc' dir='ltr'>δέδωκάς</span> <span class='ocrx_word' id='word_1_100' title='bbox 901 853 982 893; x_wconf 91' lang='grc' dir='ltr'>μοι</span> <span class='ocrx_word' id='word_1_101' title='bbox 1020 831 1071 881; x_wconf 86' lang='grc' dir='ltr'>ἐκ</span> <span class='ocrx_word' id='word_1_102' title='bbox 1103 837 1184 882; x_wconf 83' lang='grc' dir='ltr'>τοῦ</span> <span class='ocrx_word' id='word_1_103' title='bbox 1223 832 1421 895; x_wconf 89' lang='grc' dir='ltr'>κόσμου,</span> <span class='ocrx_word' id='word_1_104' title='bbox 1447 835 1526 883; x_wconf 81' lang='grc' dir='ltr'>σοὶ</span> <span class='ocrx_word' id='word_1_105' title='bbox 1566 831 1693 896; x_wconf 78' lang='grc' dir='ltr'>ἦσαν</span> <span class='ocrx_word' id='word_1_106' title='bbox 1731 835 1867 894; x_wconf 77' lang='grc' dir='ltr'>κάμοὶ</span> 
     </span>
     <span class='ocr_line' id='line_1_18' title="bbox 287 909 1868 982; baseline 0.003 -22"><span class='ocrx_word' id='word_1_107' title='bbox 287 918 313 940; x_wconf 82' lang='grc'><strong>“</strong></span> <span class='ocrx_word' id='word_1_108' title='bbox 339 909 504 964; x_wconf 78' lang='grc' dir='ltr'>αὐτοὺς</span> <span class='ocrx_word' id='word_1_109' title='bbox 537 910 780 964; x_wconf 84' lang='grc' dir='ltr'>δέδωκας.”</span> <span class='ocrx_word' id='word_1_110' title='bbox 832 911 962 976; x_wconf 78' lang='grc' dir='ltr'>ἄθρει</span> <span class='ocrx_word' id='word_1_111' title='bbox 997 911 1053 975; x_wconf 86' lang='grc' dir='ltr'>δὴ</span> <span class='ocrx_word' id='word_1_112' title='bbox 1092 913 1174 962; x_wconf 77' lang='grc' dir='ltr'>οὖν</span> <span class='ocrx_word' id='word_1_113' title='bbox 1212 913 1338 967; x_wconf 80' lang='grc' dir='ltr'>ὅπως</span> <span class='ocrx_word' id='word_1_114' title='bbox 1377 918 1437 967; x_wconf 78' lang='grc' dir='ltr'>εἰς</span> <span class='ocrx_word' id='word_1_115' title='bbox 1475 914 1557 965; x_wconf 81' lang='grc' dir='ltr'>τὸν</span> <span class='ocrx_word' id='word_1_116' title='bbox 1596 913 1868 982; x_wconf 77' lang='grc' dir='ltr'>ὑπάρχοντα</span> 
     </span>
     <span class='ocr_line' id='line_1_19' title="bbox 284 992 1866 1062; baseline 0.002 -20"><span class='ocrx_word' id='word_1_117' title='bbox 284 992 411 1061; x_wconf 74' lang='grc' dir='ltr'>αὐτῷ</span> <span class='ocrx_word' id='word_1_118' title='bbox 446 998 657 1043; x_wconf 85' lang='grc' dir='ltr'>πλοῦτον</span> <span class='ocrx_word' id='word_1_119' title='bbox 683 992 801 1043; x_wconf 78' lang='grc' dir='ltr'>κατὰ</span> <span class='ocrx_word' id='word_1_120' title='bbox 840 992 990 1057; x_wconf 83' lang='grc' dir='ltr'>φύσιν</span> <span class='ocrx_word' id='word_1_121' title='bbox 1016 993 1168 1044; x_wconf 77' lang='grc' dir='ltr'>ἄνεισι</span> <span class='ocrx_word' id='word_1_122' title='bbox 1196 997 1270 1045; x_wconf 78' lang='grc' dir='ltr'>καὶ</span> <span class='ocrx_word' id='word_1_123' title='bbox 1309 995 1427 1058; x_wconf 79' lang='grc' dir='ltr'>μετὰ</span> <span class='ocrx_word' id='word_1_124' title='bbox 1465 995 1658 1062; x_wconf 86' lang='grc' dir='ltr'>σαρκός·</span> <span class='ocrx_word' id='word_1_125' title='bbox 1698 1000 1736 1046; x_wconf 82' lang='grc' dir='ltr'>εὶ</span> <span class='ocrx_word' id='word_1_126' title='bbox 1773 995 1866 1061; x_wconf 78' lang='grc' dir='ltr'>γὰρ</span> 
     </span>
     <span class='ocr_line' id='line_1_20' title="bbox 282 1072 1863 1144; baseline 0.004 -21"><span class='ocrx_word' id='word_1_127' title='bbox 282 1072 410 1138; x_wconf 79' lang='grc' dir='ltr'>ἦσαν</span> <span class='ocrx_word' id='word_1_128' title='bbox 448 1076 491 1124; x_wconf 79' lang='grc' dir='ltr'>οἱ</span> <span class='ocrx_word' id='word_1_129' title='bbox 529 1075 577 1124; x_wconf 87' lang='grc' dir='ltr'>ἐν</span> <span class='ocrx_word' id='word_1_130' title='bbox 603 1072 770 1144; x_wconf 80' lang='grc' dir='ltr'>κόσμῳ</span> <span class='ocrx_word' id='word_1_131' title='bbox 808 1080 891 1125; x_wconf 82' lang='grc' dir='ltr'>τοῦ</span> <span class='ocrx_word' id='word_1_132' title='bbox 918 1075 1122 1140; x_wconf 83' lang='grc' dir='ltr'>Πατρὸς,</span> <span class='ocrx_word' id='word_1_133' title='bbox 1150 1074 1270 1126; x_wconf 79' lang='grc' dir='ltr'>κατὰ</span> <span class='ocrx_word' id='word_1_134' title='bbox 1309 1076 1411 1127; x_wconf 88' lang='grc' dir='ltr'>τίνα</span> <span class='ocrx_word' id='word_1_135' title='bbox 1443 1076 1499 1141; x_wconf 83' lang='grc' dir='ltr'>δὴ</span> <span class='ocrx_word' id='word_1_136' title='bbox 1537 1076 1713 1143; x_wconf 82' lang='grc' dir='ltr'>τρόπον</span> <span class='ocrx_word' id='word_1_137' title='bbox 1752 1100 1863 1142; x_wconf 89' lang='grc' dir='ltr'>νοη-</span> 
     </span>
     <span class='ocr_line' id='line_1_21' title="bbox 283 1154 1867 1226; baseline 0.003 -21"><span class='ocrx_word' id='word_1_138' title='bbox 283 1159 402 1205; x_wconf 88' lang='grc' dir='ltr'>θεῖεν</span> <span class='ocrx_word' id='word_1_139' title='bbox 455 1154 512 1206; x_wconf 77' lang='grc' dir='ltr'>ἂν</span> <span class='ocrx_word' id='word_1_140' title='bbox 562 1161 645 1206; x_wconf 88' lang='grc' dir='ltr'>τοῦ</span> <span class='ocrx_word' id='word_1_141' title='bbox 696 1156 1143 1219; x_wconf 79' lang='grc' dir='ltr'>συμβασιλεύοντος</span> <span class='ocrx_word' id='word_1_142' title='bbox 1196 1158 1321 1226; x_wconf 70' lang='grc' dir='ltr'>αὐτῷ</span> <span class='ocrx_word' id='word_1_143' title='bbox 1372 1157 1569 1223; x_wconf 80' lang='grc' dir='ltr'>Λόγου;</span> <span class='ocrx_word' id='word_1_144' title='bbox 1629 1157 1867 1225; x_wconf 83' lang='grc' dir='ltr'>τοιγάρτοι</span> 
     </span>
     <span class='ocr_line' id='line_1_22' title="bbox 283 1235 1866 1303; baseline 0.003 -17"><span class='ocrx_word' id='word_1_145' title='bbox 283 1238 359 1286; x_wconf 77' lang='grc' dir='ltr'>καὶ</span> <span class='ocrx_word' id='word_1_146' title='bbox 395 1237 603 1303; x_wconf 77' lang='grc' dir='ltr'>ἔφασκεν</span> <span class='ocrx_word' id='word_1_147' title='bbox 631 1236 700 1287; x_wconf 79' lang='grc' dir='ltr'>ὅτι</span> <span class='ocrx_word' id='word_1_148' title='bbox 737 1244 763 1266; x_wconf 75' lang='grc'><strong>“</strong></span> <span class='ocrx_word' id='word_1_149' title='bbox 782 1235 938 1288; x_wconf 82' lang='grc' dir='ltr'>πάντα</span> <span class='ocrx_word' id='word_1_150' title='bbox 965 1236 1023 1287; x_wconf 79' lang='grc' dir='ltr'>τὰ</span> <span class='ocrx_word' id='word_1_151' title='bbox 1048 1236 1135 1300; x_wconf 81' lang='grc' dir='ltr'>ἐμὰ</span> <span class='ocrx_word' id='word_1_152' title='bbox 1160 1238 1228 1288; x_wconf 88' lang='grc' dir='ltr'>σά</span> <span class='ocrx_word' id='word_1_153' title='bbox 1259 1240 1360 1289; x_wconf 87' lang='grc' dir='ltr'>ἐστι</span> <span class='ocrx_word' id='word_1_154' title='bbox 1387 1241 1462 1290; x_wconf 76' lang='grc' dir='ltr'>καὶ</span> <span class='ocrx_word' id='word_1_155' title='bbox 1487 1238 1547 1290; x_wconf 83' lang='grc' dir='ltr'>τὰ</span> <span class='ocrx_word' id='word_1_156' title='bbox 1572 1239 1639 1290; x_wconf 82' lang='grc' dir='ltr'>σά</span> <span class='ocrx_word' id='word_1_157' title='bbox 1665 1239 1764 1303; x_wconf 78' lang='grc' dir='ltr'>ἐμὰ,</span> <span class='ocrx_word' id='word_1_158' title='bbox 1790 1242 1866 1291; x_wconf 83' lang='grc' dir='ltr'>καὶ</span> 
     </span>
     <span class='ocr_line' id='line_1_23' title="bbox 283 1317 1865 1386; baseline 0.003 -18"><span class='ocrx_word' id='word_1_159' title='bbox 283 1324 310 1346; x_wconf 85' lang='grc'><strong>“</strong></span> <span class='ocrx_word' id='word_1_160' title='bbox 337 1317 628 1386; x_wconf 75' lang='grc' dir='ltr'>δεδόξασμαι</span> <span class='ocrx_word' id='word_1_161' title='bbox 667 1320 715 1368; x_wconf 88' lang='grc' dir='ltr'>ἐν</span> <span class='ocrx_word' id='word_1_162' title='bbox 746 1319 942 1372; x_wconf 84' lang='grc' dir='ltr'>αὐτοῖς.”</span> <span class='ocrx_word' id='word_1_163' title='bbox 991 1323 1091 1372; x_wconf 82' lang='grc' dir='ltr'>πῶς</span> <span class='ocrx_word' id='word_1_164' title='bbox 1126 1320 1206 1370; x_wconf 78' lang='grc' dir='ltr'>οὖν</span> <span class='ocrx_word' id='word_1_165' title='bbox 1232 1323 1373 1371; x_wconf 78' lang='grc' dir='ltr'>αἰτεῖν</span> <span class='ocrx_word' id='word_1_166' title='bbox 1403 1320 1762 1386; x_wconf 79' lang='grc' dir='ltr'>προστάττεται,</span> <span class='ocrx_word' id='word_1_167' title='bbox 1789 1323 1865 1372; x_wconf 78' lang='grc' dir='ltr'>καὶ</span> 
     </span>
     <span class='ocr_line' id='line_1_24' title="bbox 283 1400 1864 1469; baseline 0.003 -20"><span class='ocrx_word' id='word_1_168' title='bbox 283 1400 464 1467; x_wconf 83' lang='grc' dir='ltr'>δέχεται</span> <span class='ocrx_word' id='word_1_169' title='bbox 501 1400 587 1463; x_wconf 78' lang='grc' dir='ltr'>μὲν</span> <span class='ocrx_word' id='word_1_170' title='bbox 625 1404 688 1454; x_wconf 83' lang='grc' dir='ltr'>εὶς</span> <span class='ocrx_word' id='word_1_171' title='bbox 727 1401 1044 1465; x_wconf 83' lang='grc' dir='ltr'>κληρονομίαν</span> <span class='ocrx_word' id='word_1_172' title='bbox 1089 1401 1213 1465; x_wconf 77' lang='grc' dir='ltr'>ἔθνη,</span> <span class='ocrx_word' id='word_1_173' title='bbox 1252 1401 1545 1469; x_wconf 82' lang='grc' dir='ltr'>κατάσχεσιν</span> <span class='ocrx_word' id='word_1_174' title='bbox 1584 1401 1632 1453; x_wconf 79' lang='grc' dir='ltr'>δὲ</span> <span class='ocrx_word' id='word_1_175' title='bbox 1669 1407 1864 1454; x_wconf 87' lang='grc' dir='ltr'>ποιεῖται</span> 
     </span>
     <span class='ocr_line' id='line_1_25' title="bbox 281 1480 1865 1552; baseline 0.002 -21"><span class='ocrx_word' id='word_1_176' title='bbox 281 1482 357 1531; x_wconf 80' lang='grc' dir='ltr'>καὶ</span> <span class='ocrx_word' id='word_1_177' title='bbox 387 1480 446 1532; x_wconf 80' lang='grc' dir='ltr'>τὰ</span> <span class='ocrx_word' id='word_1_178' title='bbox 477 1481 656 1547; x_wconf 85' lang='grc' dir='ltr'>πέρατα</span> <span class='ocrx_word' id='word_1_179' title='bbox 682 1484 764 1545; x_wconf 86' lang='grc' dir='ltr'>τῆς</span> <span class='ocrx_word' id='word_1_180' title='bbox 789 1484 908 1547; x_wconf 85' lang='grc' dir='ltr'>γῆς;</span> <span class='ocrx_word' id='word_1_181' title='bbox 952 1482 1376 1548; x_wconf 83' lang='grc' dir='ltr'>ἀποσκιρτήσαντα</span> <span class='ocrx_word' id='word_1_182' title='bbox 1411 1482 1505 1550; x_wconf 81' lang='grc' dir='ltr'>γὰρ</span> <span class='ocrx_word' id='word_1_183' title='bbox 1531 1483 1757 1552; x_wconf 75' lang='grc' dir='ltr'>ἐξιτήλως</span> <span class='ocrx_word' id='word_1_184' title='bbox 1783 1484 1865 1535; x_wconf 82' lang='grc' dir='ltr'>τὸν</span> 
     </span>
     <span class='ocr_line' id='line_1_26' title="bbox 280 1563 1863 1633; baseline 0.003 -21"><span class='ocrx_word' id='word_1_185' title='bbox 280 1563 530 1628; x_wconf 76' lang='grc' dir='ltr'>ἄνθρωπον</span> <span class='ocrx_word' id='word_1_186' title='bbox 556 1563 768 1617; x_wconf 88' lang='grc' dir='ltr'>δουλείας</span> <span class='ocrx_word' id='word_1_187' title='bbox 806 1567 890 1628; x_wconf 84' lang='grc' dir='ltr'>τῆς</span> <span class='ocrx_word' id='word_1_188' title='bbox 929 1563 1018 1615; x_wconf 82' lang='grc' dir='ltr'>ὑπὸ</span> <span class='ocrx_word' id='word_1_189' title='bbox 1047 1566 1154 1633; x_wconf 68' lang='grc' dir='ltr'>Θεῷ</span> <span class='ocrx_word' id='word_1_190' title='bbox 1195 1568 1433 1615; x_wconf 83' lang='grc' dir='ltr'>διασῶσαι</span> <span class='ocrx_word' id='word_1_191' title='bbox 1471 1565 1681 1629; x_wconf 87' lang='grc' dir='ltr'>θελήσας</span> <span class='ocrx_word' id='word_1_192' title='bbox 1712 1567 1737 1616; x_wconf 84' lang='grc' dir='ltr'>ὁ</span> <span class='ocrx_word' id='word_1_193' title='bbox 1768 1570 1863 1616; x_wconf 83' lang='grc' dir='ltr'>τῶν</span> 
     </span>
     <span class='ocr_line' id='line_1_27' title="bbox 279 1643 1862 1714; baseline 0.003 -20"><span class='ocrx_word' id='word_1_194' title='bbox 279 1643 406 1694; x_wconf 79' lang='grc' dir='ltr'>ὅλων</span> <span class='ocrx_word' id='word_1_195' title='bbox 456 1644 785 1711; x_wconf 81' lang='grc' dir='ltr'>γενεσιουργὸς</span> <span class='ocrx_word' id='word_1_196' title='bbox 836 1647 913 1696; x_wconf 80' lang='grc' dir='ltr'>καὶ</span> <span class='ocrx_word' id='word_1_197' title='bbox 958 1644 1141 1711; x_wconf 82' lang='grc' dir='ltr'>Πατὴρ,</span> <span class='ocrx_word' id='word_1_198' title='bbox 1184 1646 1436 1714; x_wconf 76' lang='grc' dir='ltr'>πέπομφεν</span> <span class='ocrx_word' id='word_1_199' title='bbox 1484 1650 1545 1700; x_wconf 83' lang='grc' dir='ltr'>εἷς</span> <span class='ocrx_word' id='word_1_200' title='bbox 1597 1645 1730 1698; x_wconf 86' lang='grc' dir='ltr'>τόνδε</span> <span class='ocrx_word' id='word_1_201' title='bbox 1778 1647 1862 1698; x_wconf 81' lang='grc' dir='ltr'>τὸν</span> 
     </span>
     <span class='ocr_line' id='line_1_28' title="bbox 279 1724 1860 1798; baseline 0.003 -22"><span class='ocrx_word' id='word_1_202' title='bbox 279 1724 462 1789; x_wconf 82' lang='grc' dir='ltr'>κόσμον</span> <span class='ocrx_word' id='word_1_203' title='bbox 497 1725 579 1777; x_wconf 80' lang='grc' dir='ltr'>τὸν</span> <span class='ocrx_word' id='word_1_204' title='bbox 609 1729 860 1792; x_wconf 88' lang='grc' dir='ltr'>Μονογενῆ</span> <span class='ocrx_word' id='word_1_205' title='bbox 888 1725 1013 1778; x_wconf 81' lang='grc' dir='ltr'>Θεὸν</span> <span class='ocrx_word' id='word_1_206' title='bbox 1042 1727 1202 1792; x_wconf 83' lang='grc' dir='ltr'>Λόγον</span> <span class='ocrx_word' id='word_1_207' title='bbox 1226 1728 1301 1778; x_wconf 85' lang='grc' dir='ltr'>ἵνα</span> <span class='ocrx_word' id='word_1_208' title='bbox 1334 1726 1581 1793; x_wconf 89' lang='grc' dir='ltr'>γενόμενος</span> <span class='ocrx_word' id='word_1_209' title='bbox 1618 1728 1752 1798; x_wconf 74' lang='grc' dir='ltr'>σὰρξ</span> <span class='ocrx_word' id='word_1_210' title='bbox 1786 1732 1860 1781; x_wconf 78' lang='grc' dir='ltr'>καὶ</span> 
     </span>
     <span class='ocr_line' id='line_1_29' title="bbox 278 1808 1853 1879; baseline 0.003 -22"><span class='ocrx_word' id='word_1_211' title='bbox 278 1812 373 1861; x_wconf 83' lang='grc' dir='ltr'>τοῖς</span> <span class='ocrx_word' id='word_1_212' title='bbox 399 1808 664 1873; x_wconf 84' lang='grc' dir='ltr'>ἀνθρώποις</span> <span class='ocrx_word' id='word_1_213' title='bbox 697 1811 1112 1876; x_wconf 75' lang='grc' dir='ltr'>συναναστραφεὶς</span> <span class='ocrx_word' id='word_1_214' title='bbox 1140 1810 1202 1863; x_wconf 86' lang='grc' dir='ltr'>ὡς</span> <span class='ocrx_word' id='word_1_215' title='bbox 1233 1808 1494 1875; x_wconf 78' lang='grc' dir='ltr'>ἅνθρωπος,</span> <span class='ocrx_word' id='word_1_216' title='bbox 1521 1810 1716 1879; x_wconf 77' lang='grc' dir='ltr'>κηρύξαι</span> <span class='ocrx_word' id='word_1_217' title='bbox 1750 1814 1853 1878; x_wconf 80' lang='grc' dir='ltr'>αἰχ-</span> 
     </span>
     <span class='ocr_line' id='line_1_30' title="bbox 277 1889 1860 1960; baseline 0.003 -22"><span class='ocrx_word' id='word_1_218' title='bbox 277 1889 515 1952; x_wconf 83' lang='grc' dir='ltr'>μαλώτοις</span> <span class='ocrx_word' id='word_1_219' title='bbox 547 1889 632 1952; x_wconf 78' lang='grc' dir='ltr'>μὲν</span> <span class='ocrx_word' id='word_1_220' title='bbox 658 1890 847 1957; x_wconf 78' lang='grc' dir='ltr'>ἄφεσιν,</span> <span class='ocrx_word' id='word_1_221' title='bbox 875 1895 1075 1958; x_wconf 84' lang='grc' dir='ltr'>τυφλοῖς</span> <span class='ocrx_word' id='word_1_222' title='bbox 1110 1889 1158 1941; x_wconf 79' lang='grc' dir='ltr'>δὲ</span> <span class='ocrx_word' id='word_1_223' title='bbox 1185 1890 1468 1957; x_wconf 79' lang='grc' dir='ltr'>ἀνάβλεψιν,</span> <span class='ocrx_word' id='word_1_224' title='bbox 1496 1892 1679 1960; x_wconf 87' lang='grc' dir='ltr'>καλέσῃ</span> <span class='ocrx_word' id='word_1_225' title='bbox 1706 1892 1754 1943; x_wconf 81' lang='grc' dir='ltr'>δὲ</span> <span class='ocrx_word' id='word_1_226' title='bbox 1785 1895 1860 1943; x_wconf 82' lang='grc' dir='ltr'>καὶ</span> 
     </span>
     <span class='ocr_line' id='line_1_31' title="bbox 277 1969 1860 2038; baseline 0.003 -18"><span class='ocrx_word' id='word_1_227' title='bbox 277 1970 485 2021; x_wconf 81' lang='grc' dir='ltr'>ἐνιαυτὸν</span> <span class='ocrx_word' id='word_1_228' title='bbox 514 1971 688 2037; x_wconf 84' lang='grc' dir='ltr'>Κυρίου</span> <span class='ocrx_word' id='word_1_229' title='bbox 728 1969 905 2022; x_wconf 86' lang='grc' dir='ltr'>δεκτόν.</span> <span class='ocrx_word' id='word_1_230' title='bbox 958 1972 1123 2022; x_wconf 80' lang='grc' dir='ltr'>οὐκοῦν</span> <span class='ocrx_word' id='word_1_231' title='bbox 1157 1970 1245 2022; x_wconf 75' lang='grc' dir='ltr'>κᾶν</span> <span class='ocrx_word' id='word_1_232' title='bbox 1277 1975 1314 2022; x_wconf 82' lang='grc' dir='ltr'>εἱ</span> <span class='ocrx_word' id='word_1_233' title='bbox 1353 1971 1540 2038; x_wconf 86' lang='grc' dir='ltr'>λέγοιτο</span> <span class='ocrx_word' id='word_1_234' title='bbox 1579 1977 1746 2033; x_wconf 83' lang='grc' dir='ltr'>λαβεῖν</span> <span class='ocrx_word' id='word_1_235' title='bbox 1783 1976 1860 2024; x_wconf 78' lang='grc' dir='ltr'>καὶ</span> 
     </span>
     <span class='ocr_line' id='line_1_32' title="bbox 276 2052 1860 2119; baseline 0.003 -18"><span class='ocrx_word' id='word_1_236' title='bbox 276 2055 512 2102; x_wconf 82' lang='grc' dir='ltr'>τεθεῖσθαι</span> <span class='ocrx_word' id='word_1_237' title='bbox 555 2052 845 2118; x_wconf 89' lang='grc' dir='ltr'>κληρονόμος</span> <span class='ocrx_word' id='word_1_238' title='bbox 886 2053 960 2103; x_wconf 79' lang='grc' dir='ltr'>διὰ</span> <span class='ocrx_word' id='word_1_239' title='bbox 998 2053 1052 2103; x_wconf 80' lang='grc' dir='ltr'>τὸ</span> <span class='ocrx_word' id='word_1_240' title='bbox 1091 2054 1399 2119; x_wconf 79' lang='grc' dir='ltr'>ἀνθρώπινον,</span> <span class='ocrx_word' id='word_1_241' title='bbox 1439 2054 1522 2104; x_wconf 80' lang='grc' dir='ltr'>οὐκ</span> <span class='ocrx_word' id='word_1_242' title='bbox 1561 2054 1860 2119; x_wconf 81' lang='grc' dir='ltr'>ἀγνοήσομεν</span> 
     </span>
     <span class='ocr_line' id='line_1_33' title="bbox 275 2132 1858 2202; baseline 0.003 -19"><span class='ocrx_word' id='word_1_243' title='bbox 275 2132 362 2196; x_wconf 84' lang='grc' dir='ltr'>τὴν</span> <span class='ocrx_word' id='word_1_244' title='bbox 401 2134 683 2197; x_wconf 78' lang='grc' dir='ltr'>οἰκονομίαν·</span> <span class='ocrx_word' id='word_1_245' title='bbox 742 2140 834 2185; x_wconf 84' lang='grc' dir='ltr'>ποῦ</span> <span class='ocrx_word' id='word_1_246' title='bbox 872 2133 966 2200; x_wconf 79' lang='grc' dir='ltr'>γὰρ</span> <span class='ocrx_word' id='word_1_247' title='bbox 1005 2135 1129 2188; x_wconf 80' lang='grc' dir='ltr'>ὅλως</span> <span class='ocrx_word' id='word_1_248' title='bbox 1167 2134 1476 2202; x_wconf 82' lang='grc' dir='ltr'>ἐπτώχευσεν,</span> <span class='ocrx_word' id='word_1_249' title='bbox 1515 2139 1552 2185; x_wconf 80' lang='grc' dir='ltr'>εἰ</span> <span class='ocrx_word' id='word_1_250' title='bbox 1590 2135 1655 2199; x_wconf 88' lang='grc' dir='ltr'>μὴ</span> <span class='ocrx_word' id='word_1_251' title='bbox 1693 2136 1858 2202; x_wconf 86' lang='grc' dir='ltr'>γέγονε</span> 
     </span>
     <span class='ocr_line' id='line_1_34' title="bbox 276 2215 1856 2281; baseline 0.003 -17"><span class='ocrx_word' id='word_1_252' title='bbox 276 2216 386 2265; x_wconf 90' lang='grc' dir='ltr'>καθ’</span> <span class='ocrx_word' id='word_1_253' title='bbox 416 2216 550 2279; x_wconf 80' lang='grc' dir='ltr'>ἡμᾶς,</span> <span class='ocrx_word' id='word_1_254' title='bbox 577 2215 821 2266; x_wconf 91' lang='grc' dir='ltr'>τουτέστιν</span> <span class='ocrx_word' id='word_1_255' title='bbox 850 2217 1097 2281; x_wconf 79' lang='grc' dir='ltr'>ἅνθρωπος</span> <span class='ocrx_word' id='word_1_256' title='bbox 1122 2216 1240 2280; x_wconf 79' lang='grc' dir='ltr'>μετὰ</span> <span class='ocrx_word' id='word_1_257' title='bbox 1266 2221 1348 2267; x_wconf 87' lang='grc' dir='ltr'>τοῦ</span> <span class='ocrx_word' id='word_1_258' title='bbox 1373 2221 1524 2280; x_wconf 84' lang='grc' dir='ltr'>μεῖναι</span> <span class='ocrx_word' id='word_1_259' title='bbox 1545 2218 1696 2277; x_wconf 87' lang='grc' dir='ltr'>Θεός;</span> <span class='ocrx_word' id='word_1_260' title='bbox 1736 2219 1856 2269; x_wconf 78' lang='grc' dir='ltr'>οὕτω</span> 
     </span>
     <span class='ocr_line' id='line_1_35' title="bbox 276 2297 1857 2365; baseline 0.003 -20"><span class='ocrx_word' id='word_1_261' title='bbox 276 2300 464 2361; x_wconf 80' lang='grc' dir='ltr'>φρονεῖν</span> <span class='ocrx_word' id='word_1_262' title='bbox 490 2297 609 2360; x_wconf 82' lang='grc' dir='ltr'>ἡμᾶς</span> <span class='ocrx_word' id='word_1_263' title='bbox 636 2298 899 2348; x_wconf 88' lang='grc' dir='ltr'>ἀναπείθων</span> <span class='ocrx_word' id='word_1_264' title='bbox 926 2299 950 2348; x_wconf 86' lang='grc' dir='ltr'>ὁ</span> <span class='ocrx_word' id='word_1_265' title='bbox 977 2297 1228 2352; x_wconf 75' lang='grc' dir='ltr'>θεσπέσιος</span> <span class='ocrx_word' id='word_1_266' title='bbox 1257 2302 1452 2352; x_wconf 83' lang='grc' dir='ltr'>Παῦλος</span> <span class='ocrx_word' id='word_1_267' title='bbox 1477 2298 1857 2365; x_wconf 89' lang='grc' dir='ltr'>προσεπήνεγκεν</span> 
     </span>
     <span class='ocr_line' id='line_1_36' title="bbox 274 2377 1856 2441; baseline 0.003 -15"><span class='ocrx_word' id='word_1_268' title='bbox 274 2377 538 2441; x_wconf 87' lang='grc' dir='ltr'>ἀναγκαίως</span> <span class='ocrx_word' id='word_1_269' title='bbox 577 2379 630 2429; x_wconf 89' lang='grc' dir='ltr'>τό</span> <span class='ocrx_word' id='word_1_270' title='bbox 658 2383 731 2429; x_wconf 78' lang='grc' dir='ltr'>Δι’</span> <span class='ocrx_word' id='word_1_271' title='bbox 763 2378 807 2430; x_wconf 73' lang='grc' dir='ltr'>οὗ</span> <span class='ocrx_word' id='word_1_272' title='bbox 848 2386 926 2430; x_wconf 69' lang='grc' dir='ltr'>καὶ</span> <span class='ocrx_word' id='word_1_273' title='bbox 967 2378 1061 2434; x_wconf 63' lang='grc' dir='ltr'>τοὶς</span> <span class='ocrx_word' id='word_1_274' title='bbox 1101 2379 1264 2433; x_wconf 59' lang='grc' dir='ltr'>αἰῶνας</span> <span class='ocrx_word' id='word_1_275' title='bbox 1302 2380 1490 2439; x_wconf 79' lang='grc' dir='ltr'>ἐποίησε.</span> <span class='ocrx_word' id='word_1_276' title='bbox 1546 2383 1647 2432; x_wconf 81' lang='grc' dir='ltr'>πῶς</span> <span class='ocrx_word' id='word_1_277' title='bbox 1679 2381 1760 2430; x_wconf 72' lang='grc' dir='ltr'>οὖν</span> <span class='ocrx_word' id='word_1_278' title='bbox 1798 2379 1856 2431; x_wconf 76' lang='grc' dir='ltr'>ἂν</span> 
     </span>
     <span class='ocr_line' id='line_1_37' title="bbox 274 2457 1855 2526; baseline 0.004 -20"><span class='ocrx_word' id='word_1_279' title='bbox 274 2457 453 2521; x_wconf 84' lang='grc' dir='ltr'>γένοιτο</span> <span class='ocrx_word' id='word_1_280' title='bbox 492 2461 566 2509; x_wconf 77' lang='grc' dir='ltr'>καὶ</span> <span class='ocrx_word' id='word_1_281' title='bbox 604 2465 742 2510; x_wconf 85' lang='grc' dir='ltr'>τοῦτο</span> <span class='ocrx_word' id='word_1_282' title='bbox 779 2459 989 2523; x_wconf 80' lang='grc' dir='ltr'>ἀληθε’ς;</span> <span class='ocrx_word' id='word_1_283' title='bbox 1035 2464 1072 2510; x_wconf 83' lang='grc' dir='ltr'>εὶ</span> <span class='ocrx_word' id='word_1_284' title='bbox 1111 2459 1204 2525; x_wconf 77' lang='grc' dir='ltr'>γὰρ</span> <span class='ocrx_word' id='word_1_285' title='bbox 1239 2462 1286 2510; x_wconf 85' lang='grc' dir='ltr'>ἐν</span> <span class='ocrx_word' id='word_1_286' title='bbox 1313 2459 1531 2526; x_wconf 76' lang='grc' dir='ltr'>ἐσχάτοις</span> <span class='ocrx_word' id='word_1_287' title='bbox 1569 2465 1651 2510; x_wconf 79' lang='grc' dir='ltr'>τοῦ</span> <span class='ocrx_word' id='word_1_288' title='bbox 1689 2465 1855 2516; x_wconf 80' lang='grc' dir='ltr'>αἰῶνος</span> 
     </span>
     <span class='ocr_line' id='line_1_38' title="bbox 274 2538 1855 2605; baseline 0.004 -17"><span class='ocrx_word' id='word_1_289' title='bbox 274 2544 447 2604; x_wconf 90' lang='grc' dir='ltr'>καιροῖς</span> <span class='ocrx_word' id='word_1_290' title='bbox 481 2538 663 2590; x_wconf 89' lang='grc' dir='ltr'>τέτοκεν</span> <span class='ocrx_word' id='word_1_291' title='bbox 694 2540 803 2603; x_wconf 85' lang='grc' dir='ltr'>ἡμῖν</span> <span class='ocrx_word' id='word_1_292' title='bbox 830 2541 857 2604; x_wconf 87' lang='grc' dir='ltr'>ἡ</span> <span class='ocrx_word' id='word_1_293' title='bbox 886 2542 999 2605; x_wconf 84' lang='grc' dir='ltr'>ἁγία</span> <span class='ocrx_word' id='word_1_294' title='bbox 1033 2540 1263 2605; x_wconf 84' lang='grc' dir='ltr'>παρθένος</span> <span class='ocrx_word' id='word_1_295' title='bbox 1299 2539 1381 2590; x_wconf 78' lang='grc' dir='ltr'>τὸν</span> <span class='ocrx_word' id='word_1_296' title='bbox 1404 2541 1727 2605; x_wconf 82' lang='grc' dir='ltr'>Ἐμμανουὴλ,</span> <span class='ocrx_word' id='word_1_297' title='bbox 1754 2548 1855 2597; x_wconf 84' lang='grc' dir='ltr'>πῶς</span> 
     </span>
    </p>
   </div>
   <div class='ocr_carea' id='block_1_9' title="bbox 1888 607 1910 645">
    <p class='ocr_par' dir='ltr' id='par_1_9' title="bbox 1888 607 1910 645">
     <span class='ocr_line' id='line_1_39' title="bbox 1888 607 1910 645; baseline 0 0"><span class='ocrx_word' id='word_1_298' title='bbox 1888 607 1910 645; x_wconf 93' lang='grc'>5</span> 
     </span>
    </p>
   </div>
   <div class='ocr_carea' id='block_1_10' title="bbox 1889 1016 1938 1041">
    <p class='ocr_par' dir='ltr' id='par_1_10' title="bbox 1889 1016 1938 1041">
     <span class='ocr_line' id='line_1_40' title="bbox 1889 1016 1938 1041; baseline 0.02 -1"><span class='ocrx_word' id='word_1_299' title='bbox 1889 1016 1938 1041; x_wconf 92' lang='lat'>10</span> 
     </span>
    </p>
   </div>
   <div class='ocr_carea' id='block_1_11' title="bbox 1887 1419 1934 1457">
    <p class='ocr_par' dir='ltr' id='par_1_11' title="bbox 1887 1419 1934 1457">
     <span class='ocr_line' id='line_1_41' title="bbox 1887 1419 1934 1457; baseline 0 0"><span class='ocrx_word' id='word_1_300' title='bbox 1887 1419 1934 1457; x_wconf 91' lang='lat'>15</span> 
     </span>
    </p>
   </div>
   <div class='ocr_carea' id='block_1_12' title="bbox 1882 1833 1932 1858">
    <p class='ocr_par' dir='ltr' id='par_1_12' title="bbox 1882 1833 1932 1858">
     <span class='ocr_line' id='line_1_42' title="bbox 1882 1833 1932 1858; baseline 0 0"><span class='ocrx_word' id='word_1_301' title='bbox 1882 1833 1932 1858; x_wconf 90' lang='lat'>20</span> 
     </span>
    </p>
   </div>
   <div class='ocr_carea' id='block_1_13' title="bbox 275 2616 1924 2689">
    <p class='ocr_par' dir='ltr' id='par_1_13' title="bbox 275 2616 1924 2689">
     <span class='ocr_line' id='line_1_43' title="bbox 275 2616 1924 2689; baseline 0.002 -20"><span class='ocrx_word' id='word_1_302' title='bbox 275 2616 331 2669; x_wconf 59' lang='grc' dir='ltr'>δι’</span> <span class='ocrx_word' id='word_1_303' title='bbox 360 2621 502 2670; x_wconf 80' lang='grc' dir='ltr'>αὐτοῦ</span> <span class='ocrx_word' id='word_1_304' title='bbox 528 2619 623 2676; x_wconf 60' lang='grc' dir='ltr'>τοὶς</span> <span class='ocrx_word' id='word_1_305' title='bbox 652 2622 813 2676; x_wconf 73' lang='grc' dir='ltr'>αἱῶνοις</span> <span class='ocrx_word' id='word_1_306' title='bbox 839 2622 1130 2685; x_wconf 81' lang='grc' dir='ltr'>πεποιῆσθαί</span> <span class='ocrx_word' id='word_1_307' title='bbox 1158 2625 1312 2689; x_wconf 87' lang='grc' dir='ltr'>φησι;</span> <span class='ocrx_word' id='word_1_308' title='bbox 1354 2624 1429 2671; x_wconf 85' lang='grc' dir='ltr'>καὶ</span> <span class='ocrx_word' id='word_1_309' title='bbox 1453 2621 1586 2685; x_wconf 85' lang='grc' dir='ltr'>μοίλα</span> <span class='ocrx_word' id='word_1_310' title='bbox 1612 2623 1774 2688; x_wconf 81' lang='grc' dir='ltr'>ὀρθῶς.</span> <span class='ocrx_word' id='word_1_311' title='bbox 1828 2625 1853 2675; x_wconf 85' lang='grc' dir='ltr'>ὁ</span> <span class='ocrx_word' id='word_1_312' title='bbox 1873 2648 1924 2684; x_wconf 83' lang='lat'>30</span> 
     </span>
    </p>
   </div>
   <div class='ocr_carea' id='block_1_14' title="bbox 274 2700 1850 2771">
    <p class='ocr_par' dir='ltr' id='par_1_14' title="bbox 274 2700 1850 2771">
     <span class='ocr_line' id='line_1_44' title="bbox 274 2700 1850 2771; baseline 0.004 -21"><span class='ocrx_word' id='word_1_313' title='bbox 274 2700 367 2766; x_wconf 78' lang='grc' dir='ltr'>γὰρ</span> <span class='ocrx_word' id='word_1_314' title='bbox 391 2702 440 2751; x_wconf 85' lang='grc' dir='ltr'>ἐκ</span> <span class='ocrx_word' id='word_1_315' title='bbox 467 2705 589 2753; x_wconf 84' lang='grc' dir='ltr'>Θεοῦ</span> <span class='ocrx_word' id='word_1_316' title='bbox 617 2701 806 2768; x_wconf 83' lang='grc' dir='ltr'>Πατρὸς</span> <span class='ocrx_word' id='word_1_317' title='bbox 826 2701 981 2768; x_wconf 87' lang='grc' dir='ltr'>Λόγος</span> <span class='ocrx_word' id='word_1_318' title='bbox 1008 2704 1032 2753; x_wconf 89' lang='grc' dir='ltr'>ὁ</span> <span class='ocrx_word' id='word_1_319' title='bbox 1059 2701 1152 2768; x_wconf 83' lang='grc' dir='ltr'>πρὸ</span> <span class='ocrx_word' id='word_1_320' title='bbox 1178 2701 1354 2755; x_wconf 81' lang='grc' dir='ltr'>παντὸς</span> <span class='ocrx_word' id='word_1_321' title='bbox 1380 2706 1545 2757; x_wconf 80' lang='grc' dir='ltr'>αἰῶνος</span> <span class='ocrx_word' id='word_1_322' title='bbox 1575 2706 1649 2754; x_wconf 77' lang='grc' dir='ltr'>καὶ</span> <span class='ocrx_word' id='word_1_323' title='bbox 1676 2704 1850 2771; x_wconf 84' lang='grc' dir='ltr'>χρόνου</span> 
     </span>
    </p>
   </div>
   <div class='ocr_carea' id='block_1_15' title="bbox 276 2832 1851 2925">
    <p class='ocr_par' dir='ltr' id='par_1_15' title="bbox 276 2832 1851 2925">
     <span class='ocr_line' id='line_1_45' title="bbox 325 2832 1851 2879; baseline 0.003 -13"><span class='ocrx_word' id='word_1_324' title='bbox 325 2844 377 2874; x_wconf 83' lang='lat'>14.</span> <span class='ocrx_word' id='word_1_325' title='bbox 403 2833 663 2877; x_wconf 80' lang='grc' dir='ltr'>προστάσσεται</span> <span class='ocrx_word' id='word_1_326' title='bbox 682 2832 846 2868; x_wconf 82' lang='lat' dir='ltr'>mendose</span> <span class='ocrx_word' id='word_1_327' title='bbox 866 2832 924 2867; x_wconf 90' lang='lat' dir='ltr'>Cr.</span> <span class='ocrx_word' id='word_1_328' title='bbox 1202 2843 1256 2867; x_wconf 86' lang='lat'>20.</span> <span class='ocrx_word' id='word_1_329' title='bbox 1281 2832 1407 2878; x_wconf 80' lang='grc' dir='ltr'>κηρύξῃ</span> <span class='ocrx_word' id='word_1_330' title='bbox 1426 2845 1604 2879; x_wconf 81' lang='lat' dir='ltr'><strong>perperam</strong></span> <span class='ocrx_word' id='word_1_331' title='bbox 1626 2836 1773 2869; x_wconf 82' lang='lat' dir='ltr'>correxit</span> <span class='ocrx_word' id='word_1_332' title='bbox 1792 2834 1851 2870; x_wconf 89' lang='lat' dir='ltr'>Cr.</span> 
     </span>
     <span class='ocr_line' id='line_1_46' title="bbox 276 2879 641 2925; baseline 0.005 -13"><span class='ocrx_word' id='word_1_333' title='bbox 276 2889 330 2923; x_wconf 74' lang='lat'>23.</span> <span class='ocrx_word' id='word_1_334' title='bbox 355 2881 564 2925; x_wconf 83' lang='grc' dir='ltr'>κληρονόμον</span> <span class='ocrx_word' id='word_1_335' title='bbox 583 2879 641 2914; x_wconf 87' lang='lat' dir='ltr'>Cr.</span> 
     </span>
    </p>
   </div>
  </div>
 </body>
</html>
