2012 3272
511 145 750 186 CONTRA
795 145 950 186 SYNO
959 146 995 186 U
1002 147 1255 190 SIASTAS.
1591 154 1669 193 1181

90 257 116 280 ‘⁶
142 251 241 304 τίας
279 252 362 302 οὐκ
400 252 683 317 ηὐδόκησας,
710 258 854 318 σῶμα
890 253 938 305 δὲ
966 257 1236 322 κατηρτίσω
1266 275 1359 320 μοι·
1400 257 1506 309 τότε
1544 258 1675 311 εἶπον

88 338 115 360 “
141 330 262 382 Ἰδοὺ
288 333 401 397 ἥκω·
443 335 491 384 ἐν
518 336 739 404 κεφαλίδι
770 335 968 397 βιβλίου
995 337 1257 403 γέγραπται
1283 341 1389 404 περὶ
1416 341 1548 402 ἐμοῦ·
1593 347 1676 392 τοῦ

86 421 113 443 “
136 416 334 477 ποιῆσαι
373 416 398 465 ὁ
442 415 564 469 Θεὸς
602 416 656 466 τὸ
699 416 885 481 θέλημά
923 440 1015 469 σου
1060 419 1372 485 ε’βουλήθην.”
1419 423 1585 473 οὐκοῦν
1629 426 1676 473 αἱ

85 495 244 546 θυσίαι
268 495 353 559 μὲν
378 495 505 560 ἦσαν
532 502 579 549 αἱ
611 498 732 549 κατά
764 522 819 565 γε
855 502 977 567 φημὶ
1008 499 1091 551 τὸν
1120 501 1367 557 Μωύσεως
1396 503 1539 568 νόμον
1565 507 1671 555 ἀνε-

45 591 66 629 5
85 575 273 641 θέλητοι
306 577 391 641 μὲν
418 581 484 648 τῷ
511 582 682 646 Πατρῖ,
705 581 863 647 αἱρετὴ
899 581 947 632 δὲ
983 587 1175 645 μᾶλλον
1201 584 1228 647 ἡ
1255 589 1337 635 τοῦ
1362 583 1524 651 Λόγου
1548 586 1674 653 σάρ-

86 682 229 713 κωσις
268 659 415 726 ἤγουν
453 662 822 728 ἐνανθρώπησις,
851 662 932 714 ἅτε
971 663 1028 728 δὴ
1068 664 1153 728 τὴν
1180 665 1256 716 διὰ
1294 668 1500 722 πίστεως
1538 669 1677 736 χάριν

85 741 417 807 εἶσκομίζουσα
444 749 540 798 τοῖς
561 745 634 795 ὑπ’
657 744 870 810 οὐρανὸν,
891 748 1251 813 φιλανθρωπίας
1277 771 1326 800 τε
1355 754 1430 800 καὶ
1451 750 1677 816 ἡμερότη-

86 846 165 877 τος
192 827 476 890 θεοπρεποῦς
516 828 591 876 καὶ
630 827 1021 892 τεθαυμασμένην
1046 829 1324 894 ποιουμένης
1350 830 1436 895 τὴν
1462 832 1673 900 ἔνδειξιν.

85 910 219 956 ποῖον
246 904 302 956 ἂν
327 905 424 974 ε”χοι
448 905 596 973 λόγον
621 908 676 958 τὸ
703 908 849 977 φάναι
888 915 1072 973 τολμᾶν
1108 913 1171 965 ὡς
1209 912 1489 977 ἀπόβλητον
1514 914 1674 978 ἐποιή-

18 1007 67 1034 10
86 1009 221 1050 σατο,
249 987 460 1055 καθάπερ
496 989 617 1058 ἔφην
643 991 826 1056 ἀρτίως,
852 990 938 1056 τὴν
965 994 1087 1043 οὕτω
1122 992 1307 1057 σεπτὴν
1334 996 1408 1045 καὶ
1442 996 1679 1062 σωτήριον

86 1070 364 1133 οἰκονομίαν,
393 1070 519 1137 ε’ίπερ
550 1073 681 1122 ἐστὶν
707 1071 881 1136 ἀληθὲς
920 1075 981 1128 ὡς
1020 1076 1218 1126 ἀπέθετο
1256 1082 1341 1127 τοῦ
1381 1075 1495 1128 εἶναι
1534 1078 1678 1148 σὰρξ,

84 1151 372 1213 μεταβαλὼν
397 1151 541 1217 αὐτὴν
567 1157 629 1207 εἷς
656 1153 807 1220 φύσιν
834 1154 1066 1220 θεότητος,
1094 1158 1242 1208 καίτοι
1272 1158 1513 1228 γέγραφεν
1540 1161 1674 1227 ἐναρ-

86 1236 181 1296 γῶς
221 1234 246 1283 ὁ
284 1232 537 1302 πάνσοφος
578 1239 775 1290 Παῦλος
815 1239 921 1304 περὶ
965 1244 1048 1289 τοῦ
1093 1239 1229 1304 ἁγίου
1275 1240 1498 1303 σώματος
1537 1243 1679 1293 αὐτοῦ

89 1320 115 1342 “
140 1314 226 1364 Ἐν
270 1312 307 1383 ᾧ
352 1315 446 1382 γὰρ
491 1316 724 1369 πέπονθεν
774 1317 913 1373 αὐτὸς
957 1319 1149 1371 δύναται
1194 1326 1291 1375 τοῖς
1335 1323 1678 1389 πειραζομένοις
1697 1339 1901 1371 Heb-ii-18-

20 1419 67 1456 15
89 1401 115 1423 “
140 1398 426 1460 βοηθῆσαι.”
467 1401 505 1448 εἰ
533 1398 581 1449 δὲ
607 1397 660 1450 τὸ
695 1401 743 1449 ἐν
770 1398 807 1469 ᾧ
841 1401 1073 1452 πέπονθεν
1099 1402 1430 1469 ἀναιρήσομεν,
1457 1406 1680 1474 συνοιχή-

87 1499 221 1527 σεται
249 1477 437 1532 πάντως
461 1481 589 1549 αὐτῷ
623 1483 698 1531 καὶ
722 1484 804 1545 τῆς
829 1483 1046 1547 δοθείσης
1073 1484 1182 1547 ἡμῖν
1217 1486 1479 1552 ἐπικουρίας
1514 1488 1538 1537 ὁ
1573 1488 1679 1553 τρό-

85 1577 191 1612 πος·
235 1558 289 1610 τὸ
333 1559 427 1626 γὰρ
466 1561 730 1631 μεταφύναι
768 1562 853 1626 τὴν
886 1563 1047 1631 σάρκα
1085 1566 1240 1631 λέγειν
1276 1571 1339 1621 εἷς
1377 1569 1544 1619 οὐσίαν
1578 1569 1679 1620 θεό-

85 1661 238 1704 τητος,
265 1642 580 1707 ἀναιρούντων
604 1644 736 1695 ε”ο-τιν
772 1646 914 1709 αὐτῆς
946 1646 1000 1696 τὸ
1036 1645 1150 1698 εἶναι
1189 1648 1213 1698 ὅ
1255 1650 1400 1712 ἐστιν,
1429 1650 1482 1700 οῦ
1517 1674 1673 1717 παρα-

87 1721 331 1789 δεχθέντος
354 1728 416 1778 εἷς
437 1723 674 1789 ἀλήθειαν,
696 1728 800 1777 οὔτε
821 1727 955 1797 σὰρξ
972 1728 1037 1779 ε”τι
1065 1731 1200 1781 νοοῖτ’
1224 1728 1282 1780 ἂν
1307 1729 1336 1795 ἢ
1363 1732 1564 1797 λε’γοιτο,
1582 1735 1679 1784 ἐπεὶ

21 1825 69 1850 20
87 1804 136 1854 τί
167 1804 220 1855 τὸ
258 1808 418 1872 χρῆμα
455 1809 537 1870 τῆς
579 1811 864 1873 μεταβολῆς,
901 1815 938 1860 εὶ
975 1812 1230 1875 μεμένηκεν
1268 1812 1383 1879 ὅπερ
1423 1812 1511 1877 ἧν,
1567 1816 1680 1866 ποία

86 1886 240 1937 τοίνυν
265 1886 429 1951 ὄνησις
454 1893 549 1942 τοῖς
580 1889 817 1956 ἡμετέροις
853 1891 1091 1956 σώμασιν,
1119 1893 1148 1959 ἣ
1188 1894 1282 1946 ἀπό
1315 1918 1367 1960 γε
1407 1901 1490 1946 τοῦ
1531 1919 1674 1958 μετα-

86 1973 222 2035 σχεῖν
247 1972 328 2032 τῆς
354 1974 586 2035 μυστικῆς
622 1974 698 2023 καὶ
725 1974 861 2038 ἁγίας
888 1976 1185 2043 δωροφορίας
1208 1998 1220 2038 ;
1264 1975 1293 2042 ἢ
1322 1978 1371 2027 τί
1391 1977 1445 2028 τὸ
1472 1979 1681 2029 ἐντεῦθεν

85 2049 353 2116 χρήσιμον;
394 2056 431 2103 εἰ
457 2051 551 2119 γὰρ
578 2054 926 2117 μεταπλάττειν
951 2056 1120 2120 ἤθελεν
1145 2057 1290 2122 αὐτὴν
1317 2062 1380 2112 εἷς
1405 2059 1491 2123 τὴν
1516 2060 1680 2110 ἑαυτοῦ

87 2131 236 2198 φύσιν
263 2133 287 2183 ὁ
316 2135 500 2188 ἑνωθεῖς
526 2137 643 2203 αὐτῇ
666 2135 837 2202 Λόγος,
859 2138 964 2188 ἀνθ’
995 2138 1104 2190 ὅτου
1127 2138 1245 2205 πρὸς
1273 2140 1393 2203 ἡμᾶς
1419 2141 1680 2207 εὑρίσκεται

20 2225 67 2263 25
87 2211 245 2277 λέγων
273 2221 300 2243 “
325 2216 456 2280 Ἐγώ
479 2218 569 2279 εἰμι
596 2218 620 2266 ὀ
652 2217 792 2284 ἄρτος
819 2222 900 2282 τῆς
926 2219 1044 2285 ζωῆς
1070 2221 1095 2270 ὁ
1121 2222 1171 2270 ἐκ
1197 2227 1281 2271 τοῦ
1305 2223 1502 2287 οὐρανοῦ
1529 2244 1672 2273 κατα·
1696 2234 1842 2306 Ξέὖολη-
1858 2234 1900 2266 vi.

87 2301 114 2323 “
140 2294 232 2355 βὰς
271 2297 346 2346 καὶ
381 2296 501 2362 ζωὴν
535 2297 690 2352 διδοὺς
731 2301 797 2368 τῷ
838 2299 1019 2369 κόσμῳ,
1047 2303 1121 2351 καὶ
1160 2302 1185 2351 ὁ
1228 2302 1368 2368 ἄρτος
1409 2302 1456 2353 δὲ
1495 2301 1547 2353 ὃν
1586 2303 1678 2368 ἐγὼ
1696 2287 1815 2360 fbf&

88 2382 115 2405 ‘⁶
141 2377 282 2427 δώσω
328 2378 356 2442 ἡ
402 2378 536 2448 σάρξ
577 2402 668 2443 μου
713 2382 843 2432 ἐστὶν
884 2380 942 2445 ἣν
986 2381 1077 2448 ἐγὼ
1122 2382 1264 2434 δώσω
1310 2384 1424 2450 ὑπὲρ
1469 2387 1552 2448 τῆς
1596 2390 1679 2436 τοῦ

87 2465 113 2488 “
141 2458 325 2523 κόσμου
368 2459 526 2526 ζωῆς,”
567 2464 643 2513 καὶ
681 2461 830 2514 πάλιν
874 2472 900 2494 “
924 2464 987 2514 ‘O
1027 2465 1223 2531 τρώγων
1261 2489 1352 2529 μου
1399 2466 1483 2529 τὴν
1521 2465 1680 2534 σάρκα
1698 2482 1814 2522 Ib-56-

87 2547 114 2570 ‘⁶
139 2543 213 2591 καὶ
255 2541 405 2593 πίνων
448 2566 540 2606 μου
585 2543 640 2594 τὸ
685 2544 800 2608 αἷμα
844 2546 893 2596 ἐν
936 2547 1036 2609 ἐμοὶ
1081 2547 1206 2610 με’νει
1252 2547 1383 2613 κάγὼ
1426 2550 1472 2598 ἐν
1513 2547 1677 2618 αὐτῲ.”

20 2648 69 2683 30
87 2622 253 2673 οὐκοῦν
277 2627 315 2673 εἱ
340 2626 743 2693 μεταπεφοίτηκεν
769 2627 796 2690 ἡ
831 2626 966 2696 σὰρξ
997 2632 1060 2682 εἰς
1092 2627 1205 2695 ὅπερ
1233 2630 1316 2679 οὐκ
1348 2628 1419 2693 ἧν,
1443 2634 1538 2683 τοῖς
1567 2630 1681 2696 ὑπὲρ

138 2774 168 2797 Ι.
194 2764 380 2808 εὐδόκησας
397 2765 432 2799 b.
602 2780 632 2809 4.
661 2768 828 2804 Μωυσέος
845 2769 881 2803 b.
1049 2770 1081 2805 6.
1108 2770 1228 2816 ἤγουν]
1252 2775 1289 2813 -Ι-
1311 2771 1329 2815 ἡ
1348 2771 1383 2807 b,
1552 2782 1582 2816 7.
1610 2775 1681 2807 τοῖς

88 2810 280 2845 emendavi.
299 2812 436 2845 favente
454 2818 486 2846 et
502 2812 587 2847 Maii
606 2815 774 2849 versione.
792 2815 897 2860 rr‘ys(?)
917 2815 984 2850 b.c.
1128 2829 1160 2860 9.
1179 2819 1249 2863 ἕχει
1268 2830 1297 2852 c.
1447 2829 1498 2852 10.
1517 2818 1680 2862 ἁμαρτίας

90 2856 169 2899 (sie)
189 2869 251 2900 pro
269 2857 390 2901 ἀρτίως
408 2870 437 2892 c.
640 2872 692 2894 11.
718 2861 860 2906 ἀληθὲδ]
879 2862 947 2897 inc.
966 2862 989 2897 b
1006 2863 1065 2897 fol.
1090 2875 1141 2898 10.
1326 2875 1378 2908 13.
1403 2864 1599 2899 ἀπόστολος
1618 2877 1680 2908 pro

89 2903 274 2946 πιὶνσοφος
291 2916 321 2938 c.
484 2914 536 2950 15.
563 2906 604 2940 ἂν
621 2919 683 2950 pro
701 2908 729 2940 εἷ
747 2908 781 2941 δέ
801 2920 830 2941 c.
974 2909 1204 2954 συνηχήσεται
1225 2910 1304 2954 (Sic)
1325 2911 1360 2944 b.
1502 2922 1551 2954 11).
1579 2911 1678 2944 vnolr’

91 2947 147 2992 ἂν]
168 2951 239 2982 νουῖ
256 2965 306 2984 τις
321 2950 361 2984 ἂν
380 2962 408 2985 C.
539 2964 592 2997 23.
619 2952 806 2999 χρήσιμον]
827 2956 941 2999 χρῆμα
959 2957 1011 2989 καὶ
1030 2956 1201 3001 χρήσιμον
1220 2969 1248 2990 C.
1380 2956 1432 2990 26.
1462 2957 1495 2989 δὲ
1514 2969 1582 2991 011]-
1602 2969 1631 2991 C,

150 3007 240 3035 γορ.
267 3009 331 3034 111.
852 3015 874 3054 3
901 3015 928 3050 Q
