2012 3272
126 145 151 185 i.
171 159 208 199 9.
444 145 512 185 IN
551 144 896 186 EPISTOLAM
938 145 1020 185 AD
1061 145 1391 187 HEBRAEOS.
1627 150 1709 190 377

1762 221 1821 243 110
1839 213 1886 244 M.

125 253 277 316 με’νον·
317 254 461 307 ὕθλος
480 254 533 325 ,δὲ
566 258 633 323 τῷ
659 256 780 305 οὕτω
809 258 1062 321 φρονοῦντι
1102 256 1164 309 ὡς
1203 254 1279 306 διὰ
1317 259 1517 306 πολλῶν
1543 214 1740 307 ἀποδε’-[
1905 212 1918 254 ]

126 337 299 386 δεικται
337 334 509 401 λόγων·
562 336 616 386 οὐ
654 335 748 402 γὰρ
787 336 1034 401 ἄνθρωπος
1072 337 1181 400 ἡμῖν
1219 336 1444 402 ἐγεννήθη
1490 336 1642 391 κοινὸς
1681 337 1710 402 ἢ

125 419 208 480 τῆς
240 416 359 483 πρὸς
385 416 510 468 Θεὸν
536 416 750 483 ἑνότητος
784 418 1078 486 ἐψιλωμένος
1103 418 1178 469 ἵνα
1204 441 1272 472 τις
1298 419 1429 483 λε’γοι
1469 418 1589 470 κατὰ
1628 418 1712 470 τὸν

124 499 309 550 ἐκείνων
336 498 483 566 λόγον
508 500 852 566 προεγνωκέναι
885 502 990 566 περὶ
1025 501 1167 551 αὐτοῦ
1192 498 1275 550 τὸν
1302 504 1395 550 τῶν
1432 500 1559 550 ὅλων
1586 499 1712 552 Θεὸν

83 598 105 637 5
125 581 186 634 ὡς
210 579 431 646 ἠγάπησε
464 581 764 646 δικαιοσύνην
791 583 864 632 καὶ
892 582 1121 646 ἐμίσησεν
1147 583 1345 646 ἀνομίαν
1372 584 1432 635 ὡς
1460 581 1554 633 ἀπὸ
1581 583 1708 648 γνώ-

123 684 214 725 μης
253 663 369 717 ἰδίας
407 687 456 714 τε
494 666 570 714 καὶ
601 662 762 727 μόνης·
817 664 964 714 καίτοι
993 664 1079 728 τὴν
1107 669 1190 714 τοῦ
1226 664 1508 732 ψάλλοντος
1549 664 1714 731 φωνὴν

123 742 473 810 ἐφαρμόσωμεν
511 743 569 796 ἂν
595 744 781 799 εἰκότως
815 747 863 796 ἐν
889 747 1157 815 ἀνθρωπεία
1183 749 1346 814 μορφῇ
1383 745 1614 814 πεφηνότι
1645 750 1712 814 τῷ

127 825 401 891 Μονογένει,
429 828 504 877 καὶ
533 832 633 881 ταῖς
660 826 869 878 (Ησαίου
906 830 1011 893 περὶ
1046 828 1188 879 αὐτοῦ
1213 828 1520 894 προφητείαις
1544 827 1712 895 ἰσχνὸν

123 906 312 961 ε’νιὲντες
337 907 420 959 τὸν
447 914 571 959 νοῦν·
614 909 705 979 ἔφη
731 909 825 976 γὰρ
852 907 939 960 ῶδε
967 917 992 939 “
1012 909 1134 961 Ἰδοὺ
1155 910 1182 973 ἡ
1202 909 1434 975 παρθένος
1461 911 1509 959 ἐν
1535 911 1708 976 γαστρὶ
1729 927 1783 958 Es.
1800 927 1855 958 vii.
1877 937 1935 965 14—

56 1009 106 1034 10
125 994 152 1018 ‘⁶
175 988 267 1057 ἕξει
305 992 379 1040 καὶ
418 991 599 1059 τέξεται
638 991 735 1042 υἱὸν
761 993 837 1042 καὶ
871 991 1132 1042 καλέσουσι
1168 991 1222 1042 τὸ
1250 990 1398 1054 ὄνομα
1424 992 1567 1042 αὑτοῦ
1592 993 1710 1053 Ἐμ-
1733 971 1781 1002 16.

124 1076 151 1100 ‘⁶
175 1070 404 1136 μανουήλ·
450 1073 682 1139 βούτυρον
707 1074 782 1123 καὶ
809 1071 920 1135 με’λι
947 1073 1150 1141 φάγεται
1174 1076 1285 1140 πρὶν
1312 1071 1340 1137 ὴ
1367 1076 1543 1138 γνῶναι
1569 1071 1712 1123 αὐτὸν

122 1151 205 1217 (ίῆ
239 1154 527 1219 προελέσθαι
557 1154 742 1220 πονηρὰ
783 1154 1020 1223 ἔκλε’ξεται
1061 1154 1115 1206 τὸ
1151 1154 1346 1221 ἀγαθόν.
1403 1154 1519 1205 διότι
1545 1152 1711 1220 πρῖνῆ

123 1242 151 1264 “
175 1240 349 1301 γνῶναι
376 1235 430 1287 τὸ
455 1238 641 1288 παιδίον
661 1236 841 1302 ἀγαθὸν
867 1235 896 1301 ἢ
924 1236 1082 1300 κακὸν,
1103 1239 1287 1289 ἀπειθεῖ
1306 1236 1507 1304 πονηρίᾳ
1532 1241 1615 1286 τοῦ
1639 1237 1712 1286 ε’κ-

123 1324 152 1346 “
178 1316 413 1385 λέξασθαι
440 1318 494 1369 τὸ
517 1317 743 1384 ἀγαθόν.”
785 1318 1013 1384 ἠγάπησέ
1039 1341 1087 1370 τε
1116 1318 1418 1383 δικαιοσύνην
1445 1320 1521 1368 καὶ
1547 1319 1712 1382 ἐμίση-

58 1414 105 1452 15
124 1421 210 1449 σεν
230 1399 411 1450 ἀδικίαν
438 1401 499 1453 ὡς
526 1398 801 1467 αὐτόχρημα
827 1399 1051 1468 ὑπάρχων
1077 1404 1153 1451 καὶ
1180 1401 1451 1464 δικαιοσύνη
1473 1400 1548 1450 καὶ
1569 1399 1707 1453 Θεός“

124 1481 253 1531 οὔπω
291 1480 384 1547 γὰρ
411 1481 519 1549 ε”χον
545 1484 607 1536 ὡς
633 1480 727 1533 ἀπό
751 1505 804 1548 γε
842 1489 925 1533 τοῦ
964 1488 1126 1548 καιροῦ
1163 1482 1217 1533 τὸ
1244 1484 1430 1534 παιδίον
1455 1480 1509 1533 τὸ
1549 1483 1712 1532 εἰδέναι

124 1562 209 1624 μὲν
233 1561 286 1613 τὸ
312 1563 678 1632 κατεψεγμένον,
707 1565 906 1614 ἐπαινεῖν
932 1563 981 1614 δὲ
1016 1563 1070 1615 τὸ
1104 1564 1169 1628 μὴ
1197 1565 1343 1617 οὕτως
1381 1563 1502 1631 ἕχον,
1529 1568 1628 1617 πῶς
1655 1563 1713 1614 ἀν

123 1644 352 1708 ἠπείθησε
389 1646 590 1714 πονηρίᾳ
628 1651 711 1696 τοῦ
749 1645 1037 1714 ἐκλέξασθαι
1075 1645 1131 1697 τὸ
1170 1645 1381 1711 ἀγαθόν;
1425 1648 1536 1696 ἀλλ’
1564 1644 1622 1709 ἧν
1651 1648 1713 1699 ὡς

125 1725 247 1794 ε”φην
286 1727 407 1782 Θεὸς
445 1729 493 1778 ἐν
531 1729 675 1793 σαρκὶ
715 1731 810 1778 τῶν
854 1726 1054 1778 ἐνόντων
1091 1729 1217 1797 αὐτῷ
1262 1732 1481 1795 φυσικῶν
1520 1730 1713 1791 ἀγαθῶν

56 1823 107 1848 20
125 1807 217 1877 ἔξω
243 1809 472 1876 φέρεσθαι
499 1808 564 1872 μὴ
591 1807 857 1872 δυνάμενος.
905 1811 980 1859 καὶ
1006 1810 1088 1860 οὐκ
1115 1810 1289 1861 ἐπαινῶ
1314 1809 1398 1873 μὲν
1424 1808 1449 1860 ὃ
1475 1809 1714 1873 βούλομαι

125 1888 294 1955 λέγειν,
326 1890 468 1958 ε’χέτω
499 1889 549 1941 δὲ
587 1895 625 1942 εἰ
664 1894 792 1942 δοκεῖ
827 1890 946 1941 κατὰ
985 1889 1068 1942 τὸν
1105 1896 1200 1942 τῶν
1238 1890 1523 1955 ἐμπλήκτων
1563 1890 1714 1956 λόγον

125 1974 202 2022 καὶ
244 1973 364 2023 ἰδίαν
401 1972 570 2039 ἀρετὴν
605 1974 629 2023 ὁ
670 1971 936 2036 καταμόνας
977 1974 1035 2040 τῇ
1081 1972 1200 2024 κατὰ
1243 1972 1507 2040 πρόσωπον
1548 1972 1714 2023 ἑνώσει

125 2054 438 2118 τετιμημένος.
510 2053 641 2119 πλὴν
685 2056 827 2105 ἐκεῖνο
880 2053 1121 2119 λεγόντων
1165 2054 1394 2121 ἐρήσομαι
1435 2056 1524 2106 Ἐκ
1564 2056 1714 2106 ποίων

127 2135 219 2198 ἄρα
257 2135 636 2202 κατορθωμάτων
671 2142 901 2190 τοσοῦτος
935 2136 1069 2187 ἔσται
1109 2159 1179 2190 τις
1217 2137 1367 2187 καίτοι
1406 2135 1525 2187 κατὰ
1564 2136 1714 2205 φύσιν

58 2228 106 2267 25
128 2216 375 2283 ἅνθρωπος
402 2216 468 2268 ῶν
494 2220 555 2271 ὡς
582 2220 658 2268 καὶ
686 2218 840 2268 αὐτῶν
866 2222 960 2268 τῶν
987 2219 1121 2268 θείων
1147 2218 1404 2286 ἀξιωθῆναι
1430 2216 1610 2283 θρόνων
1636 2220 1712 2269 καὶ

127 2300 436 2364 συνεδρεῦσαι
476 2298 560 2362 μὲν
601 2302 668 2368 τῷ
710 2302 819 2368 Θεῷ
871 2300 947 2349 καὶ
995 2301 1166 2365 Πατρῖ,
1212 2299 1502 2365 χρηματίσαι
1548 2299 1596 2350 δὲ
1637 2301 1712 2350 καὶ

130 2378 304 2445 Κύριος
330 2381 378 2431 ἐν
403 2379 494 2449 ἴσῳ
514 2382 580 2450 τῶ
607 2379 727 2431 κατὰ
752 2380 916 2448 φύσιν,
937 2382 1010 2430 καὶ
1038 2380 1275 2445 ἀγγέλους
1301 2379 1385 2443 μὲν
1411 2380 1532 2448 ἔχειν
1558 2403 1712 2447 προσ-

128 2460 341 2526 κυνητάς,
367 2462 692 2527 λατρεύουσαν
719 2459 767 2511 δὲ
799 2460 885 2525 τὴν
909 2461 1191 2525 σύμπασαν,
1216 2461 1364 2512 καίτοι
1402 2465 1484 2525 τῆς
1522 2464 1713 2529 γραφῆς

128 2543 367 2608 λεγούσης
409 2550 436 2573 “
459 2542 635 2609 Κύριον
673 2542 756 2594 τὸν
792 2542 917 2593 Θεόν
958 2566 1050 2594 σου
1088 2542 1438 2609 προσκυνήσεις
1476 2546 1552 2594 καὶ
1587 2544 1712 2612 αὐτῷ
1730 2563 1886 2594 S.Matt11.

60 2641 110 2677 30
130 2631 157 2654 ‘⁶
175 2623 303 2694 μόνῳ
335 2624 651 2690 λατρεύσεις,”
685 2630 759 2675 καὶ
793 2624 1080 2692 πρόσφατον
1107 2627 1154 2675 ἐν
1178 2625 1287 2688 ἡμῖν
1313 2625 1396 2675 οὐκ
1420 2624 1571 2689 ἐώσης
1597 2622 1710 2675 εἶναι
1729 2616 1829 2680 ἕξῑξῖ,
1845 2617 1888 2679 ii.

129 2705 249 2757 θεόν.
306 2707 416 2756 ἀλλ’
445 2707 514 2757 ἐπ’
543 2706 684 2757 ἐκεῖνό
715 2729 807 2757 που
838 2706 962 2774 τάχα
988 2709 1272 2772 δραμοῦνται
1297 2706 1352 2756 τὸ
1378 2705 1580 2774 σύνηθες
1606 2707 1705 2756 ἐπι·
1733 2702 1781 2731 13'

180 2870 234 2906 15.
259 2860 320 2907 ὣς]
339 2862 444 2897 verba
464 2862 747 2897 ἀπειθεῖ-ἆδικί-
773 2862 829 2895 hic
854 2862 982 2896 iterum
1007 2861 1148 2896 exhibet
1166 2873 1196 2895 c.
1248 2860 1374 2895 Statim
1393 2861 1590 2904 αὐτόχρημα
1609 2870 1637 2892 c.
1657 2860 1711 2891 τό·

131 2922 244 2952 χρημιι
262 2909 342 2952 (Sic)
363 2908 422 2943 Cr.
662 2920 716 2951 24.
744 2910 890 2943 τοσοῦτο
914 2908 973 2942 Cr.

189 2975 280 3003 VOL.
306 2976 371 3002 ΠΙ.
897 2977 919 3015 3
945 2975 967 3001 c
