1981 3282
125 168 516 195 CONsuns'rAN‘riAms
672 157 740 192 IN
756 156 790 192 D
805 156 835 191 E
848 155 883 191 X

179 283 236 314 tra
251 277 379 313 hostes
392 281 477 325 post
491 275 515 312 J
520 275 669 312 ordanis
685 276 883 312 transitum

179 344 255 378 436
277 354 298 377 a
335 342 567 389 praeparatio
597 341 643 377 ad
672 341 826 383 Pascha,
848 345 884 376 et

177 406 391 454 spiritaliter
408 409 482 442 437
501 419 520 442 c
534 418 553 442 e
580 404 884 443 Circumcisionis

176 471 286 507 cultri
326 471 461 518 lapidei
505 483 589 506 cum
635 470 753 507 Josue
795 482 882 506 con-

177 535 311 583 sepulti
336 534 474 571 Christi
505 541 665 571 mortem
690 534 882 571 circumci-

176 600 289 636 sionis
313 600 474 636 fructum
499 601 715 636 afferentem
740 598 882 648 signifi-

178 670 264 700 cant
287 666 362 701 438
384 677 417 701 c.

123 727 377 771 Circumcisio‚
396 728 571 777 spiritalis
586 732 661 767 322
677 741 707 771 e,
726 732 801 766 323
816 741 837 764 a
848 728 884 771 b,

177 797 253 831 327
269 794 305 836 d,
328 795 404 831 432
419 807 450 835 e,
469 797 560 836 433,
579 796 655 830 868
671 806 689 830 c
703 794 738 837 d,
761 796 839 830 870
853 805 884 838 e,

178 861 252 895 871
269 872 301 900 a,
323 861 422 895 1085
440 859 463 894 (1
502 859 690 907 quomodo
711 863 886 906 operatur

178 925 255 959 436
273 935 302 965 c,
321 926 397 960 437
411 923 435 959 b
466 936 542 959 non
563 924 641 960 sine
662 923 790 959 dolore
807 925 883 960 868

177 988 201 1024 d
240 1000 306 1023 cur
325 987 498 1024 instituta
518 990 590 1025 431
613 1001 632 1024 c
645 988 668 1023 d
681 1000 701 1024 e
741 1000 807 1024 cur
827 988 886 1024 die

177 1059 310 1089 octava
349 1055 424 1089 432
446 1052 554 1095 bed,
595 1055 670 1090 438
695 1065 714 1088 c
729 1053 753 1088 d
808 1052 886 1089 dies

178 1122 332 1153 octavae
360 1117 542 1154 libertatis
571 1117 783 1166 symbolum
809 1120 885 1154 433

177 1194 197 1217 c
210 1181 234 1217 d
247 1194 267 1218 e
296 1181 474 1227 Domino,
492 1182 579 1230 quid
594 1185 669 1218 432
692 1195 713 1218 a
741 1182 887 1218 Perfec-

176 1246 290 1282 tionis
324 1247 466 1282 aditum
497 1247 775 1295 praesignificat
810 1249 885 1284 433

178 1323 198 1347 a
236 1311 480 1347 Perfectionis
509 1312 652 1348 aditum
678 1311 884 1360 praesigni-

178 1376 265 1412 ficat
283 1378 358 1412 433
375 1389 397 1412 a
430 1375 549 1412 Mosis
570 1376 634 1412 filii
654 1388 720 1424 per
742 1376 886 1424 Sepho-

177 1453 270 1484 ram,
285 1440 575 1477 circumcisionis
589 1441 762 1489 spiritalis
775 1446 887 1490 typus

179 1508 255 1542 434
271 1505 320 1542 de
349 1505 470 1553 lapide
484 1510 594 1555 typus
608 1505 766 1552 Christi;
788 1506 887 1542 ferro

178 1569 346 1617 supplicii
390 1575 565 1607 naturam
602 1571 717 1608 habet
754 1573 831 1608 432
853 1583 886 1613 e,

180 1637 256 1671 435
274 1634 310 1675 d,
333 1637 410 1672 436
431 1635 467 1671 b.

124 1697 411 1736 Circumcisioni
479 1698 582 1748 prius
652 1700 887 1749 praeputium

180 1765 254 1800 891
279 1776 312 1800 e.

124 1826 227 1864 Citat
260 1827 308 1863 D.
330 1826 492 1876 Cyrillus
521 1827 887 1866 Commentariorum

178 1892 315 1928 horum
338 1893 473 1929 librum
497 1893 659 1941 primum
681 1896 758 1930 485
775 1907 797 1930 a
842 1894 886 1930 li-

178 1957 287 1993 brum
343 1958 547 1994 secundum
596 1960 672 1995 468
694 1971 726 2000 c,
767 1961 843 1995 469
863 1959 887 1995 b

178 2021 425 2069 capitulorum
469 2022 638 2058 omnium
675 2023 886 2071 apologiam

177 2086 229 2122 iii.
248 2089 324 2123 509
353 2092 545 2123 auctorem
563 2087 602 2123 in
621 2088 807 2136 psalmum
827 2101 887 2125 oc-

178 2156 307 2186 tavum
328 2151 375 2187 iii.
401 2153 492 2188 386.

125 2214 272 2253 Clamat
288 2213 430 2251 Christi
449 2215 695 2252 Divinitatem
717 2215 756 2253 S.
771 2216 888 2253 Joan-

177 2292 244 2316 nes
270 2279 456 2327 Baptista,
479 2281 541 2328 qui
571 2281 695 2317 “Vox
723 2281 885 2318 claman-

178 2343 227 2380 tis
242 2343 263 2357 ''
286 2346 335 2380 97
356 2344 413 2380 bis
433 2357 455 2380 a
469 2345 503 2381 b.

125 2407 275 2445 Clamat
308 2414 461 2457 propter
494 2422 563 2446 nos
595 2408 780 2452 Christus,
814 2410 887 2447 cla-

178 2485 281 2509 mare
301 2486 377 2509 non
398 2473 530 2510 solitus
552 2477 627 2511 448
645 2487 678 2511 a.

126 2535 275 2574 Clamat
295 2537 469 2575 Christus
491 2539 553 2587 qui
584 2541 693 2575 “non
713 2539 888 2576 clamabit

179 2614 248 2637 nec
268 2602 441 2638 audietur
459 2615 535 2639 vox
554 2603 647 2651 Ejus
666 2603 796 2647 foris,''
821 2615 888 2640 cur

182 2667 259 2702 689
277 2678 309 2707 e,
333 2668 409 2703 690
426 2679 457 2702 a.

126 2729 344 2768 claudicare
377 2731 514 2773 animo,
545 2732 698 2769 morbus
728 2746 888 2782 magnus

182 2795 258 2830 688
280 2807 311 2830 a.

128 2862 149 2878 “
171 2857 277 2894 Coeli
314 2870 473 2907 regnum
490 2860 512 2874 ’'

182 2922 283 2959 datio
306 2925 381 2959 474
399 2936 430 2960 e.

560 2860 723 2910 Spiritus
761 2863 888 2900 Sancti

943 156 974 190 R
988 155 1019 191 E
1037 156 1063 190 R
1084 155 1114 191 U
1129 155 1184 191 M.
1641 158 1712 193 621

956 274 1112 311 Coelum
1143 274 1213 321 ad3
1249 275 1390 311 ducunt
1420 275 1488 311 tria
1517 275 1620 317 haec,
1642 277 1716 311 vir-

1008 340 1099 376 tutis
1165 339 1396 382 exercitatio,
1462 341 1568 383 fides,

1011 408 1031 441 7
1038 407 1086 441 68
1109 417 1142 441 a.

956 469 1139 506 Coelestis
1169 475 1206 506 et
1234 469 1372 506 terreni
1402 469 1598 519 imagines,
1624 483 1719 518 quae

1011 537 1083 571 821
1109 535 1146 571 b.

956 598 1151 648 Cognatus
1180 599 1288 636 nobis
1311 600 1483 636 omnibus
1503 613 1569 648 per
1589 600 1717 636 Incar-

1008 665 1198 701 nationem
1220 664 1406 706 Christus,
1430 665 1539 701 bonis
1568 665 1614 700 ad
1643 665 1716 700 uti-

1008 729 1164 772 litatem,
1185 729 1292 765 malis
1311 742 1400 765 vero
1421 742 1494 765 non
1518 732 1595 766 654
1617 729 1674 766 ab
1688 742 1718 776 e,

1010 795 1086 830 665
1109 806 1128 830 c
1141 794 1178 830 d.

956 856 1144 906 Cognatio
1184 870 1293 906 saepe
1332 870 1478 894 morum
1513 857 1719 895 similitudo

1012 925 1088 959 544
1106 923 1140 965 b,
1163 925 1254 965 545,
1277 925 1354 959 897
1373 923 1408 959 b.

956 986 1118 1036 Cognati
1135 987 1218 1030 Dei,
1239 1000 1315 1024 non
1336 988 1435 1030 mali,
1459 988 1523 1023 sed
1544 987 1718 1030 modesti,

1008 1052 1132 1096 mites,
1154 1052 1216 1100 pii,
1239 1052 1310 1088 Dei
1330 1057 1498 1089 amantes
1521 1055 1597 1089 570
1614 1065 1634 1089 c
1647 1053 1683 1088 d.

956 1118 977 1136 “
998 1116 1272 1165 Cognoscimus
1292 1130 1339 1153 ex
1358 1117 1504 1165 parte,''
1534 1117 1600 1153 sed
1620 1123 1720 1154 certe

1011 1183 1089 1218 925
1112 1181 1149 1217 d.

957 1244 1324 1283 Commentariorum

1009 1310 1310 1358 navigationibus
1331 1310 1477 1346 confert
1494 1310 1542 1347 D.
1558 1311 1720 1359 Cyrillus

1012 1377 1088 1411 247
1128 1375 1218 1411 citat
1246 1375 1382 1410 librum
1411 1375 1572 1423 primum
1600 1378 1676 1412 485
1699 1389 1721 1412 a

1011 1439 1100 1475 citat
1146 1440 1284 1475 librum
1331 1440 1537 1476 secundum
1580 1442 1657 1477 468
1688 1453 1719 1487 e,

1012 1506 1088 1541 469
1109 1505 1147 1541 b.

957 1567 1269 1606 communionem
1298 1569 1356 1605 vel
1386 1569 1602 1606 societatem
1634 1582 1720 1606 cum

1010 1634 1092 1670 Deo
1125 1634 1314 1682 quomodo
1348 1634 1554 1671 habeamus
1585 1637 1660 1672 799
1682 1635 1719 1677 d,

1013 1700 1089 1735 800
1111 1699 1183 1735 ab.

958 1762 1235 1811 Comparantur
1259 1763 1404 1808 similia,
1427 1763 1620 1800 dissimilia
1644 1777 1720 1800 non

1010 1828 1062 1864 iii.
1085 1830 1175 1865 372.

960 1898 982 1911 “
1000 1891 1297 1940 Concorporales
1312 1892 1334 1906 ''
1364 1892 1480 1940 (Eph.
1502 1892 1549 1929 iii.
1571 1894 1611 1939 6)
1635 1905 1721 1929 cum

1010 1956 1162 1994 Christo
1191 1970 1257 2006 per
1283 1957 1590 1994 Benedictionem
1616 1971 1720 2006 mys-

1009 2022 1122 2059 ticam
1154 2022 1239 2069 (i.e.
1270 2022 1562 2069 Eucharistiam)
1593 2035 1721 2059 sumus

1011 2088 1087 2123 862
1110 2099 1143 2132 e,
1180 2089 1257 2123 953
1279 2087 1315 2128 d,
1350 2086 1396 2123 cf.
1421 2089 1497 2124 972
1519 2100 1552 2130 c,
1583 2089 1660 2124 998
1683 2088 1719 2131 d,

1012 2154 1102 2193 999,
1124 2150 1166 2187 M
1188 2154 1236 2187 67
1262 2149 1313 2200 [p.
1334 2150 1447 2200 290].

956 2215 1211 2253 Conseruntur
1230 2215 1374 2263 gratiae
1396 2214 1536 2252 Christi
1556 2221 1593 2252 et
1605 2216 1720 2265 Legis

1014 2282 1102 2322 102,
1128 2282 1202 2316 153
1225 2280 1327 2321 cde,
1353 2281 1427 2316 154
1449 2280 1506 2316 ab
1540 2281 1722 2328 sapientia

1011 2344 1152 2382 Christi
1174 2350 1211 2381 et
1231 2343 1350 2380 Mosis
1371 2346 1445 2380 411
1467 2344 1491 2380 b
1505 2357 1536 2381 c.

957 2416 980 2429 “
1001 2409 1193 2447 Confirma
1212 2409 1284 2446 hoc
1298 2410 1401 2446 Deus
1424 2409 1523 2457 quod
1542 2415 1720 2458 operatus

1634 354 1718 389 spes

1383 1258 1535 1281 suorum
1594 1251 1720 1294 partes

1009 2487 1050 2511 es
1082 2475 1121 2511 in
1155 2474 1264 2510 nobis
1278 2474 1299 2488 ’'
1331 2474 1376 2510 de
1405 2486 1561 2522 corpore
1589 2480 1720 2511 nostro

1009 2539 1232 2588 intelligitur
1255 2540 1329 2576 198
1350 2551 1384 2575 a.

957 2602 1196 2641 Conscientia
1251 2603 1298 2640 ad
1355 2603 1572 2640 terrendum
1625 2604 1719 2640 acris

1014 2670 1114 2706 1011
1139 2668 1175 2705 d.

957 2733 1170 2771 Conservos
1202 2745 1272 2768 nos
1303 2737 1472 2768 mutuam
1503 2731 1720 2768 servitutem

1010 2798 1229 2834 erubescere
1249 2810 1325 2833 non
1345 2801 1494 2845 oportet
1515 2798 1591 2832 728
1613 2796 1649 2832 b.

958 2861 1298 2900 Consubstantialis
1341 2865 1511 2897 creatura
1547 2873 1624 2896 non
1662 2865 1720 2896 est

1015 2927 1141 2970 Filius,
1171 2926 1242 2962 nisi
1273 2930 1310 2961 et
1345 2929 1512 2961 creatura
1545 2925 1721 2973 splendor
