1986 3282
120 129 203 172 xix.
230 145 292 188 19.
489 136 562 176 IN
600 136 643 178 S.
679 135 1017 177 JOANNEM.
1071 136 1195 176 LIB.
1221 135 1326 175 XII.
1658 135 1712 173 83

120 240 524 309 συναφθήσεσθαι
563 244 842 307 μελλόντων
880 245 1006 314 αὐτῷ
1047 244 1130 296 δύο
1170 249 1320 306 λαῶν,
1365 245 1486 310 φημὶ
1529 241 1586 306 δὴ
1628 247 1712 292 τοῦ

119 320 177 390 ἐξ
211 320 414 389 Ἰσραὴλ
453 328 528 377 καὶ
567 332 651 378 τοῦ
691 327 748 395 ἐξ
781 329 944 377 ἐθνῶν.
1010 326 1289 392 κατάκριτος
1328 324 1376 376 δὲ
1419 324 1494 375 διὰ
1533 325 1582 374 τί
1617 327 1712 374 τῶν

118 404 343 456 τοιούτων
368 407 393 457 ὀ
420 408 598 470 τύπος;
641 410 894 463 Ἰουδαίους
924 408 1009 473 μὲν
1036 407 1130 475 γὰρ
1168 410 1193 459 ὁ
1231 408 1371 472 νόμος
1407 407 1753 473 κατακρίτουςο

118 485 356 551 ἐδείκνυεν,
376 488 528 558 ε”νοχοι
554 490 647 557 γὰρ
673 490 800 555 ἦσαν
827 495 927 545 ταῖς
953 490 1308 558 παραβάσεσιν,
1327 487 1581 553 σΈλληνας
1608 486 1656 537 δὲ
1684 488 1712 552 ἡ

77 584 99 621 5
118 567 296 634 πλάνη·
338 572 684 639 λελατρεύκασι
711 571 805 639 γὰρ
832 574 889 640 τῇ
916 572 1067 624 κτίσει
1091 572 1222 639 παρὰ
1248 571 1330 623 τὸν
1357 571 1601 622 κτίσαντα.

195 653 290 702 Καὶ
329 653 438 704 καθ’
470 655 626 722 ἕτερον
664 654 712 706 δὲ
754 655 931 722 τρόπον
975 659 1017 706 οἱ
1056 658 1259 723 Χριστῷ
1297 653 1595 717 κολλώμενοι
1638 653 1715 703 καὶ

118 741 499 802 συσταυροῦνται
535 738 724 791 πάντως
764 738 906 807 αὐτῷ·
963 736 1169 789 θάνατον
1207 735 1302 802 γὰρ
1341 733 1508 801 ὥσπερ
1542 732 1627 785 τὸν
1664 735 1714 785 ἐκ

118 818 201 879 τῆς
239 818 438 885 ἀρχαίας
479 820 788 888 ἀναστροφῆς
829 819 1139 883 ὑπομένοντες
1182 817 1302 884 πρὸς
1349 817 1457 868 νεάν
1495 815 1600 867 τινὰ
1638 818 1715 867 καὶ

118 898 427 964 εὐαγγελικὴν
453 902 839 971 ἀναμορφοῦνται
875 900 1013 967 ζωήν.
1069 903 1144 952 καὶ
1179 906 1296 967 γοῦν
1323 901 1348 951 ὁ
1378 903 1577 952 Παῦλος
1602 895 1710 949 ἐ’λε-

51 1005 99 1030 ιο
119 1002 201 1045 γεν
240 984 352 1032 “Οὶ
391 982 440 1033 δὲ
477 989 561 1035 τοῦ
599 983 763 1049 Ἰησοῦ
797 987 1018 1051 Χριστοῦ
1062 982 1148 1048 τὴν
1194 982 1354 1049 σάρκα
1397 980 1713 1048 ἐσταύρωσαν

119 1070 146 1093 “
171 1062 264 1114 σὺν
289 1069 385 1119 τοῖς
415 1065 667 1131 παθήμασι
707 1067 784 1117 καὶ
822 1070 923 1120 ταῖς
953 1066 1256 1131 ἐπιθυμίαις,”
1286 1066 1362 1116 καὶ
1395 1064 1545 1116 πάλιν
1571 1065 1633 1117 ὡς
1665 1064 1712 1113 ἐν
1731 1071 1759 1112 d

117 1150 214 1200 τοῖς
251 1148 356 1198 καθ’
395 1146 560 1199 ἑαυτὸν
598 1150 704 1215 περὶ
741 1147 935 1200 πάντων
974 1148 1151 1214 “Ἐγὼ
1186 1147 1281 1214 γὰρ
1308 1146 1384 1198 διὰ
1412 1145 1557 1210 νόμου
1584 1145 1712 1214 νόμῳ
1775 1151 1935 1226 {gii-19,

119 1234 146 1256 ‘⁶
172 1228 420 1292 ἀπέθανον,
447 1231 522 1280 ἵνα
555 1233 664 1300 Θεῷ
702 1228 844 1296 ζήσω,
872 1231 1074 1299 Χριστῷ
1112 1228 1523 1295 συνεσταύρωμαι,
1564 1225 1624 1293 ζῶ
1664 1226 1713 1277 δὲ
1821 1219 1827 1226 ’

119 1317 145 1340 “
172 1310 321 1361 οὐκέτι
360 1309 466 1377 ἐγὼ,
506 1311 561 1379 ζῇ
603 1311 651 1363 δὲ
691 1314 739 1363 ἐν
779 1313 881 1375 ἐμοὶ
920 1310 1182 1378 Χριστός·”
1237 1308 1513 1362 ἐπιστέλλει
1554 1310 1603 1361 δὲ
1637 1312 1713 1361 καὶ

1775 983 1849 1015 Gal.
1866 995 1896 1016 v.

1778 1037 1830 1068 24·

1775 1390 1843 1422 001.
1857 1390 1889 1422 ii.

51 1413 99 1452 15
117 1390 236 1458 πρός
263 1415 392 1448 τινας
427 1400 453 1422 “
476 1397 534 1445 Εἰ
569 1395 652 1445 οῦν
678 1392 933 1445 ἀπεθάνετε
959 1395 1007 1444 ἐκ
1033 1399 1117 1444 τοῦ
1152 1392 1358 1457 κόσμου,
1387 1393 1437 1443 τί
1459 1394 1521 1447 ὡς
1547 1392 1713 1459 ζῶντες
1777 1443 1827 1465 ⁸0·

119 1481 147 1504 ‘⁴
172 1476 221 1525 ἐν
246 1479 312 1544 τῷ
342 1474 510 1545 κόσμῳ
549 1476 852 1544 χρηματίζετε
871 1475 915 1538 ;”
957 1476 1159 1529 θάνατος
1191 1474 1285 1542 γὰρ
1321 1477 1553 1539 κοσμικῆς
1592 1476 1710 1525 ἀνα-

118 1559 337 1625 στροφῆς
372 1562 434 1612 εἱς
466 1558 616 1626 ἀρχὰς
658 1559 882 1627 ἀναφερει
920 1561 1004 1622 τῆς
1043 1559 1092 1608 ἐν
1118 1561 1321 1627 Χριστῷ
1357 1557 1600 1610 πολιτείας
1639 1558 1716 1608 καὶ

119 1637 251 1704 ζωῆς.
287 1640 453 1691 οὐκοῦν
478 1641 506 1704 ἡ
534 1640 875 1707 συσταύρωσις
901 1644 997 1691 τῶν
1023 1639 1106 1690 δύο
1133 1643 1347 1707 λῃστῶν,
1368 1639 1588 1702 σημαίνει
1614 1661 1717 1692 πως

119 1721 229 1785 ἡμῖν
254 1722 329 1773 διὰ
354 1728 437 1774 τοῦ
464 1722 844 1787 συμβεβηκότος,
873 1727 968 1774 τῶν
995 1721 1078 1773 δύο
1105 1725 1238 1772 λαῶν
1270 1720 1356 1785 τὴν
1387 1719 1715 1787 παράστασιν,

51 1831 101 1858 20
119 1805 565 1874 συντεθνηξομένων
604 1804 768 1872 ὥσπερ
807 1808 874 1875 τῷ
913 1806 1100 1871 Σωτῆρι
1141 1806 1358 1872 Χριστῷ,
1405 1801 1526 1854 κατά
1562 1826 1616 1869 γε
1660 1802 1715 1854 τὸ

119 1885 456 1955 ἀποτάξασθαι
507 1891 756 1952 κοσμικαῖς
808 1887 1008 1952 ἡδοναῖς,
1055 1887 1132 1937 καὶ
1182 1884 1346 1950 μηκέτι
1385 1884 1473 1952 ζῆν
1518 1884 1716 1936 ἑλέσθαι

119 1973 371 2035 σαρκικῶς,
397 1969 735 2037 συζησομένων
762 1968 810 2020 δὲ
847 1973 1040 2033 μᾶλλον
1078 1971 1145 2037 τῷ
1186 1968 1286 2037 Ξδίῷ
1313 1965 1567 2035 Δεσπότῃ,
1596 1965 1715 2017 ὅσον
1733 1992 1755 2019 e

118 2050 228 2115 ἧκεν
254 2055 316 2105 εἷς
340 2051 394 2103 τὸ
430 2053 556 2122 αὐτῷ
592 2050 944 2114 πολιτεύεσθαι,
973 2052 1048 2101 καὶ
1079 2051 1205 2119 αὐτῷ
1239 2048 1325 2113 τὴν
1353 2050 1473 2100 ἰδίαν
1506 2047 1716 2115 ἀναγρά-

119 2136 213 2201 ψαι
248 2132 384 2200 ζωήν.
438 2135 712 2197 λυμαίνεται
750 2132 799 2184 δὲ
838 2132 970 2183 οὐδὲν
995 2136 1054 2200 τῇ
1093 2134 1177 2196 τῆς
1209 2129 1382 2184 εἰκόνος
1420 2128 1624 2194 δυνάμει,
1660 2130 1714 2181 τὸ
1776 2135 1926 2215 53(ὲῦξῦξέ

53 2240 101 2278 25
121 2216 408 2282 κακούργους
442 2214 556 2266 εἶναι
588 2213 696 2269 τοῦς
735 2213 1219 2281 συγκεκρεμαμὲνους·
1266 2220 1293 2242 “
1314 2211 1429 2276 ἦμεν
1455 2211 1549 2279 γὰρ
1575 2213 1715 2264 τέκνα
1776 2203 1939 2263 Ep11.'i‘i.'

121 2304 149 2327 ‘⁶
175 2296 319 2365 φύσει
352 2299 496 2365 ὀργῆς
510 2299 534 2314 ”
571 2296 665 2364 πρὸ
700 2300 782 2361 τῆς
819 2301 881 2350 εἰς
911 2294 1129 2362 Χριστὸν
1158 2295 1378 2358 πίστεως,
1410 2296 1487 2345 καὶ
1526 2294 1715 2366 θανάτῳ
1777 2275 1808 2305 δ’

120 2378 293 2434 πάντες
322 2380 488 2449 ἔνοχοι,
515 2379 728 2447 καθάπερ
754 2379 942 2444 ε’ίπομεν
969 2380 1016 2430 ἐν
1043 2381 1183 2446 ἀρχῇ.

116 2523 310 2580 ''HJ-postve
349 2523 395 2564 δὲ
434 2524 503 2564 καὶ
539 2522 681 2565 τίτλον
713 2523 735 2564 ὁ
770 2523 957 2564 Πιλᾶτος
999 2522 1068 2563 καὶ
1105 2521 1260 2563 ἕθΗκεν
1298 2519 1363 2562 ἐπὶ
1402 2525 1475 2562 τοῦ
1515 2524 1711 2577 σταυροῦ·
1738 2535 1783 2570 19

190 2606 238 2650 ἦν
277 2608 323 2651 δὲ
357 2608 647 2665 ΓεΓραμμένον
697 2607 890 2649 ΙΗΣΟΥ(
945 2607 978 2648 Ο
1026 2605 1321 2648 ΝΑΖΩΡΑΙΟ(
1376 2605 1409 2646 O
1457 2603 1709 2646 ΒΑΣΙΛΕΥΕ

55 2699 104 2735 30
189 2686 303 2727 ΤΩΝ
352 2685 619 2730 ΙΟΥΔΑΙΩΝ.

195 2787 350 2835 Τοῦτο
384 2782 439 2847 δὴ
472 2783 661 2837 πάντως
692 2784 795 2834 ἐστὶ
825 2782 879 2834 τὸ
914 2783 1020 2833 καθ’
1050 2782 1181 2846 ἡμῶν
1221 2777 1607 2849 χειρόγραφον,,ῗ)
1635 2779 1709 2827 καὶ
1729 2791 1937 2829 a1060A.

173 2912 204 2935 2.
233 2901 429 2946 κατάκριτος
448 2900 489 2935 Ε.
509 2901 700 2945 κατάκριτοι
721 2901 787 2935 Ed.
965 2907 996 2944 7.
1023 2900 1141 2944 ὥσπερ
1160 2910 1229 2932 om.
1250 2898 1292 2932 E.
1472 2895 1524 2931 16.
1551 2895 1714 2941 χρηματί-

127 2950 213 2991 ζεται
236 2948 276 2983 E.
295 2947 593 2994 χρηματίζεσθε(ῒ)
614 2948 652 2982 F.
844 2958 900 2992 31.
927 2949 1034 2981 Τοῦτο
1053 2945 1112 2992 δὴ]
1132 2946 1232 2981 Τουτὶ
1252 2945 1286 2979 δέ
1307 2957 1337 2978 a.

886 3015 917 3042 Μ
942 3013 964 3042 2
