2012 3272
85 122 166 162 viii.
189 123 252 163 26.
416 121 483 160 IN
522 120 862 160 EPISTOLAM
900 119 982 159 AD
1021 120 1329 159 ROMANOS.
1583 122 1666 159 219

1706 190 1716 228 s
1733 198 1773 228 30
1792 190 1839 218 M.
1856 189 1869 228 ]

83 240 109 260 ‘⁶
136 231 302 282 Οὕτως
341 229 422 279 οὖν
463 231 588 291 ὑμεῖς
625 229 954 297 προσεύχεσθε
986 228 1146 295 Πάτερ
1174 230 1305 293 ἡμῶν
1332 230 1356 279 ὁ
1383 230 1431 279 ἐν
1463 234 1557 282 τοῖς
1591 229 1667 279 οὐ-
1686 254 1842 284 mmm„

81 322 108 340 ‘⁶
133 316 302 376 ρανοῖς,
328 310 606 376 ἁγιασθήτω
645 312 699 362 τὸ
740 309 887 375 ὄνομά
913 334 1017 373 σου,
1046 311 1222 362 ἐλθέτω
1250 312 1278 374 ἡ
1305 311 1532 372 βασιλεία
1561 333 1666 370 σου,
1686 309 1727 327 ‘³'
1748 310 1777 337 9'
1798 306 1844 327 ιο·

83 402 108 423 “
136 392 377 459 γενηθήτω
415 393 469 443 τὸ
509 392 697 457 θέλημά
732 416 823 444 σου
851 395 912 446 ὡς
939 395 987 443 ἐν
1013 394 1195 462 οὐρανῷ
1222 395 1295 444 καὶ
1324 395 1396 444 ε’πὶ
1423 395 1506 456 τῆς
1533 391 1667 457 γῆς·”

82 477 154 526 καὶ
194 474 289 525 ὅσα
325 474 506 529 τούτοις
544 477 675 526 ἐστὶν
705 476 892 544 ἐφεξῆς.
941 475 1017 526 ὅτε
1057 476 1213 526 τοίνυν
1251 475 1519 541 ἐγνώκαμεν
1558 475 1666 524 καθ’

39 578 60 613 5
82 557 134 608 ’ὸν
159 556 216 608 ἂν
240 557 407 625 πρέποι
447 557 625 624 τρόπον
654 562 892 608 ποιεῖσθαι
931 557 1016 611 τὰς
1055 558 1257 620 ἱκετείας,
1284 558 1353 611 τίς
1385 556 1442 607 ἂν
1469 556 1572 607 εἰπέ
1590 579 1670 619 μοι

1370 638 1388 655 mx
1439 638 1460 655 el

80 640 261 706 γένοιτο
302 639 446 705 λόγος
486 644 580 690 τῶν
619 643 956 691 ἀποστολικῶν
994 638 1317 706 γραμμάτωνς
1366 663 1394 703 η
1437 661 1542 689 οποι
1582 661 1670 703 περ

82 722 138 772 ἂν
175 722 348 781 βλέποι
379 721 434 772 τὸ
467 721 542 772 διὰ
576 725 658 784 τῆς
697 728 779 772 τοῦ
807 721 1008 772 Παύλου
1036 724 1195 788 φωνῆς
1222 743 1234 783 ;
1280 720 1436 788 φαμὲν
1472 721 1568 782 οὖν,
1600 719 1670 769 ὅτι

81 802 443 871 προσευχόμεθα
481 802 567 867 μὲν
598 802 683 863 τὴν
721 808 816 854 τῶν
855 806 1047 869 ἀγαθῶν
1086 803 1327 870 ζητοῦντες
1366 803 1568 866 αἴτησιν,
1596 804 1672 852 καὶ

81 884 174 951 πρό
207 908 261 950 γε
294 891 389 936 τῶν
428 886 595 936 ἄλλων
629 885 688 937 τὰ
727 889 789 939 εἰς
829 885 975 954 δόξαν
1015 890 1154 947 Θεοῦ,
1190 888 1265 935 καὶ
1304 885 1364 935 τὰ
1403 886 1465 935 δι’
1508 882 1574 934 ῶν
1614 882 1672 934 ἂν

16 991 64 1015 10
83 968 262 1033 γε’νοιτο
299 969 472 1029 βιῶναί
506 991 554 1018 τε
595 970 747 1033 ὀρθῶς
779 970 854 1018 καὶ
893 968 979 1031 τὴν
1005 966 1248 1031 εὐδόκιμον
1274 970 1464 1031 ἀληθῶς
1503 990 1671 1033 κατορ-

83 1054 236 1100 θῶσαι
273 1049 410 1117 ζωήν·
466 1050 599 1115 “τὴν
626 1050 673 1101 δε
708 1073 928 1118 απαρχην
962 1056 1045 1101 τοῦ
1075 1049 1351 1113 Πνεύματος
1384 1049 1567 1117 ε’χοντες
1595 1072 1670 1100 και
1690 1067 1879 1106 Suwaver.

100 1132 265 1182 ίαύτοι
303 1131 587 1199 στεναζομεν
619 1135 668 1183 ἐν
701 1135 892 1195 ἑαυτοῖς,
921 1131 1159 1183 υἰοθεσιαν
1186 1131 1543 1199 ἀπεκδεχόμενοι
1584 1131 1670 1196 τὴν
1691 1120 1740 1148 3

83 1222 108 1243 “
137 1214 473 1281 awoAvrpwffw
501 1238 582 1266 7'01)
605 1215 860 1278 σώμαΤΟς“
917 1238 992 1265 Καί
1020 1217 1080 1268 ὡς
1108 1238 1156 1265 ΕΙ]
1182 1237 1236 1280 γε
1262 1238 1414 1284 TovTcLo
1440 1219 1505 1284 Τῷ
1531 1239 1671 1281 μΕρΕΙ,

106 1298 120 1313 x
206 1299 212 1307 ν
436 1295 446 1315 l
693 1298 706 1314 κ
789 1301 811 1310 ω
866 1301 873 1313 ,
961 1299 981 1313 ‚2
1198 1302 1206 1314 ‚
1282 1296 1293 1313 x
1392 1298 1439 1313 ,‚
1625 1297 1638 1311 x
1818 1312 1823 1318 ,

83 1323 127 1348 το
168 1323 206 1348 τι
243 1296 564 1366 προσευξομεθοι
603 1297 714 1348 καθα
744 1294 805 1348 ὃει
836 1322 911 1349 ουκ
941 1294 1129 1365 οιὸαμεν·
1171 1321 1208 1348 ει
1236 1319 1330 1363 γαρ
1370 1304 1396 1326 “
1419 1302 1671 1365 οφθαλμος
1694 1313 1796 1344 100¹·-
1816 1312 1896 1353 1ῑ-9-

85 1386 111 1408 “
139 1380 220 1429 οὐκ
248 1378 334 1429 εἶδε
363 1381 438 1429 καὶ
465 1379 542 1433 οὖς
569 1380 650 1430 οὐκ
677 1380 850 1444 ἤκουσε
878 1382 953 1430 καὶ
978 1381 1051 1430 ἐπὶ
1084 1379 1278 1445 καρδίαν
1304 1381 1555 1445 ἀνθρώπου
1590 1380 1672 1430 οὐκ

85 1469 112 1491 “
139 1461 298 1525 ἀνέβη,
342 1459 369 1511 ἃ
415 1462 670 1525 ἡτοίμασεν
718 1463 743 1512 ὁ
791 1461 913 1516 Θεὸς
957 1466 1052 1515 τοῖς
1097 1463 1350 1526 ἀγαπῶσιν
1400 1461 1581 1523 αὐτὸν,”
1629 1462 1677 1512 τί

18 1402 64 1438 15

84 1543 361 1608 προσιόντες
399 1543 655 1607 αἰτήσομεν
679 1565 690 1603 3
731 1542 759 1607 ἢ
786 1548 887 1597 πῶς
918 1541 977 1593 ἂν
1003 1543 1226 1606 εἰδείημεν
1251 1541 1281 1593 ἃ
1306 1542 1370 1607 μὴ
1398 1543 1671 1606 τεθεάμεθα,

85 1629 275 1688 μᾶλλον
304 1624 351 1676 δὲ
390 1627 465 1675 καὶ
504 1624 561 1676 τὰ
596 1625 804 1676 ἐπέκεινα
843 1631 923 1675 νοῦ
951 1628 1026 1675 καὶ
1052 1630 1153 1678 ταῖς
1179 1624 1442 1691 ἀνθρώπων
1470 1624 1677 1691 καρδίαις

87 1708 168 1757 οὐκ
195 1707 469 1772 ἐγνωσμένα
493 1729 503 1767 ;
540 1707 651 1758 ποία
679 1709 721 1757 δ’
752 1705 808 1757 ἂν
835 1707 1016 1772 γένοιτο
1044 1709 1117 1757 καὶ
1145 1707 1172 1770 ἡ
1199 1713 1282 1758 τοῦ
1309 1707 1532 1770 σώματος
1559 1708 1675 1758 ἀπο-

20 1814 69 1837 20
88 1789 338 1854 λύτρωσις,
377 1787 405 1853 ἢ
444 1790 512 1842 τίς
552 1789 576 1838 ὁ
615 1788 979 1852 μεταπλασμὸς,
1018 1790 1423 1856 άναστοιχειοῦται
1462 1788 1510 1839 δὲ
1550 1788 1677 1842 ὅπως

89 1875 149 1924 εἰς
176 1872 451 1940 ἀφθαρσίαν
477 1873 553 1921 καὶ
579 1870 738 1940 δόξαν,
766 1870 904 1924 αὐτὸς
931 1869 988 1921 ἂν
1014 1871 1150 1934 εἰδείη
1178 1874 1253 1921 καὶ
1279 1869 1420 1933 μόνος
1447 1872 1471 1921 ὁ
1498 1870 1677 1922 τούτων

89 1955 310 2021 τεχνίτης.
357 1953 448 2023 ἔφη
488 1953 541 2004 δέ
575 1976 667 2004 που
705 1952 824 2018 πρός
861 1976 989 2006 τινας
1029 1958 1112 2004 τοῦ
1154 1955 1375 2019 Σωτῆρος
1407 1953 1432 2003 ὁ
1463 1952 1677 2016 μαθητὴς
1695 1973 1742 2007 31
1765 1971 1825 2007 Μ.

94 2035 197 2088 >taffo
239 2033 304 2087 δεῖ
346 2034 667 2105 προσεύχεσθαι
713 2034 777 2098 μὴ
823 2035 1002 2089 εἰδότας
1054 2042 1080 2064 “
1101 2039 1296 2096 Αἰτεῖτε,
1336 2036 1412 2085 καὶ
1450 2035 1504 2085 οὐ
1544 2042 1673 2097 λαμ·
1694 2039 1812 2120 {saa
1827 2038 1869 2068 iv.

91 2126 117 2147 ‘⁶
143 2117 323 2179 βάνετε,
363 2116 478 2168 διότι
517 2121 669 2169 κακῶς
705 2120 923 2177 αἰτεῖσθε,
962 2117 1038 2166 ἵνα
1082 2118 1130 2166 ἐν
1175 2120 1275 2169 ταῖς
1318 2117 1504 2179 ἡδοναῖς
1550 2117 1678 2179 ὑμῶν

25 2209 119 2256 25⁶⁶
145 2199 488 2264 δαπανήσητε.”
541 2199 708 2250 οὐκοῦν
747 2198 917 2264 πρέποι
959 2197 1018 2248 ἂν
1062 2201 1137 2248 καὶ
1180 2197 1313 2260 μάλα
1354 2196 1540 2251 εἰκότως
1583 2202 1678 2250 τοῖς

92 2280 176 2333 ὧδε
203 2281 500 2345 διακειμένοις
532 2285 674 2332 εἰπεῖν
700 2279 754 2330 τό
780 2292 816 2331 Τ
819 2283 834 2330 ι’
858 2278 1186 2349 προσευξόμεθα
1215 2279 1322 2331 καθὸ
1351 2276 1417 2331 δεῖ
1450 2283 1526 2331 οὐκ
1558 2277 1678 2330 οἴδα-

146 2460 174 2483 1.
199 2447 303 2483 οὕτως
320 2463 378 2482 ουν
395 2446 540 2493 ὖμεῖς]’
526 2449 618 2491 υμεῖς
636 2447 694 2482 οὑν
712 2448 756 2482 Α.
1165 2458 1195 2481 2.
1222 2446 1528 2491 ἁγιασθήτω-’γῆς
1545 2458 1616 2480 om.
1636 2446 1679 2480 A.

96 2507 127 2536 4.
154 2493 301 2540 τούτοις]
326 2499 362 2535 -{-
384 2509 515 2539 κειμενα
533 2496 576 2529 Α.
651 2492 1045 2550 ἐγνώκαμεν-ἱκετείας]
1073 2493 1150 2527 καθ’
1178 2493 1216 2527 ὃν
1240 2509 1360 2537 πρεπει
1387 2495 1513 2537 τρόπον
1533 2493 1682 2526 ἐκτελεῖν

97 2556 154 2576 τας
172 2542 310 2577 ἱκετείας
328 2541 517 2586 ἐγνώκαμεν
535 2541 579 2574 A
789 2551 821 2585 5.
848 2540 920 2574 εἷπε
936 2555 993 2584 μοι
1012 2553 1068 2574 ass.
1063 2547 1237 2585 umptum
1260 2553 1301 2574 ex
1321 2541 1365 2574 A
1555 2540 1588 2572 6.
1615 2543 1682 2572 τῶν

96 2587 361 2622 (ἶποστολικῶν
348 2589 554 2632 γραμμάτων
571 2589 589 2621 ὁ
606 2589 710 2632 λόγος
728 2587 772 2620 Α.
832 2587 912 2620 ενθα
931 2598 993 2631 pro
1011 2586 1088 2620 ὅποι
1105 2601 1168 2631 περ
1189 2588 1231 2620 A.
1403 2585 1560 2625 ,βλέποι
1578 2586 1616 2619 τὸ
1636 2586 1680 2619 A.

99 2634 175 2678 bllg
178 2645 231 2667 ne.
249 2634 414 2674 βλεποιτο
433 2633 499 2668 Ed.
559 2632 692 2678 φωνῆς]
717 2638 754 2674 -Ι-
776 2633 946 2676 εἰρημενον
964 2634 1008 2668 A
1168 2634 1202 2666 8.
1228 2596 1490 2677 προσευΧΊόμεθα
1508 2632 1552 2665 Α.
1570 2646 1681 2677 προσ·

97 2680 260 2723 ευξόμεθα
280 2680 345 2714 Ed.
419 2680 632 2723 ἐκζητουντες
649 2681 708 2723 τὴν
724 2684 790 2713 τῶν
806 2680 942 2724 ἀγαθῶν
960 2680 1003 2713 A.
1195 2691 1228 2723 9.
1254 2681 1294 2713 τὰ
1313 2680 1359 2714 εἷς
1378 2680 1480 2722 δόξαν
1498 2681 1585 2712 Θεοῦ
1603 2684 1682 2711 ante

97 2728 162 2768 πρό
179 2727 376 2771 transponit
394 2728 437 2761 A.
548 2738 600 2761 10.
626 2741 742 2761 εσοιτο
761 2738 822 2770 pro
839 2741 972 2770 γενοιτο
992 2726 1034 2760 A.
1098 2726 1157 2769 τὴν
1176 2727 1261 2768 ζωὴν
1281 2726 1338 2769 τὴν
1356 2726 1540 2772 ευδόκιμον
1548 2724 1681 2766 ἀληθῶς

100 2773 309 2815 κατορθῶσαι
326 2774 370 2808 A.
493 2784 505 2807 1
517 2784 546 2807 I.
572 2774 708 2818 ἔχοντες
724 2775 784 2807 τοῦ
802 2772 997 2815 Πνεύματος
1014 2773 1071 2806 inv
1075 2784 1151 2806 erSO
1169 2772 1291 2806 ordine
1309 2773 1352 2806 A.
1468 2783 1519 2805 12.
1536 2768 1682 2804 ἀπεκδε-

99 2818 250 2863 χόμενοι]
277 2824 310 2860 -4-
333 2820 386 2853 καὶ
404 2820 598 2862 ἐλπίζοντες
616 2821 659 2853 Α.
870 2828 922 2864 17.
947 2817 967 2852 ἃ
985 2819 1029 2862 μὴ
1049 2820 1092 2853 A.
1111 2825 1144 2852 et
1162 2819 1208 2852 ita
1226 2819 1372 2863 conjecit
1391 2818 1525 2861 Miune
1544 2818 1596 2849 καὶ
1617 2815 1681 2849 Ed.

105 2866 155 2898 18.
181 2864 269 2910 ταῖς]
295 2870 330 2905 -†-
351 2869 418 2899 τῶν
435 2867 478 2899 A.
646 2875 701 2908 25.
727 2880 852 2910 πρεποι
871 2866 914 2899 A.
933 2880 1051 2909 πρεπει
1074 2865 1139 2898 Ed.
1216 2880 1268 2899 και
1286 2867 1378 2909 μάλα
1396 2865 1529 2898 εἰκότως
1548 2875 1618 2896 0111.
1638 2862 1681 2896 A.

102 2911 162 2963 26..
183 2912 262 2946 καθὸ
281 2913 323 2947 A.
345 2912 479 2957 Migne.
498 2912 607 2955 μεθ’
595 2927 611 2945 ο
633 2912 674 2946 Β.
695 2911 774 2956 μήθ
795 2912 812 2946 ὁ
833 2912 898 2946 Ed.

845 2980 866 3005 F
888 2966 908 3005 f
928 2979 947 3006 2
