1986 3282
106 140 219 182 xviii.
241 156 303 184 10.
409 145 484 185 IN
507 145 549 186 S.
584 145 921 187 JOANNEM.
986 145 1110 186 LIB.
1144 145 1223 186 XI.
1287 144 1421 184 CAP.
1445 142 1549 183 XII.
1640 141 1695 180 23

104 255 199 302 τῶν
237 253 479 319 ὑπηρετῶν
515 253 603 319 τὴν
640 255 826 323 ἔφοδον,
854 254 912 319 ῆν
944 254 1001 306 ἂν
1035 254 1151 308 ἰ’σως
1191 252 1322 304 οὐδὲν
1361 251 1549 304 ἀπεικὸς
1587 249 1694 302 τοὺς

104 334 296 398 ἀγαπᾶν
330 336 579 399 ἑλομένους
607 336 749 388 αὐτὸν
782 338 923 388 παντὶ
962 336 1132 388 λοιπὸν
1159 335 1408 398 ἐπαμύνειν
1434 333 1589 384 σθένει
1619 336 1692 382 καὶ

103 414 179 465 διὰ
211 418 388 472 παντὸς
423 419 536 469 ἱέναι
571 418 892 484 τολμήματος,
924 419 999 469 ἵνα
1035 417 1092 482 δὴ
1132 419 1207 469 καὶ
1246 417 1509 468 ἐκσώσειαν
1535 414 1617 466 τὸν
1644 416 1693 464 ἐκ

103 500 186 561 τῆς
225 504 364 550 τινῶν
409 502 696 561 δυσσεβείας
736 500 1016 565 ἀβουλήτως
1056 498 1395 550 κινδυνεύοντα.
1449 496 1604 561 ἐπειδὴ
1645 496 1693 546 δὲ

61 596 83 635 5
105 578 227 634 Θεὸς
266 581 490 650 ὑπάρχων
525 583 763 647 ἀληθινὸς,
795 583 943 649 ἄρδην
977 606 1027 633 τε
1062 581 1169 636 τοὺς
1201 580 1414 635 ἐπιόντας
1454 579 1693 631 ἀπολέσαι

104 662 357 727 δυνάμενος
396 668 471 715 καὶ
509 665 618 733 παρ’
656 665 812 729 αὑτὰς,
845 668 907 719 ὡς
939 666 1047 719 ε”πος
1086 668 1240 726 εἰπεῖν,
1267 669 1350 714 τοῦ
1389 665 1570 729 ἀγῶνος
1609 660 1693 714 τὰς

104 746 340 814 ἀπαρχὰς,
377 747 612 812 τοσαύτης
652 747 820 802 αὐτοὺς
860 747 1157 814 καταγεύσας
1197 745 1375 814 ἰσχύος,
1416 747 1477 799 ὡς
1515 745 1580 795 ἑνὶ
1619 745 1694 794 καὶ

103 827 240 898 πράῳ
267 835 606 896 καταστρῶσαι
633 828 779 900 λόγῳ·
819 829 992 881 ἔπεσον
1019 828 1113 895 γὰρ
1145 828 1315 881 πάντες
1341 832 1402 881 εἰς
1428 825 1486 878 τὰ
1517 826 1689 878 ὀπίσω·
1755 833 1863 907 {gfff}

101 915 202 965 πῶς
248 911 367 975 ἡμᾶς
407 914 548 980 ἐχρῆν
589 914 832 981 ἀχαλίνοις
879 911 1044 979 ὥσπερ
1090 913 1165 962 καὶ
1193 910 1484 974 ἀταμιεύτοις
1527 902 1916 976 ὀργαῖςει1017ᾉ.

35 1019 84 1044 10
101 998 271 1060 χωρεῖν
296 995 364 1045 ἐπ’
394 996 543 1045 ἐκεῖνα
578 995 846 1057 βούλεσθαι
881 995 1254 1061 προαλέστερον,
1281 990 1401 1058 ἅπερ
1436 991 1574 1046 αὐτὸς
1610 992 1694 1042 οὐκ

102 1073 229 1143 ἕδρα,
257 1076 403 1128 καίτοι
429 1077 625 1144 σφόδρα
650 1077 821 1147 ῥᾳδίως
848 1075 1131 1140 δυνάμενος;
1177 1076 1343 1144 ε”χομεν
1370 1075 1426 1125 δέ
1455 1098 1500 1125 τι
1535 1080 1690 1125 τοιοῦ-

102 1181 186 1210 τον
223 1161 298 1210 καὶ
337 1159 530 1226 ἑτέρωθί
562 1183 654 1212 που
692 1160 1021 1226 γεγραμμένον
1059 1157 1190 1226 παρὰ
1230 1163 1326 1211 τοῖς
1366 1158 1517 1222 ἁγίοις
1558 1157 1689 1221 εὐαγ-

103 1246 365 1306 γελισταΐς.
418 1242 499 1306 ἧκε
532 1242 617 1306 μὲν
641 1241 734 1309 γάρ
766 1265 881 1293 ποτε
917 1241 1206 1293 καταλύσων
1234 1242 1258 1291 ὁ
1291 1240 1464 1306 Κύριος
1496 1239 1557 1292 ε’ίς
1589 1261 1694 1289 τινα

103 1328 198 1374 τῶν
224 1323 407 1390 ὁμόρων
430 1328 489 1391 τῇ
512 1323 716 1394 Ἰουδαίᾳ
743 1325 922 1389 κώμην·
975 1322 1033 1388 ἦν
1059 1323 1107 1375 δὲ
1135 1325 1253 1388 αὕτη
1281 1326 1603 1388 Σαμαρειτῶν·
1653 1324 1694 1371 οἱ

38 1421 85 1459 15
105 1404 153 1456 δὲ
198 1406 462 1472 προσιόντα
506 1411 731 1472 σκληρῶς
777 1406 1109 1472 ἀπετρέποντο.
1176 1409 1251 1456 καὶ
1293 1404 1350 1469 δὴ
1395 1403 1514 1470 πρὸς
1555 1409 1694 1454 τοῦτο

1758 1491 1790 1522 S.
1808 1491 1889 1524 Luc.

105 1489 353 1555 δηχθέντες
392 1492 434 1539 οἱ
471 1491 677 1553 μαθηταὶ
716 1487 1000 1555 προσῄεσάν
1036 1511 1084 1539 τε
1124 1490 1199 1538 καὶ
1233 1487 1448 1556 ε”φασκον
1486 1492 1512 1515 “
1536 1484 1693 1551 Κύριε,
1757 1535 1790 1565 ix
1819 1545 1859 1575 54

105 1575 133 1598 “
159 1568 313 1623 θέλεις
347 1570 547 1633 εἴπωμεν
573 1576 668 1637 πῦρ
695 1573 958 1633 καταβῆναι
997 1571 1073 1621 ἀπ’
1105 1570 1304 1636 οὐρανοῦ
1337 1570 1412 1619 καὶ
1445 1570 1693 1618 ἀναλῶσαι

105 1658 133 1680 “
159 1651 389 1713 αὐτούς;”
429 1651 548 1718 πρὸς
586 1652 751 1706 αὐτοὺς
792 1651 839 1703 δὲ
877 1651 1026 1703 πάλιν
1059 1653 1083 1703 ὁ
1111 1651 1293 1717 Σωτὴρ,
1322 1651 1466 1719 ἄφετε
1507 1648 1689 1702 αὐτούς·
1714 1653 1741 1693 b

104 1732 133 1799 ἢ
168 1735 251 1786 οὐκ
283 1735 436 1786 οἴδατε
478 1734 549 1786 ὅτι
588 1742 614 1764 “
632 1735 831 1799 δύναμαι
870 1734 1204 1800 παρακαλέσαι
1244 1734 1327 1784 τὸν
1359 1731 1550 1798 Πατέρα
1590 1755 1694 1794 μου,
1758 1739 1919 1814 {ffiassth-

35 1837 86 1862 20
106 1824 133 1847 ‘⁶
159 1820 234 1868 καὶ
284 1817 588 1883 παραστήσει
627 1841 706 1882 μοι
751 1817 856 1883 ἄρτι
906 1817 1084 1868 δώδεκα
1130 1821 1364 1881 λεγεῶνας
1407 1814 1628 1881 ἀγγέλων
1649 1814 1693 1875 ;''
1782 1806 1789 1813 Δ
1842 1793 1917 1822 ·53·

105 1900 159 1950 οὐ
196 1898 289 1966 γὰρ
327 1900 436 1964 ἧκεν
463 1903 525 1954 ὡς
553 1899 673 1953 Θεὸς
707 1904 765 1967 τῇ
805 1900 896 1968 ἰδίᾳ
931 1900 1006 1949 καὶ
1045 1900 1240 1968 ἐμφύτῳ
1276 1896 1468 1961 δυνάμει
1506 1895 1688 1964 χρησό-

103 2004 241 2045 μενος
283 1981 402 2033 κατά
443 1986 537 2033 τῶν
575 1981 980 2047 ἐμπαροινούντων
1017 1982 1157 2049 αὐτῷ,
1191 1985 1384 2043 μᾶλλον
1426 1980 1474 2030 δὲ
1511 1982 1594 2042 τῆς
1634 1982 1696 2031 εἷς

103 2064 248 2130 ἄκρον
286 2064 395 2128 ἡμῖν
421 2065 713 2134 ἀνεξικακίας
754 2063 977 2129 γενέσθαι
1016 2062 1322 2126 διδάσκαλος,
1350 2062 1613 2128 ἀοργησιάς
1646 2083 1694 2110 τε

102 2149 186 2211 τῆς
235 2148 439 2198 ἁπασῶν
485 2146 708 2198 ἀνωτάτω
758 2149 1050 2209 καταστῆναι
1100 2144 1258 2199 τύπος.
1309 2144 1379 2195 διὸ
1432 2145 1507 2195 καὶ
1559 2142 1695 2208 ἐ’λεγε

35 2250 84 2289 25
105 2235 132 2258 ‘⁴
160 2228 352 2280 Μάθετε
379 2229 456 2280 ἀπ’
485 2231 611 2292 ἐμοῦ,
633 2228 703 2279 ὅτι
730 2227 879 2294 πρᾶός
905 2231 995 2290 εἶμι
1023 2229 1099 2278 καὶ
1125 2225 1341 2280 ταπεινὸς
1368 2230 1426 2294 τῇ
1454 2225 1665 2294 καρδι’ᾳ.”
1757 2237 1920 2279 Ib·xi·29-

178 2312 241 2362 Ὁ
268 2310 352 2375 μὲν
377 2311 459 2361 οὖν
483 2315 566 2361 τοῦ
588 2310 772 2376 Πέτρου
798 2308 980 2362 σκοπὸς
1005 2308 1091 2373 τὴν
1117 2308 1355 2376 μάχαιραν
1374 2307 1695 2360 ἀνατείνοντος

103 2393 222 2444 κατὰ
249 2398 343 2444 τῶν
364 2394 417 2444 δι’
440 2393 662 2455 ἐναντίας,
683 2393 766 2443 οὐκ
786 2391 877 2460 ἔξω
903 2392 1092 2461 φέρεται
1113 2393 1303 2454 νομικῆς
1323 2391 1530 2454 ἐντολῆς.
1570 2388 1694 2440 πόδα
1714 2416 1734 2443 e
1756 2402 1862 2453 Expd.

103 2475 198 2542 γὰρ
217 2477 318 2526 ἀντὶ
337 2474 480 2528 ποδὸς
503 2476 577 2525 καὶ
599 2478 728 2542 χεῖρα
754 2475 855 2524 ἀντὶ
875 2473 1029 2542 χειρὸς
1056 2475 1131 2524 καὶ
1157 2477 1342 2539 τραῦμα
1363 2473 1465 2522 ἀντὶ
1486 2471 1694 2538 τραύμα-
1755 2456 1822 2528 ἓξ
1838 2455 1887 2484 24'

103 2580 181 2611 τος
208 2559 283 2608 καὶ
311 2557 528 2620 μώλωπα
555 2558 658 2607 ἀντὶ
683 2555 935 2620 μωλώπων
962 2553 1240 2621 ἀντεπάγειν
1266 2552 1566 2620 ἀνεγκλήτως
1598 2556 1695 2606 τοῖς

33 2662 83 2698 30
103 2640 346 2690 ἀδικοῦσιν
371 2639 566 2690 ἐκέλευε.
618 2639 667 2689 τί
689 2638 737 2689 δὲ
764 2637 1022 2705 δράσοντες
1048 2636 1204 2703 ἕτερον
1230 2637 1345 2702 ἧκον
1369 2638 1411 2686 οὶ
1442 2635 1695 2703 μαχαίραις

150 2826 185 2862 5.
210 2815 381 2850 ἀπολέσαι
399 2815 441 2850 Ε.
461 2815 597 2860 Migne.
621 2814 800 2849 ἀπωλέσαι
818 2814 914 2848 Aub.
1427 2824 1438 2844 1
1451 2823 1479 2844 1.
1508 2809 1547 2849 δέ
1563 2820 1632 2842 om.
1654 2807 1695 2841 E.

109 2876 162 2906 14.
187 2862 245 2908 τῇ]
266 2863 325 2906 τὴν
343 2862 385 2897 Ε.
619 2871 673 2907 17.
700 2860 845 2905 εἴπωμεν
863 2861 905 2896 Ε.
924 2861 1060 2906 Migne.
1079 2858 1216 2904 εἴπομεν
1235 2858 1330 2894 Aub.
1404 2857 1460 2892 ἀπ’
1480 2856 1520 2890 Ε.
1540 2856 1605 2888 ἀπὸ
1624 2853 1693 2888 Ed.

106 2921 161 2956 29.
187 2912 363 2953 μωλώπων
381 2910 422 2944 Ε.
441 2911 609 2954 μώλωπος
629 2907 694 2942 Ed.
716 2908 836 2942 Verba
853 2907 982 2942 desunt
999 2907 1033 2941 in
1055 2906 1162 2941 Cord.
1308 2916 1364 2948 30.
1392 2903 1445 2948 δέ]
1472 2907 1507 2943 -4-
1529 2901 1568 2944 δὴ
1589 2899 1696 2934 Cord.

104 2957 268 3002 μαχαίρες
287 2956 327 2990 Ε.
