<?xml version="1.0" encoding="UTF-8"?>
<!DOCTYPE html PUBLIC "-//W3C//DTD XHTML 1.0 Transitional//EN"
    "http://www.w3.org/TR/xhtml1/DTD/xhtml1-transitional.dtd">
<html xmlns="http://www.w3.org/1999/xhtml" xml:lang="en" lang="en">
 <head>
  <title>
</title>
<meta http-equiv="Content-Type" content="text/html;charset=utf-8" />
  <meta name='ocr-system' content='tesseract 3.04.00' />
  <meta name='ocr-capabilities' content='ocr_page ocr_carea ocr_par ocr_line ocrx_word'/>
</head>
<body>
  <div class='ocr_page' id='page_1' title='image "./operacyrilli05cyriuoft_0158.png"; bbox 0 0 2001 3257; ppageno 0'>
   <div class='ocr_carea' id='block_1_1' title="bbox 288 112 1867 167">
    <p class='ocr_par' dir='ltr' id='par_1_1' title="bbox 288 112 1867 167">
     <span class='ocr_line' id='line_1_1' title="bbox 288 112 1867 167; baseline 0.001 -14"><span class='ocrx_word' id='word_1_1' title='bbox 288 112 372 154; x_wconf 74' lang='lat'>144</span> <span class='ocrx_word' id='word_1_2' title='bbox 688 115 739 156; x_wconf 91' lang='lat' dir='ltr'>B.</span> <span class='ocrx_word' id='word_1_3' title='bbox 772 114 1050 157; x_wconf 86' lang='lat' dir='ltr'>CYRILLI</span> <span class='ocrx_word' id='word_1_4' title='bbox 1091 117 1471 159; x_wconf 86' lang='lat' dir='ltr'><strong>ALEXANDR.</strong></span> <span class='ocrx_word' id='word_1_5' title='bbox 1628 131 1696 157; x_wconf 87' lang='lat' dir='ltr'>xx.</span> <span class='ocrx_word' id='word_1_6' title='bbox 1716 115 1783 166; x_wconf 78' lang='lat'>26,</span> <span class='ocrx_word' id='word_1_7' title='bbox 1799 124 1867 167; x_wconf 84' lang='lat'>27.</span> 
     </span>
    </p>
   </div>
   <div class='ocr_carea' id='block_1_2' title="bbox 62 220 1951 2581">
    <p class='ocr_par' dir='ltr' id='par_1_2' title="bbox 287 220 1914 618">
     <span class='ocr_line' id='line_1_2' title="bbox 288 220 1867 295; baseline 0.002 -24"><span class='ocrx_word' id='word_1_8' title='bbox 288 220 508 289; x_wconf 82' lang='grc' dir='ltr'>κέχρηται</span> <span class='ocrx_word' id='word_1_9' title='bbox 538 220 587 273; x_wconf 78' lang='grc' dir='ltr'>δὲ</span> <span class='ocrx_word' id='word_1_10' title='bbox 619 222 750 292; x_wconf 76' lang='grc' dir='ltr'>λόγῳ</span> <span class='ocrx_word' id='word_1_11' title='bbox 777 228 842 293; x_wconf 77' lang='grc' dir='ltr'>τῷ</span> <span class='ocrx_word' id='word_1_12' title='bbox 868 223 944 275; x_wconf 79' lang='grc' dir='ltr'>διὰ</span> <span class='ocrx_word' id='word_1_13' title='bbox 979 224 1198 290; x_wconf 80' lang='grc' dir='ltr'>γλώττης</span> <span class='ocrx_word' id='word_1_14' title='bbox 1225 227 1350 295; x_wconf 75' lang='grc' dir='ltr'>αὐτῷ</span> <span class='ocrx_word' id='word_1_15' title='bbox 1383 227 1460 276; x_wconf 82' lang='grc' dir='ltr'>καὶ</span> <span class='ocrx_word' id='word_1_16' title='bbox 1487 223 1681 289; x_wconf 84' lang='grc' dir='ltr'>συνήθει</span> <span class='ocrx_word' id='word_1_17' title='bbox 1705 223 1867 285; x_wconf 87' lang='grc' dir='ltr'>πάλιν,</span> 
     </span>
     <span class='ocr_line' id='line_1_3' title="bbox 287 302 1869 373; baseline 0.003 -19"><span class='ocrx_word' id='word_1_18' title='bbox 287 305 362 354; x_wconf 82' lang='grc' dir='ltr'>καὶ</span> <span class='ocrx_word' id='word_1_19' title='bbox 397 302 451 354; x_wconf 87' lang='grc' dir='ltr'>τὸ</span> <span class='ocrx_word' id='word_1_20' title='bbox 485 306 568 367; x_wconf 82' lang='grc' dir='ltr'>τῆς</span> <span class='ocrx_word' id='word_1_21' title='bbox 602 303 782 370; x_wconf 78' lang='grc' dir='ltr'>εἰρήνης</span> <span class='ocrx_word' id='word_1_22' title='bbox 810 305 991 371; x_wconf 81' lang='grc' dir='ltr'>ἀγαθὸν</span> <span class='ocrx_word' id='word_1_23' title='bbox 1016 306 1198 371; x_wconf 82' lang='grc' dir='ltr'>σεμνὴν</span> <span class='ocrx_word' id='word_1_24' title='bbox 1223 307 1478 372; x_wconf 88' lang='grc' dir='ltr'>ἐποίησατο</span> <span class='ocrx_word' id='word_1_25' title='bbox 1508 305 1783 373; x_wconf 86' lang='grc' dir='ltr'>πρόσρησιν</span> <span class='ocrx_word' id='word_1_26' title='bbox 1806 308 1869 359; x_wconf 82' lang='grc' dir='ltr'>εἰς</span> 
     </span>
     <span class='ocr_line' id='line_1_4' title="bbox 287 384 1865 454; baseline 0.002 -19"><span class='ocrx_word' id='word_1_27' title='bbox 287 384 436 436; x_wconf 83' lang='grc' dir='ltr'>τύπον</span> <span class='ocrx_word' id='word_1_28' title='bbox 475 385 709 452; x_wconf 76' lang='grc' dir='ltr'>ἡμέτερον,</span> <span class='ocrx_word' id='word_1_29' title='bbox 737 386 948 454; x_wconf 85' lang='grc' dir='ltr'>καθάπερ</span> <span class='ocrx_word' id='word_1_30' title='bbox 986 386 1076 452; x_wconf 77' lang='grc' dir='ltr'>ἤδη</span> <span class='ocrx_word' id='word_1_31' title='bbox 1113 389 1411 454; x_wconf 87' lang='grc' dir='ltr'>προείπομεν.</span> <span class='ocrx_word' id='word_1_32' title='bbox 1466 387 1792 453; x_wconf 90' lang='grc' dir='ltr'>καταπλαγειη</span> <span class='ocrx_word' id='word_1_33' title='bbox 1822 388 1865 438; x_wconf 84' lang='grc' dir='ltr'>δ’</span> 
     </span>
     <span class='ocr_line' id='line_1_5' title="bbox 289 466 1870 539; baseline 0.004 -23"><span class='ocrx_word' id='word_1_34' title='bbox 289 466 347 516; x_wconf 82' lang='grc' dir='ltr'>ἄν</span> <span class='ocrx_word' id='word_1_35' title='bbox 379 489 447 520; x_wconf 87' lang='grc' dir='ltr'>τις</span> <span class='ocrx_word' id='word_1_36' title='bbox 478 466 662 520; x_wconf 78' lang='grc' dir='ltr'>εἰκότως</span> <span class='ocrx_word' id='word_1_37' title='bbox 703 491 778 518; x_wconf 91' lang='grc' dir='ltr'>και</span> <span class='ocrx_word' id='word_1_38' title='bbox 810 468 895 532; x_wconf 85' lang='grc' dir='ltr'>τὴν</span> <span class='ocrx_word' id='word_1_39' title='bbox 933 470 982 519; x_wconf 88' lang='grc' dir='ltr'>ἐν</span> <span class='ocrx_word' id='word_1_40' title='bbox 1020 468 1200 523; x_wconf 82' lang='grc' dir='ltr'>τούτοις</span> <span class='ocrx_word' id='word_1_41' title='bbox 1239 470 1492 536; x_wconf 79' lang='grc' dir='ltr'>ἀκρίβειαν,</span> <span class='ocrx_word' id='word_1_42' title='bbox 1519 471 1641 539; x_wconf 77' lang='grc' dir='ltr'>φημὶ</span> <span class='ocrx_word' id='word_1_43' title='bbox 1679 469 1736 533; x_wconf 87' lang='grc' dir='ltr'>δὴ</span> <span class='ocrx_word' id='word_1_44' title='bbox 1774 473 1870 523; x_wconf 83' lang='grc' dir='ltr'>τοῖς</span> 
     </span>
     <span class='ocr_line' id='line_1_6' title="bbox 288 549 1914 653; baseline 0.001 -54"><span class='ocrx_word' id='word_1_45' title='bbox 288 570 618 614; x_wconf 88' lang='grc' dir='ltr'>προκειμενοις.</span> <span class='ocrx_word' id='word_1_46' title='bbox 672 549 869 615; x_wconf 85' lang='grc' dir='ltr'>ἀκριβὴς</span> <span class='ocrx_word' id='word_1_47' title='bbox 907 549 999 617; x_wconf 80' lang='grc' dir='ltr'>γὰρ</span> <span class='ocrx_word' id='word_1_48' title='bbox 1039 551 1159 602; x_wconf 80' lang='grc' dir='ltr'>οὕτω</span> <span class='ocrx_word' id='word_1_49' title='bbox 1197 574 1389 618; x_wconf 90' lang='grc' dir='ltr'>γεγονεν</span> <span class='ocrx_word' id='word_1_50' title='bbox 1427 552 1455 616; x_wconf 84' lang='grc' dir='ltr'>ἡ</span> <span class='ocrx_word' id='word_1_51' title='bbox 1485 551 1767 653; x_wconf 82' lang='grc' dir='ltr'>ἐπιτήρησις</span> <span class='ocrx_word' id='word_1_52' title='bbox 1804 551 1914 620; x_wconf 77' lang='grc' dir='ltr'>τῷ5</span> 
     </span>
    </p>

    <p class='ocr_par' dir='ltr' id='par_1_3' title="bbox 242 627 1944 1193">
     <span class='ocr_line' id='line_1_7' title="bbox 242 627 1871 698; baseline 0.001 -16"><span class='ocrx_word' id='word_1_53' title='bbox 242 641 270 682; x_wconf 91' lang='lat' dir='ltr'><strong>b</strong></span> <span class='ocrx_word' id='word_1_54' title='bbox 289 627 342 680; x_wconf 83' lang='grc' dir='ltr'>τὸ</span> <span class='ocrx_word' id='word_1_55' title='bbox 367 631 562 691; x_wconf 79' lang='grc' dir='ltr'>βιβλίον</span> <span class='ocrx_word' id='word_1_56' title='bbox 588 630 919 693; x_wconf 89' lang='grc' dir='ltr'>συντεθεικότι,</span> <span class='ocrx_word' id='word_1_57' title='bbox 936 634 1010 682; x_wconf 81' lang='grc' dir='ltr'>καὶ</span> <span class='ocrx_word' id='word_1_58' title='bbox 1037 632 1417 698; x_wconf 82' lang='grc' dir='ltr'>σπουδαιοτάτην</span> <span class='ocrx_word' id='word_1_59' title='bbox 1443 635 1588 687; x_wconf 82' lang='grc' dir='ltr'>οὕτως</span> <span class='ocrx_word' id='word_1_60' title='bbox 1615 632 1871 698; x_wconf 89' lang='grc' dir='ltr'>ἐποιήσατο</span> 
     </span>
     <span class='ocr_line' id='line_1_8' title="bbox 289 710 1873 784; baseline 0.003 -23"><span class='ocrx_word' id='word_1_61' title='bbox 289 711 375 775; x_wconf 86' lang='grc' dir='ltr'>τὴν</span> <span class='ocrx_word' id='word_1_62' title='bbox 401 710 690 777; x_wconf 83' lang='grc' dir='ltr'>ἐπιτήρησιν,</span> <span class='ocrx_word' id='word_1_63' title='bbox 717 715 779 767; x_wconf 86' lang='grc' dir='ltr'>ὡς</span> <span class='ocrx_word' id='word_1_64' title='bbox 804 712 869 777; x_wconf 87' lang='grc' dir='ltr'>μὴ</span> <span class='ocrx_word' id='word_1_65' title='bbox 896 714 1063 767; x_wconf 81' lang='grc' dir='ltr'>ἁπλῶς</span> <span class='ocrx_word' id='word_1_66' title='bbox 1089 717 1230 766; x_wconf 75' lang='grc' dir='ltr'>εἰπεῖν</span> <span class='ocrx_word' id='word_1_67' title='bbox 1257 714 1327 766; x_wconf 75' lang='grc' dir='ltr'>ὅτι</span> <span class='ocrx_word' id='word_1_68' title='bbox 1353 715 1682 784; x_wconf 78' lang='grc' dir='ltr'>πεφανέρωκεν</span> <span class='ocrx_word' id='word_1_69' title='bbox 1709 714 1873 767; x_wconf 79' lang='grc' dir='ltr'>ἑαυτὸν</span> 
     </span>
     <span class='ocr_line' id='line_1_9' title="bbox 290 792 1873 865; baseline 0.003 -22"><span class='ocrx_word' id='word_1_70' title='bbox 290 794 314 843; x_wconf 87' lang='grc' dir='ltr'>ὁ</span> <span class='ocrx_word' id='word_1_71' title='bbox 341 792 569 859; x_wconf 79' lang='grc' dir='ltr'>Χριστὸς,</span> <span class='ocrx_word' id='word_1_72' title='bbox 601 799 696 848; x_wconf 81' lang='grc' dir='ltr'>τοῖς</span> <span class='ocrx_word' id='word_1_73' title='bbox 729 795 876 859; x_wconf 84' lang='grc' dir='ltr'>ἁγίοις</span> <span class='ocrx_word' id='word_1_74' title='bbox 909 793 957 846; x_wconf 76' lang='grc' dir='ltr'>δὲ</span> <span class='ocrx_word' id='word_1_75' title='bbox 991 795 1211 859; x_wconf 89' lang='grc' dir='ltr'>δηλονότι</span> <span class='ocrx_word' id='word_1_76' title='bbox 1249 800 1492 862; x_wconf 79' lang='grc' dir='ltr'>μαθηταῖς,</span> <span class='ocrx_word' id='word_1_77' title='bbox 1526 798 1636 848; x_wconf 82' lang='grc' dir='ltr'>ἀλλ’</span> <span class='ocrx_word' id='word_1_78' title='bbox 1665 796 1736 848; x_wconf 78' lang='grc' dir='ltr'>ὅτι</span> <span class='ocrx_word' id='word_1_79' title='bbox 1772 794 1873 865; x_wconf 81' lang='grc' dir='ltr'>μεθ’</span> 
     </span>
     <span class='ocr_line' id='line_1_10' title="bbox 288 874 1872 945; baseline 0.001 -19"><span class='ocrx_word' id='word_1_80' title='bbox 288 875 448 944; x_wconf 70' lang='grc' dir='ltr'>ἡμέρας</span> <span class='ocrx_word' id='word_1_81' title='bbox 487 874 615 938; x_wconf 63' lang='grc' dir='ltr'>ὀκτὼ,</span> <span class='ocrx_word' id='word_1_82' title='bbox 643 878 716 927; x_wconf 77' lang='grc' dir='ltr'>καὶ</span> <span class='ocrx_word' id='word_1_83' title='bbox 758 882 894 927; x_wconf 86' lang='grc' dir='ltr'>τοῦτο</span> <span class='ocrx_word' id='word_1_84' title='bbox 931 878 1254 944; x_wconf 78' lang='grc' dir='ltr'>συνηγμένοις.</span> <span class='ocrx_word' id='word_1_85' title='bbox 1307 878 1361 929; x_wconf 80' lang='grc' dir='ltr'>τὸ</span> <span class='ocrx_word' id='word_1_86' title='bbox 1399 878 1493 945; x_wconf 82' lang='grc' dir='ltr'>γὰρ</span> <span class='ocrx_word' id='word_1_87' title='bbox 1532 882 1594 932; x_wconf 83' lang='grc' dir='ltr'>εἷς</span> <span class='ocrx_word' id='word_1_88' title='bbox 1632 877 1760 929; x_wconf 79' lang='grc' dir='ltr'>οἶκον</span> <span class='ocrx_word' id='word_1_89' title='bbox 1793 878 1872 929; x_wconf 81' lang='grc' dir='ltr'>ἕνα</span> 
     </span>
     <span class='ocr_line' id='line_1_11' title="bbox 288 958 1944 1027; baseline 0.004 -21"><span class='ocrx_word' id='word_1_90' title='bbox 288 958 664 1022; x_wconf 87' lang='grc' dir='ltr'>συγκεκομίσθαι</span> <span class='ocrx_word' id='word_1_91' title='bbox 703 958 809 1012; x_wconf 74' lang='grc' dir='ltr'>τοὺς</span> <span class='ocrx_word' id='word_1_92' title='bbox 847 958 1042 1022; x_wconf 77' lang='grc' dir='ltr'>πάντας,</span> <span class='ocrx_word' id='word_1_93' title='bbox 1069 960 1118 1011; x_wconf 90' lang='grc' dir='ltr'>τί</span> <span class='ocrx_word' id='word_1_94' title='bbox 1151 959 1208 1011; x_wconf 79' lang='grc' dir='ltr'>ἂν</span> <span class='ocrx_word' id='word_1_95' title='bbox 1240 960 1308 1025; x_wconf 79' lang='grc' dir='ltr'>ε’ίη</span> <span class='ocrx_word' id='word_1_96' title='bbox 1347 960 1501 1027; x_wconf 80' lang='grc' dir='ltr'>ἕτερον</span> <span class='ocrx_word' id='word_1_97' title='bbox 1533 959 1664 1026; x_wconf 78' lang='grc' dir='ltr'>παρὰ</span> <span class='ocrx_word' id='word_1_98' title='bbox 1700 965 1869 1023; x_wconf 68' lang='grc' dir='ltr'>τοῦτο,</span> <span class='ocrx_word' id='word_1_99' title='bbox 1895 979 1944 1005; x_wconf 91' lang='lat'>10</span> 
     </span>
     <span class='ocr_line' id='line_1_12' title="bbox 288 1038 1876 1112; baseline 0.003 -23"><span class='ocrx_word' id='word_1_100' title='bbox 288 1039 456 1089; x_wconf 81' lang='grc' dir='ltr'>οὐκοῦν</span> <span class='ocrx_word' id='word_1_101' title='bbox 482 1038 626 1090; x_wconf 84' lang='grc' dir='ltr'>ἐκεῖνό</span> <span class='ocrx_word' id='word_1_102' title='bbox 659 1044 815 1107; x_wconf 92' lang='grc' dir='ltr'>φαμεν</span> <span class='ocrx_word' id='word_1_103' title='bbox 843 1040 918 1091; x_wconf 79' lang='grc' dir='ltr'>διὰ</span> <span class='ocrx_word' id='word_1_104' title='bbox 949 1040 1035 1105; x_wconf 86' lang='grc' dir='ltr'>τὴν</span> <span class='ocrx_word' id='word_1_105' title='bbox 1060 1044 1231 1108; x_wconf 82' lang='grc' dir='ltr'>ἀκριβῆ</span> <span class='ocrx_word' id='word_1_106' title='bbox 1262 1041 1437 1107; x_wconf 87' lang='grc' dir='ltr'>ταύτην</span> <span class='ocrx_word' id='word_1_107' title='bbox 1468 1044 1543 1094; x_wconf 81' lang='grc' dir='ltr'>καὶ</span> <span class='ocrx_word' id='word_1_108' title='bbox 1579 1041 1876 1112; x_wconf 77' lang='grc' dir='ltr'>άξιάγαστον</span> 
     </span>
     <span class='ocr_line' id='line_1_13' title="bbox 289 1119 1873 1193; baseline 0.003 -23"><span class='ocrx_word' id='word_1_109' title='bbox 289 1119 578 1186; x_wconf 87' lang='grc' dir='ltr'>ἐπιτήρησιν,</span> <span class='ocrx_word' id='word_1_110' title='bbox 612 1120 681 1172; x_wconf 77' lang='grc' dir='ltr'>ὅτι</span> <span class='ocrx_word' id='word_1_111' title='bbox 719 1126 813 1172; x_wconf 80' lang='grc' dir='ltr'>τῶν</span> <span class='ocrx_word' id='word_1_112' title='bbox 850 1122 1191 1186; x_wconf 89' lang='grc' dir='ltr'>συνελεύσεων,</span> <span class='ocrx_word' id='word_1_113' title='bbox 1230 1123 1332 1188; x_wconf 76' lang='grc' dir='ltr'>ἧτοι</span> <span class='ocrx_word' id='word_1_114' title='bbox 1369 1123 1630 1193; x_wconf 76' lang='grc' dir='ltr'>συνάξεων,</span> <span class='ocrx_word' id='word_1_115' title='bbox 1668 1128 1763 1174; x_wconf 81' lang='grc' dir='ltr'>τῶν</span> <span class='ocrx_word' id='word_1_116' title='bbox 1800 1123 1873 1192; x_wconf 81' lang='grc' dir='ltr'>ἐφ’</span> 
     </span>
    </p>

    <p class='ocr_par' dir='ltr' id='par_1_4' title="bbox 249 1201 1947 1682">
     <span class='ocr_line' id='line_1_14' title="bbox 249 1201 1872 1273; baseline 0.002 -21"><span class='ocrx_word' id='word_1_117' title='bbox 249 1226 271 1252; x_wconf 85' lang='lat'>0</span> <span class='ocrx_word' id='word_1_118' title='bbox 290 1204 437 1271; x_wconf 71' lang='grc' dir='ltr'>ἑαυτῷ</span> <span class='ocrx_word' id='word_1_119' title='bbox 463 1201 546 1252; x_wconf 82' lang='grc' dir='ltr'>τὸν</span> <span class='ocrx_word' id='word_1_120' title='bbox 571 1201 733 1269; x_wconf 82' lang='grc' dir='ltr'>καιρὸν</span> <span class='ocrx_word' id='word_1_121' title='bbox 760 1203 964 1273; x_wconf 79' lang='grc' dir='ltr'>φανερὸν</span> <span class='ocrx_word' id='word_1_122' title='bbox 989 1204 1097 1268; x_wconf 82' lang='grc' dir='ltr'>ἡμῖν</span> <span class='ocrx_word' id='word_1_123' title='bbox 1122 1207 1258 1256; x_wconf 87' lang='grc' dir='ltr'>ἐτίθει</span> <span class='ocrx_word' id='word_1_124' title='bbox 1283 1207 1358 1256; x_wconf 80' lang='grc' dir='ltr'>καὶ</span> <span class='ocrx_word' id='word_1_125' title='bbox 1386 1205 1461 1257; x_wconf 75' lang='grc' dir='ltr'>διὰ</span> <span class='ocrx_word' id='word_1_126' title='bbox 1486 1212 1624 1257; x_wconf 85' lang='grc' dir='ltr'>τοῦτο</span> <span class='ocrx_word' id='word_1_127' title='bbox 1644 1203 1872 1272; x_wconf 84' lang='grc' dir='ltr'>Χριστός.</span> 
     </span>
     <span class='ocr_line' id='line_1_15' title="bbox 289 1283 1872 1354; baseline 0.001 -20"><span class='ocrx_word' id='word_1_128' title='bbox 289 1286 512 1353; x_wconf 79' lang='grc' dir='ltr'>ἐπιφοιτᾷ</span> <span class='ocrx_word' id='word_1_129' title='bbox 548 1283 641 1350; x_wconf 79' lang='grc' dir='ltr'>γὰρ</span> <span class='ocrx_word' id='word_1_130' title='bbox 666 1283 855 1339; x_wconf 90' lang='grc' dir='ltr'>πάντως</span> <span class='ocrx_word' id='word_1_131' title='bbox 889 1288 965 1337; x_wconf 84' lang='grc' dir='ltr'>καὶ</span> <span class='ocrx_word' id='word_1_132' title='bbox 998 1286 1175 1352; x_wconf 88' lang='grc' dir='ltr'>τρόπον</span> <span class='ocrx_word' id='word_1_133' title='bbox 1206 1286 1310 1338; x_wconf 79' lang='grc' dir='ltr'>τινὰ</span> <span class='ocrx_word' id='word_1_134' title='bbox 1338 1287 1667 1354; x_wconf 67' lang='grc' dir='ltr'>συναυλίζεται</span> <span class='ocrx_word' id='word_1_135' title='bbox 1693 1291 1790 1341; x_wconf 85' lang='grc' dir='ltr'>τοῖς</span> <span class='ocrx_word' id='word_1_136' title='bbox 1817 1287 1872 1338; x_wconf 88' lang='grc' dir='ltr'>δι’</span> 
     </span>
     <span class='ocr_line' id='line_1_16' title="bbox 289 1364 1947 1435; baseline 0.001 -18"><span class='ocrx_word' id='word_1_137' title='bbox 289 1364 431 1417; x_wconf 78' lang='grc' dir='ltr'>αὐτὸν</span> <span class='ocrx_word' id='word_1_138' title='bbox 464 1368 788 1433; x_wconf 79' lang='grc' dir='ltr'>συνηγμένοις,</span> <span class='ocrx_word' id='word_1_139' title='bbox 816 1367 936 1419; x_wconf 78' lang='grc' dir='ltr'>κατὰ</span> <span class='ocrx_word' id='word_1_140' title='bbox 968 1367 1054 1432; x_wconf 85' lang='grc' dir='ltr'>τὴν</span> <span class='ocrx_word' id='word_1_141' title='bbox 1086 1368 1259 1435; x_wconf 88' lang='grc' dir='ltr'>ὀγδόην</span> <span class='ocrx_word' id='word_1_142' title='bbox 1289 1368 1517 1433; x_wconf 87' lang='grc' dir='ltr'>μάλιστα,</span> <span class='ocrx_word' id='word_1_143' title='bbox 1544 1368 1760 1421; x_wconf 78' lang='grc' dir='ltr'>τουτέστι</span> <span class='ocrx_word' id='word_1_144' title='bbox 1791 1366 1878 1433; x_wconf 90' lang='grc' dir='ltr'>τὴν</span> <span class='ocrx_word' id='word_1_145' title='bbox 1898 1389 1947 1428; x_wconf 91' lang='lat'>15</span> 
     </span>
     <span class='ocr_line' id='line_1_17' title="bbox 289 1447 1878 1519; baseline 0.002 -21"><span class='ocrx_word' id='word_1_146' title='bbox 289 1447 527 1515; x_wconf 90' lang='grc' dir='ltr'>κυριακήν·</span> <span class='ocrx_word' id='word_1_147' title='bbox 583 1449 984 1516; x_wconf 83' lang='grc' dir='ltr'>ἀναλογισώμεθα</span> <span class='ocrx_word' id='word_1_148' title='bbox 1023 1450 1130 1516; x_wconf 78' lang='grc' dir='ltr'>γὰρ,</span> <span class='ocrx_word' id='word_1_149' title='bbox 1173 1454 1210 1502; x_wconf 79' lang='grc' dir='ltr'>εἷ</span> <span class='ocrx_word' id='word_1_150' title='bbox 1256 1453 1396 1502; x_wconf 83' lang='grc' dir='ltr'>δοκεῖ·</span> <span class='ocrx_word' id='word_1_151' title='bbox 1452 1451 1567 1503; x_wconf 76' lang='grc' dir='ltr'>ποτὲ</span> <span class='ocrx_word' id='word_1_152' title='bbox 1611 1450 1697 1515; x_wconf 76' lang='grc' dir='ltr'>μὲν</span> <span class='ocrx_word' id='word_1_153' title='bbox 1738 1448 1878 1519; x_wconf 74' lang='grc' dir='ltr'>ὤφθη</span> 
     </span>
     <span class='ocr_line' id='line_1_18' title="bbox 287 1529 1881 1602; baseline 0.001 -22"><span class='ocrx_word' id='word_1_154' title='bbox 287 1534 384 1584; x_wconf 83' lang='grc' dir='ltr'>τοῖς</span> <span class='ocrx_word' id='word_1_155' title='bbox 421 1529 591 1597; x_wconf 79' lang='grc' dir='ltr'>ἑτέροις</span> <span class='ocrx_word' id='word_1_156' title='bbox 628 1535 872 1596; x_wconf 83' lang='grc' dir='ltr'>μαθηταῖς,</span> <span class='ocrx_word' id='word_1_157' title='bbox 900 1531 1014 1583; x_wconf 82' lang='grc' dir='ltr'>ποτὲ</span> <span class='ocrx_word' id='word_1_158' title='bbox 1047 1532 1095 1583; x_wconf 80' lang='grc' dir='ltr'>δὲ</span> <span class='ocrx_word' id='word_1_159' title='bbox 1129 1534 1188 1584; x_wconf 75' lang='grc' dir='ltr'>αὖ</span> <span class='ocrx_word' id='word_1_160' title='bbox 1219 1532 1366 1585; x_wconf 89' lang='grc' dir='ltr'>πάλιν</span> <span class='ocrx_word' id='word_1_161' title='bbox 1393 1534 1549 1587; x_wconf 81' lang='grc' dir='ltr'>αὐτοῖς</span> <span class='ocrx_word' id='word_1_162' title='bbox 1587 1532 1881 1602; x_wconf 84' lang='grc' dir='ltr'>ἐπιφαίνεται</span> 
     </span>
     <span class='ocr_line' id='line_1_19' title="bbox 288 1611 1880 1682; baseline 0.001 -20"><span class='ocrx_word' id='word_1_163' title='bbox 288 1611 521 1678; x_wconf 89' lang='grc' dir='ltr'>παρόντος</span> <span class='ocrx_word' id='word_1_164' title='bbox 564 1616 732 1676; x_wconf 80' lang='grc' dir='ltr'>Θωμᾶ.</span> <span class='ocrx_word' id='word_1_165' title='bbox 793 1613 1057 1680; x_wconf 78' lang='grc' dir='ltr'>γέγραπται</span> <span class='ocrx_word' id='word_1_166' title='bbox 1102 1615 1258 1666; x_wconf 87' lang='grc' dir='ltr'>τοίνυν</span> <span class='ocrx_word' id='word_1_167' title='bbox 1299 1617 1347 1666; x_wconf 87' lang='grc' dir='ltr'>ἐν</span> <span class='ocrx_word' id='word_1_168' title='bbox 1387 1620 1482 1668; x_wconf 81' lang='grc' dir='ltr'>τοῖς</span> <span class='ocrx_word' id='word_1_169' title='bbox 1524 1615 1680 1666; x_wconf 87' lang='grc' dir='ltr'>ὀπίσω</span> <span class='ocrx_word' id='word_1_170' title='bbox 1722 1613 1880 1682; x_wconf 81' lang='grc' dir='ltr'>βραχύ</span> 
     </span>
    </p>

    <p class='ocr_par' dir='ltr' id='par_1_5' title="bbox 62 1695 1951 2581">
     <span class='ocr_line' id='line_1_20' title="bbox 62 1695 1879 1784; baseline 0.002 -40"><span class='ocrx_word' id='word_1_171' title='bbox 62 1697 200 1784; x_wconf 41' lang='grc' dir='ltr'>ῗὲἓῑξμ</span> <span class='ocrx_word' id='word_1_172' title='bbox 291 1700 319 1723; x_wconf 79' lang='grc'><strong>“</strong></span> <span class='ocrx_word' id='word_1_173' title='bbox 346 1695 518 1758; x_wconf 78' lang='grc' dir='ltr'>Οὔσης</span> <span class='ocrx_word' id='word_1_174' title='bbox 544 1695 626 1745; x_wconf 75' lang='grc' dir='ltr'>οὖν</span> <span class='ocrx_word' id='word_1_175' title='bbox 652 1695 796 1763; x_wconf 73' lang='grc' dir='ltr'>ὀψίας</span> <span class='ocrx_word' id='word_1_176' title='bbox 821 1699 880 1763; x_wconf 83' lang='grc' dir='ltr'>τῇ</span> <span class='ocrx_word' id='word_1_177' title='bbox 913 1696 1063 1766; x_wconf 73' lang='grc' dir='ltr'>ἡμέρᾳ</span> <span class='ocrx_word' id='word_1_178' title='bbox 1090 1697 1237 1765; x_wconf 86' lang='grc' dir='ltr'>ἐκείνῃ</span> <span class='ocrx_word' id='word_1_179' title='bbox 1269 1702 1327 1765; x_wconf 85' lang='grc' dir='ltr'>τῇ</span> <span class='ocrx_word' id='word_1_180' title='bbox 1360 1701 1446 1766; x_wconf 80' lang='grc' dir='ltr'>μιᾷ</span> <span class='ocrx_word' id='word_1_181' title='bbox 1477 1701 1572 1747; x_wconf 81' lang='grc' dir='ltr'>τῶν</span> <span class='ocrx_word' id='word_1_182' title='bbox 1597 1695 1879 1758; x_wconf 79' lang='grc' dir='ltr'>σαββάτων,</span> 
     </span>
     <span class='ocr_line' id='line_1_21' title="bbox 291 1777 1950 1844; baseline 0.001 -18"><span class='ocrx_word' id='word_1_183' title='bbox 291 1782 319 1805; x_wconf 86' lang='grc'><strong>“</strong></span> <span class='ocrx_word' id='word_1_184' title='bbox 345 1778 421 1826; x_wconf 81' lang='grc' dir='ltr'>καὶ</span> <span class='ocrx_word' id='word_1_185' title='bbox 445 1780 541 1827; x_wconf 81' lang='grc' dir='ltr'>τῶν</span> <span class='ocrx_word' id='word_1_186' title='bbox 563 1781 719 1843; x_wconf 82' lang='grc' dir='ltr'>θυρῶν</span> <span class='ocrx_word' id='word_1_187' title='bbox 743 1778 1100 1842; x_wconf 73' lang='grc' dir='ltr'>κεκλεισμένων,</span> <span class='ocrx_word' id='word_1_188' title='bbox 1122 1778 1238 1844; x_wconf 69' lang='grc' dir='ltr'>ε”στη</span> <span class='ocrx_word' id='word_1_189' title='bbox 1260 1782 1323 1833; x_wconf 77' lang='grc' dir='ltr'>εἰς</span> <span class='ocrx_word' id='word_1_190' title='bbox 1348 1778 1402 1829; x_wconf 83' lang='grc' dir='ltr'>τὸ</span> <span class='ocrx_word' id='word_1_191' title='bbox 1428 1778 1621 1842; x_wconf 77' lang='grc' dir='ltr'>με’σον.”</span> <span class='ocrx_word' id='word_1_192' title='bbox 1663 1778 1802 1832; x_wconf 89' lang='grc' dir='ltr'>σύνες</span> <span class='ocrx_word' id='word_1_193' title='bbox 1823 1777 1879 1842; x_wconf 86' lang='grc' dir='ltr'>δὴ</span> <span class='ocrx_word' id='word_1_194' title='bbox 1901 1797 1950 1822; x_wconf 89' lang='lat'>20</span> 
     </span>
     <span class='ocr_line' id='line_1_22' title="bbox 291 1857 1882 1928; baseline 0.002 -21"><span class='ocrx_word' id='word_1_195' title='bbox 291 1857 373 1908; x_wconf 77' lang='grc' dir='ltr'>οὖν</span> <span class='ocrx_word' id='word_1_196' title='bbox 399 1857 526 1912; x_wconf 79' lang='grc' dir='ltr'>ὅπως</span> <span class='ocrx_word' id='word_1_197' title='bbox 551 1862 610 1927; x_wconf 85' lang='grc' dir='ltr'>τῇ</span> <span class='ocrx_word' id='word_1_198' title='bbox 631 1863 716 1928; x_wconf 77' lang='grc' dir='ltr'>μιᾷ</span> <span class='ocrx_word' id='word_1_199' title='bbox 744 1864 838 1910; x_wconf 82' lang='grc' dir='ltr'>τῶν</span> <span class='ocrx_word' id='word_1_200' title='bbox 863 1858 1142 1923; x_wconf 80' lang='grc' dir='ltr'>σαββάτων,</span> <span class='ocrx_word' id='word_1_201' title='bbox 1163 1860 1393 1923; x_wconf 80' lang='grc' dir='ltr'>τουτέστι,</span> <span class='ocrx_word' id='word_1_202' title='bbox 1410 1863 1469 1928; x_wconf 84' lang='grc' dir='ltr'>τῇ</span> <span class='ocrx_word' id='word_1_203' title='bbox 1494 1865 1589 1911; x_wconf 82' lang='grc' dir='ltr'>τῶν</span> <span class='ocrx_word' id='word_1_204' title='bbox 1615 1859 1882 1922; x_wconf 83' lang='grc' dir='ltr'>σαββάτων</span> 
     </span>
     <span class='ocr_line' id='line_1_23' title="bbox 246 1941 1882 2010; baseline 0.002 -21"><span class='ocrx_word' id='word_1_205' title='bbox 246 1944 486 2007; x_wconf 79' lang='grc' dir='ltr'>ᾶκυριακῇ</span> <span class='ocrx_word' id='word_1_206' title='bbox 524 1941 835 2007; x_wconf 68' lang='grc' dir='ltr'>συνηγμένοις</span> <span class='ocrx_word' id='word_1_207' title='bbox 872 1941 1023 2010; x_wconf 87' lang='grc' dir='ltr'>ἐφάνη</span> <span class='ocrx_word' id='word_1_208' title='bbox 1061 1948 1156 1996; x_wconf 85' lang='grc' dir='ltr'>τοῖς</span> <span class='ocrx_word' id='word_1_209' title='bbox 1191 1946 1435 2007; x_wconf 82' lang='grc' dir='ltr'>μαθηταῖς,</span> <span class='ocrx_word' id='word_1_210' title='bbox 1464 1944 1539 1993; x_wconf 81' lang='grc' dir='ltr'>καὶ</span> <span class='ocrx_word' id='word_1_211' title='bbox 1571 1941 1719 1993; x_wconf 86' lang='grc' dir='ltr'>πάλιν</span> <span class='ocrx_word' id='word_1_212' title='bbox 1749 1941 1882 1993; x_wconf 77' lang='grc' dir='ltr'>οὐδὲν</span> 
     </span>
     <span class='ocr_line' id='line_1_24' title="bbox 291 2021 1882 2093; baseline 0.001 -21"><span class='ocrx_word' id='word_1_213' title='bbox 291 2021 432 2085; x_wconf 78' lang='grc' dir='ltr'>ἧττον</span> <span class='ocrx_word' id='word_1_214' title='bbox 474 2022 593 2073; x_wconf 77' lang='grc' dir='ltr'>κατὰ</span> <span class='ocrx_word' id='word_1_215' title='bbox 634 2022 720 2088; x_wconf 89' lang='grc' dir='ltr'>τὴν</span> <span class='ocrx_word' id='word_1_216' title='bbox 761 2024 869 2093; x_wconf 77' lang='grc' dir='ltr'>ἑξῆς</span> <span class='ocrx_word' id='word_1_217' title='bbox 914 2024 1088 2090; x_wconf 86' lang='grc' dir='ltr'>ὀγδόην</span> <span class='ocrx_word' id='word_1_218' title='bbox 1127 2024 1406 2093; x_wconf 80' lang='grc' dir='ltr'>ἐπιλάμψας</span> <span class='ocrx_word' id='word_1_219' title='bbox 1451 2026 1628 2091; x_wconf 83' lang='grc' dir='ltr'>ὁρᾶται.</span> <span class='ocrx_word' id='word_1_220' title='bbox 1696 2025 1750 2075; x_wconf 82' lang='grc' dir='ltr'>οὐ</span> <span class='ocrx_word' id='word_1_221' title='bbox 1787 2023 1882 2091; x_wconf 79' lang='grc' dir='ltr'>γὰρ</span> 
     </span>
     <span class='ocr_line' id='line_1_25' title="bbox 291 2104 1877 2174; baseline 0.001 -20"><span class='ocrx_word' id='word_1_222' title='bbox 291 2104 537 2170; x_wconf 87' lang='grc' dir='ltr'>ἐπειδήπερ</span> <span class='ocrx_word' id='word_1_223' title='bbox 576 2104 724 2171; x_wconf 82' lang='grc' dir='ltr'>ε’ίρηκε</span> <span class='ocrx_word' id='word_1_224' title='bbox 764 2104 859 2174; x_wconf 79' lang='grc' dir='ltr'>μεθ’</span> <span class='ocrx_word' id='word_1_225' title='bbox 888 2105 1048 2174; x_wconf 68' lang='grc' dir='ltr'>ἡμέρας</span> <span class='ocrx_word' id='word_1_226' title='bbox 1091 2105 1219 2165; x_wconf 54' lang='lat' dir='ltr'>Suro),</span> <span class='ocrx_word' id='word_1_227' title='bbox 1259 2105 1346 2171; x_wconf 90' lang='grc' dir='ltr'>τὴν</span> <span class='ocrx_word' id='word_1_228' title='bbox 1382 2105 1575 2171; x_wconf 85' lang='grc' dir='ltr'>ἐννάτην</span> <span class='ocrx_word' id='word_1_229' title='bbox 1609 2104 1750 2157; x_wconf 78' lang='grc' dir='ltr'>αὐτὸν</span> <span class='ocrx_word' id='word_1_230' title='bbox 1784 2128 1877 2171; x_wconf 91' lang='grc' dir='ltr'>ση-</span> 
     </span>
     <span class='ocr_line' id='line_1_26' title="bbox 290 2186 1951 2257; baseline 0 -20"><span class='ocrx_word' id='word_1_231' title='bbox 290 2186 469 2249; x_wconf 89' lang='grc' dir='ltr'>μαίνειν</span> <span class='ocrx_word' id='word_1_232' title='bbox 521 2186 885 2255; x_wconf 79' lang='grc' dir='ltr'>ὑποληψόμεθα,</span> <span class='ocrx_word' id='word_1_233' title='bbox 935 2188 1314 2254; x_wconf 86' lang='grc' dir='ltr'>συμπεριλαβὼν</span> <span class='ocrx_word' id='word_1_234' title='bbox 1365 2187 1413 2239; x_wconf 80' lang='grc' dir='ltr'>δὲ</span> <span class='ocrx_word' id='word_1_235' title='bbox 1457 2192 1524 2256; x_wconf 74' lang='grc' dir='ltr'>τῷ</span> <span class='ocrx_word' id='word_1_236' title='bbox 1575 2189 1760 2257; x_wconf 69' lang='grc' dir='ltr'>ἀριθμῷ</span> <span class='ocrx_word' id='word_1_237' title='bbox 1805 2188 1882 2239; x_wconf 79' lang='grc' dir='ltr'>καὶ</span> <span class='ocrx_word' id='word_1_238' title='bbox 1902 2205 1951 2245; x_wconf 88' lang='lat'>25</span> 
     </span>
     <span class='ocr_line' id='line_1_27' title="bbox 291 2267 1731 2338; baseline 0.001 -19"><span class='ocrx_word' id='word_1_239' title='bbox 291 2267 437 2333; x_wconf 81' lang='grc' dir='ltr'>αὐτὴν</span> <span class='ocrx_word' id='word_1_240' title='bbox 462 2268 548 2333; x_wconf 87' lang='grc' dir='ltr'>τὴν</span> <span class='ocrx_word' id='word_1_241' title='bbox 575 2270 761 2335; x_wconf 88' lang='grc' dir='ltr'>ὀγδόην,</span> <span class='ocrx_word' id='word_1_242' title='bbox 788 2270 898 2320; x_wconf 81' lang='grc' dir='ltr'>καθ’</span> <span class='ocrx_word' id='word_1_243' title='bbox 927 2268 984 2334; x_wconf 81' lang='grc' dir='ltr'>ἢν</span> <span class='ocrx_word' id='word_1_244' title='bbox 1011 2269 1235 2338; x_wconf 84' lang='grc' dir='ltr'>ἐπεφάνη,</span> <span class='ocrx_word' id='word_1_245' title='bbox 1263 2269 1321 2321; x_wconf 78' lang='grc' dir='ltr'>τὰ</span> <span class='ocrx_word' id='word_1_246' title='bbox 1346 2270 1539 2321; x_wconf 83' lang='grc' dir='ltr'>τοιαῦτά</span> <span class='ocrx_word' id='word_1_247' title='bbox 1565 2275 1731 2338; x_wconf 92' lang='grc' dir='ltr'>φησιν.</span> 
     </span>
     <span class='ocr_line' id='line_1_28' title="bbox 360 2349 1884 2418; baseline 0 -17"><span class='ocrx_word' id='word_1_248' title='bbox 360 2349 685 2416; x_wconf 80' lang='grc' dir='ltr'>Εὑλογώτατα</span> <span class='ocrx_word' id='word_1_249' title='bbox 711 2357 961 2418; x_wconf 84' lang='grc' dir='ltr'>τοιγαροῦν</span> <span class='ocrx_word' id='word_1_250' title='bbox 986 2350 1070 2405; x_wconf 77' lang='grc' dir='ltr'>τὰς</span> <span class='ocrx_word' id='word_1_251' title='bbox 1096 2353 1234 2418; x_wconf 84' lang='grc' dir='ltr'>ἁγίας</span> <span class='ocrx_word' id='word_1_252' title='bbox 1261 2351 1488 2405; x_wconf 87' lang='grc' dir='ltr'>συνόδους</span> <span class='ocrx_word' id='word_1_253' title='bbox 1513 2353 1561 2402; x_wconf 88' lang='grc' dir='ltr'>ἐν</span> <span class='ocrx_word' id='word_1_254' title='bbox 1588 2356 1688 2405; x_wconf 84' lang='grc' dir='ltr'>ταῖς</span> <span class='ocrx_word' id='word_1_255' title='bbox 1716 2354 1884 2415; x_wconf 87' lang='grc' dir='ltr'>ἐκκλη-</span> 
     </span>
     <span class='ocr_line' id='line_1_29' title="bbox 292 2431 1875 2501; baseline 0.001 -20"><span class='ocrx_word' id='word_1_256' title='bbox 292 2432 419 2486; x_wconf 88' lang='grc' dir='ltr'>σίαις</span> <span class='ocrx_word' id='word_1_257' title='bbox 444 2432 704 2494; x_wconf 82' lang='grc' dir='ltr'>ποιούμεθα</span> <span class='ocrx_word' id='word_1_258' title='bbox 730 2431 849 2483; x_wconf 77' lang='grc' dir='ltr'>κατὰ</span> <span class='ocrx_word' id='word_1_259' title='bbox 880 2432 965 2496; x_wconf 84' lang='grc' dir='ltr'>τὴν</span> <span class='ocrx_word' id='word_1_260' title='bbox 1000 2432 1191 2499; x_wconf 87' lang='grc' dir='ltr'>ὀγδόην.</span> <span class='ocrx_word' id='word_1_261' title='bbox 1247 2435 1323 2484; x_wconf 87' lang='grc' dir='ltr'>καὶ</span> <span class='ocrx_word' id='word_1_262' title='bbox 1348 2438 1384 2484; x_wconf 82' lang='grc' dir='ltr'>εἱ</span> <span class='ocrx_word' id='word_1_263' title='bbox 1411 2432 1503 2501; x_wconf 87' lang='grc' dir='ltr'>χρή</span> <span class='ocrx_word' id='word_1_264' title='bbox 1529 2455 1573 2483; x_wconf 89' lang='grc' dir='ltr'>τι</span> <span class='ocrx_word' id='word_1_265' title='bbox 1600 2434 1675 2483; x_wconf 81' lang='grc' dir='ltr'>καὶ</span> <span class='ocrx_word' id='word_1_266' title='bbox 1701 2455 1875 2496; x_wconf 91' lang='grc' dir='ltr'>μυστι-</span> 
     </span>
     <span class='ocr_line' id='line_1_30' title="bbox 292 2512 1882 2581; baseline 0 -17"><span class='ocrx_word' id='word_1_267' title='bbox 292 2512 494 2580; x_wconf 82' lang='grc' dir='ltr'>κώτερον</span> <span class='ocrx_word' id='word_1_268' title='bbox 520 2517 674 2577; x_wconf 80' lang='grc' dir='ltr'>εἰπεῖν,</span> <span class='ocrx_word' id='word_1_269' title='bbox 716 2513 791 2565; x_wconf 80' lang='grc' dir='ltr'>διὰ</span> <span class='ocrx_word' id='word_1_270' title='bbox 829 2514 915 2578; x_wconf 84' lang='grc' dir='ltr'>τὴν</span> <span class='ocrx_word' id='word_1_271' title='bbox 949 2519 1043 2565; x_wconf 80' lang='grc' dir='ltr'>τῶν</span> <span class='ocrx_word' id='word_1_272' title='bbox 1078 2512 1325 2579; x_wconf 91' lang='grc' dir='ltr'>νοημάτων</span> <span class='ocrx_word' id='word_1_273' title='bbox 1359 2515 1678 2580; x_wconf 84' lang='grc' dir='ltr'>ἀπαραίτητον</span> <span class='ocrx_word' id='word_1_274' title='bbox 1709 2513 1882 2581; x_wconf 85' lang='grc' dir='ltr'>χρείαν,</span> 
     </span>
    </p>
   </div>
   <div class='ocr_carea' id='block_1_3' title="bbox 289 2686 1884 2825">
    <p class='ocr_par' dir='ltr' id='par_1_6' title="bbox 289 2686 1884 2825">
     <span class='ocr_line' id='line_1_31' title="bbox 339 2686 1884 2734; baseline 0.001 -14"><span class='ocrx_word' id='word_1_275' title='bbox 339 2687 371 2721; x_wconf 89' lang='lat'>6.</span> <span class='ocrx_word' id='word_1_276' title='bbox 397 2686 526 2732; x_wconf 83' lang='grc' dir='ltr'>βιβλίῳ</span> <span class='ocrx_word' id='word_1_277' title='bbox 545 2687 623 2731; x_wconf 88' lang='lat' dir='ltr'>(pro</span> <span class='ocrx_word' id='word_1_278' title='bbox 641 2687 753 2731; x_wconf 85' lang='lat' dir='ltr'>more)</span> <span class='ocrx_word' id='word_1_279' title='bbox 774 2687 815 2722; x_wconf 86' lang='lat' dir='ltr'>E.</span> <span class='ocrx_word' id='word_1_280' title='bbox 1033 2700 1086 2734; x_wconf 87' lang='lat'>13.</span> <span class='ocrx_word' id='word_1_281' title='bbox 1112 2687 1234 2722; x_wconf 84' lang='grc' dir='ltr'>τούτου</span> <span class='ocrx_word' id='word_1_282' title='bbox 1252 2687 1295 2722; x_wconf 91' lang='grc' dir='ltr'>Ε.</span> <span class='ocrx_word' id='word_1_283' title='bbox 1513 2696 1566 2733; x_wconf 85' lang='grc'>15.</span> <span class='ocrx_word' id='word_1_284' title='bbox 1593 2687 1653 2731; x_wconf 85' lang='grc' dir='ltr'>τὴν</span> <span class='ocrx_word' id='word_1_285' title='bbox 1670 2688 1729 2722; x_wconf 86' lang='lat' dir='ltr'>alt.</span> <span class='ocrx_word' id='word_1_286' title='bbox 1752 2699 1825 2723; x_wconf 88' lang='lat' dir='ltr'>om.</span> <span class='ocrx_word' id='word_1_287' title='bbox 1840 2687 1884 2723; x_wconf 90' lang='grc' dir='ltr'>Ε.</span> 
     </span>
     <span class='ocr_line' id='line_1_32' title="bbox 295 2733 1882 2780; baseline 0.001 -13"><span class='ocrx_word' id='word_1_288' title='bbox 295 2733 347 2768; x_wconf 89' lang='lat'>16.</span> <span class='ocrx_word' id='word_1_289' title='bbox 374 2734 652 2778; x_wconf 81' lang='grc' dir='ltr'>ἀναλογισάμεθα</span> <span class='ocrx_word' id='word_1_290' title='bbox 671 2734 712 2768; x_wconf 90' lang='grc' dir='ltr'>Ε.</span> <span class='ocrx_word' id='word_1_291' title='bbox 995 2743 1047 2780; x_wconf 90' lang='lat'>17.</span> <span class='ocrx_word' id='word_1_292' title='bbox 1074 2733 1217 2780; x_wconf 80' lang='grc' dir='ltr'>ἕτεροις]</span> <span class='ocrx_word' id='word_1_293' title='bbox 1238 2733 1423 2779; x_wconf 81' lang='grc' dir='ltr'>σφετέροις</span> <span class='ocrx_word' id='word_1_294' title='bbox 1441 2733 1483 2767; x_wconf 90' lang='grc' dir='ltr'>Ε.</span> <span class='ocrx_word' id='word_1_295' title='bbox 1762 2745 1815 2780; x_wconf 94' lang='lat'>19.</span> <span class='ocrx_word' id='word_1_296' title='bbox 1841 2737 1882 2778; x_wconf 84' lang='grc' dir='ltr'>τῇ</span> 
     </span>
     <span class='ocr_line' id='line_1_33' title="bbox 289 2780 1883 2825; baseline 0 -11"><span class='ocrx_word' id='word_1_297' title='bbox 289 2780 395 2825; x_wconf 81' lang='grc' dir='ltr'>ἡμέρᾳ</span> <span class='ocrx_word' id='word_1_298' title='bbox 413 2786 446 2814; x_wconf 78' lang='lat' dir='ltr'>et</span> <span class='ocrx_word' id='word_1_299' title='bbox 464 2784 545 2814; x_wconf 78' lang='lat' dir='ltr'><strong>ante</strong></span> <span class='ocrx_word' id='word_1_300' title='bbox 563 2786 596 2814; x_wconf 79' lang='lat' dir='ltr'>et</span> <span class='ocrx_word' id='word_1_301' title='bbox 614 2786 692 2825; x_wconf 83' lang='lat' dir='ltr'><strong>post</strong></span> <span class='ocrx_word' id='word_1_302' title='bbox 710 2781 815 2824; x_wconf 79' lang='grc' dir='ltr'>ἐκείνῃ</span> <span class='ocrx_word' id='word_1_303' title='bbox 835 2781 974 2815; x_wconf 81' lang='lat' dir='ltr'>exhibet</span> <span class='ocrx_word' id='word_1_304' title='bbox 992 2781 1033 2815; x_wconf 89' lang='lat' dir='ltr'>E.</span> <span class='ocrx_word' id='word_1_305' title='bbox 1303 2792 1358 2815; x_wconf 90' lang='lat'>21.</span> <span class='ocrx_word' id='word_1_306' title='bbox 1383 2784 1449 2814; x_wconf 79' lang='grc' dir='ltr'>τῶν</span> <span class='ocrx_word' id='word_1_307' title='bbox 1467 2781 1655 2822; x_wconf 83' lang='grc' dir='ltr'>σαββάτων</span> <span class='ocrx_word' id='word_1_308' title='bbox 1672 2781 1730 2814; x_wconf 85' lang='lat' dir='ltr'>alt.</span> <span class='ocrx_word' id='word_1_309' title='bbox 1749 2792 1819 2814; x_wconf 90' lang='lat' dir='ltr'>om.</span> <span class='ocrx_word' id='word_1_310' title='bbox 1840 2781 1883 2815; x_wconf 86' lang='lat' dir='ltr'>E.</span> 
     </span>
    </p>
   </div>
   <div class='ocr_carea' id='block_1_4' title="bbox 290 2827 1885 2966">
    <p class='ocr_par' dir='ltr' id='par_1_7' title="bbox 290 2827 1885 2966">
     <span class='ocr_line' id='line_1_34' title="bbox 291 2827 1884 2872; baseline 0.001 -12"><span class='ocrx_word' id='word_1_311' title='bbox 291 2837 419 2872; x_wconf 87' lang='lat' dir='ltr'><strong>27—p.</strong></span> <span class='ocrx_word' id='word_1_312' title='bbox 437 2838 512 2872; x_wconf 90' lang='lat'>145,</span> <span class='ocrx_word' id='word_1_313' title='bbox 531 2839 570 2872; x_wconf 92' lang='lat'>19</span> <span class='ocrx_word' id='word_1_314' title='bbox 589 2828 671 2861; x_wconf 83' lang='lat' dir='ltr'>citat</span> <span class='ocrx_word' id='word_1_315' title='bbox 690 2827 838 2861; x_wconf 83' lang='lat' dir='ltr'>Niketae</span> <span class='ocrx_word' id='word_1_316' title='bbox 856 2828 891 2861; x_wconf 90' lang='lat' dir='ltr'>in</span> <span class='ocrx_word' id='word_1_317' title='bbox 910 2828 946 2861; x_wconf 84' lang='lat' dir='ltr'>S.</span> <span class='ocrx_word' id='word_1_318' title='bbox 960 2828 1091 2862; x_wconf 85' lang='lat' dir='ltr'>Lucam</span> <span class='ocrx_word' id='word_1_319' title='bbox 1111 2839 1190 2872; x_wconf 83' lang='lat' dir='ltr'><strong>pars</strong></span> <span class='ocrx_word' id='word_1_320' title='bbox 1208 2827 1358 2862; x_wconf 84' lang='lat' dir='ltr'>ultima</span> <span class='ocrx_word' id='word_1_321' title='bbox 1350 2839 1386 2861; x_wconf 89' lang='lat' dir='ltr'>1n</span> <span class='ocrx_word' id='word_1_322' title='bbox 1404 2827 1734 2868; x_wconf 68' lang='grc' dir='ltr'>Βὶὺ1.βατοπαιδίου</span> <span class='ocrx_word' id='word_1_323' title='bbox 1748 2827 1884 2862; x_wconf 88' lang='lat' dir='ltr'>Montis</span> 
     </span>
     <span class='ocr_line' id='line_1_35' title="bbox 290 2873 1885 2920; baseline 0.001 -13"><span class='ocrx_word' id='word_1_324' title='bbox 290 2874 410 2908; x_wconf 87' lang='lat' dir='ltr'>Sancti</span> <span class='ocrx_word' id='word_1_325' title='bbox 430 2873 485 2917; x_wconf 88' lang='lat'>76.</span> <span class='ocrx_word' id='word_1_326' title='bbox 549 2874 613 2908; x_wconf 84' lang='lat' dir='ltr'>Est</span> <span class='ocrx_word' id='word_1_327' title='bbox 638 2874 807 2918; x_wconf 87' lang='lat' dir='ltr'><strong>scriptum</strong></span> <span class='ocrx_word' id='word_1_328' title='bbox 833 2874 869 2907; x_wconf 90' lang='lat' dir='ltr'>in</span> <span class='ocrx_word' id='word_1_329' title='bbox 895 2875 1051 2920; x_wconf 80' lang='lat' dir='ltr'>margine</span> <span class='ocrx_word' id='word_1_330' title='bbox 1076 2874 1136 2909; x_wconf 82' lang='lat' dir='ltr'><strong>fol.</strong></span> <span class='ocrx_word' id='word_1_331' title='bbox 1153 2885 1218 2917; x_wconf 86' lang='lat'>421</span> <span class='ocrx_word' id='word_1_332' title='bbox 1248 2886 1282 2910; x_wconf 83' lang='lat' dir='ltr'>v.</span> <span class='ocrx_word' id='word_1_333' title='bbox 1308 2885 1416 2908; x_wconf 83' lang='lat' dir='ltr'><strong>manu</strong></span> <span class='ocrx_word' id='word_1_334' title='bbox 1442 2874 1662 2920; x_wconf 82' lang='lat' dir='ltr'>aliquantum</span> <span class='ocrx_word' id='word_1_335' title='bbox 1688 2874 1885 2910; x_wconf 82' lang='lat' dir='ltr'><strong>recentiori.</strong></span> 
     </span>
     <span class='ocr_line' id='line_1_36' title="bbox 290 2920 859 2966; baseline 0.002 -12"><span class='ocrx_word' id='word_1_336' title='bbox 290 2920 410 2955; x_wconf 86' lang='lat' dir='ltr'>Codex</span> <span class='ocrx_word' id='word_1_337' title='bbox 429 2921 502 2966; x_wconf 86' lang='lat' dir='ltr'>ipse</span> <span class='ocrx_word' id='word_1_338' title='bbox 521 2932 588 2955; x_wconf 85' lang='lat' dir='ltr'>sec.</span> <span class='ocrx_word' id='word_1_339' title='bbox 609 2921 666 2955; x_wconf 85' lang='lat' dir='ltr'>xii.</span> <span class='ocrx_word' id='word_1_340' title='bbox 685 2929 859 2955; x_wconf 83' lang='lat' dir='ltr'><strong>exaratus.</strong></span> 
     </span>
    </p>
   </div>
  </div>
 </body>
</html>
