2012 3272
104 120 173 160 vii.
197 131 259 173 15.
436 118 503 158 IN
542 117 883 157 EPISTOLAM
920 117 1002 157 AD
1042 117 1351 159 ROMANOS.
1609 123 1690 160 205

103 228 292 296 φύσεως
327 226 386 278 τὰ
419 226 548 290 πάθη
585 224 946 292 περιεργάζεται,
975 225 1121 288 μόνον
1148 226 1196 276 δὲ
1221 227 1323 293 οὐχὶ
1351 229 1425 278 καὶ
1452 228 1692 295 οἰνορύττει
1730 189 1800 230 [2²
1819 189 1902 230 M.]

103 314 286 363 λεπτῶς
311 308 370 359 τὰ
401 313 461 362 εἷς
497 315 605 359 νοῦν
631 308 727 358 ε”σω
763 312 858 358 τῶν
882 307 1284 374 ἀῤῥωστημάτων,
1314 310 1388 358 καὶ
1427 312 1510 373 τῆς
1535 310 1687 378 ἐμφύ-

102 415 184 442 του
223 392 498 459 φιληδονίας
537 389 590 441 rb
629 395 772 453 σῶμα
810 389 1055 457 γράφεται,
1082 395 1166 440 τοῦ
1207 396 1462 444 νοσοῦντος
1501 392 1566 442 ε”τι
1607 392 1693 456 τὴν

102 475 424 543 φιλοσαρκίαν
468 475 617 541 ἑαυτῷ
661 471 713 524 τὸ
758 470 1021 538 πρόσωπον
1067 473 1116 522 εὖ
1159 472 1292 536 μάλα
1333 474 1599 537 περιτιθείς.
1656 478 1693 524 εἱ

63 578 85 616 5
103 556 196 623 γὰρ
223 559 297 606 καὶ
330 555 622 621 ἐσταύρωται
657 554 741 618 μὲν
768 555 906 607 αὐτὸς
931 555 997 623 τῷ
1032 552 1212 624 κόσμῳ,
1241 556 1315 605 καὶ
1341 554 1435 619 μὴν
1463 557 1487 606 ὁ
1515 554 1693 619 κόσμος
1713 578 1841 609 Gal.vi.
1860 589 1905 617 14.

104 639 241 708 αὐτῷ,
269 641 344 689 καὶ
378 637 436 702 ἧν
463 637 756 706 ἀξιάγαστος
792 638 996 700 ἀληθῶς,
1025 638 1134 687 ἀλλ’
1164 638 1322 703 ἡγεῖτο
1358 637 1517 706 σοφὸν
1540 637 1605 702 μὴ
1632 643 1694 692 εἷς

105 720 158 772 τὸ
193 725 357 771 οἰκεῖον
384 719 601 788 χάρισμα
628 718 838 781 βλέπειν,
866 718 999 769 ἀλλὰ
1030 717 1116 783 τὴν
1142 724 1236 770 τῶν
1263 721 1393 771 οὔπω
1430 719 1695 786 γεγονότων

104 803 202 855 κατ’
225 802 365 854 αὐτὸν
392 803 639 854 ἀσθένειαν
661 801 885 853 ὑπόθεσιν
906 803 1165 868 ἀναγκαίαν
1190 806 1427 853 ποιεῖσθαι
1454 806 1519 871 τῷ
1542 802 1690 872 λόγῳ.

105 885 218 936 ὅταν
244 886 324 936 οῦν
351 884 558 952 ἀκούσῃς
583 884 807 949 λέγοντος
824 882 890 934 ΔΟ
917 883 1007 954 γαρ
1038 884 1378 955 κατεργάζομαι
1409 888 1451 935 οὐ
1476 885 1694 950 γινώσκω,

40 993 88 1019 ιο
106 967 248 1018 ἐννόει
291 966 420 1020 τινὰς
459 971 553 1017 τῶν
595 964 835 1032 ὑπεράγαν
880 967 1176 1032 ἁμαρτωλῶν
1221 966 1468 1030 οἰομένους,
1505 965 1575 1017 ὅτι
1614 965 1696 1017 τὸν

105 1047 398 1115 πανάριστον
436 1050 627 1112 ἀληθῶς
666 1048 861 1114 διαζῶσι
898 1048 1019 1110 βίον,
1047 1050 1122 1099 καὶ
1161 1047 1232 1099 ὅτι
1271 1051 1354 1112 τῆς
1393 1050 1440 1099 ἐν
1475 1051 1591 1117 τῷδε
1630 1052 1696 1118 τῷ

106 1131 273 1200 κόσμῳ
310 1134 493 1198 τρυφῆς
531 1132 606 1181 καὶ
644 1129 882 1199 ἐξιτηλίας
921 1128 1054 1180 οὐδὲν
1089 1128 1146 1180 ἂν
1178 1130 1359 1196 γε’νοιτο
1394 1130 1448 1181 τὸ
1486 1133 1691 1181 ἶσοστα-

106 1219 231 1264 τοῦν·
273 1212 712 1277 καταμυσάττονται
738 1211 823 1276 μὲν
849 1211 941 1278 γὰρ
968 1214 1051 1276 τῆς
1079 1213 1318 1266 ἐπιεικείας
1347 1211 1451 1266 τοῦς
1478 1213 1694 1278 τρόπους,

106 1294 438 1361 ἐναβρύνονται
477 1294 526 1345 δὲ
564 1297 639 1345 καὶ
680 1296 1022 1345 ἐνσπαταλῶσι
1065 1295 1174 1345 λίαν
1215 1299 1314 1348 ταῖς
1356 1299 1501 1364 σφῶν
1542 1296 1696 1345 αὐτῶν

42 1394 90 1432 15
108 1377 305 1440 ἡδοναῖς·
347 1379 421 1427 καὶ
446 1378 551 1443 περὶ
578 1377 731 1427 αὐτῶν
758 1374 890 1439 οἶμαί
910 1399 1002 1428 που
1029 1378 1180 1445 φησὶν
1208 1377 1232 1427 ὁ
1261 1381 1458 1431 Παῦλος
1498 1385 1524 1407 “
1546 1381 1610 1428 Οἱ
1637 1376 1696 1428 τά
1715 1396 1920 1439 Phil.iii.19.

109 1465 136 1487 ‘⁶
162 1458 339 1524 ἐπίγεια
375 1463 671 1527 φρονοῦντες,
700 1456 764 1509 ῶν
792 1459 816 1508 ὁ
843 1456 948 1511 θεὸς
982 1459 1010 1522 ἡ
1044 1460 1214 1522 κοιλία,
1243 1461 1318 1510 καὶ
1353 1460 1381 1523 ἡ
1414 1458 1532 1528 δόξα
1565 1462 1613 1511 ἐν
1639 1464 1696 1528 τῇ

109 1547 136 1569 “
162 1540 365 1608 αἰσχύνῃ
400 1541 594 1593 αῦτῶν.”
648 1541 775 1591 οῦτοι
807 1545 944 1608 φαῖεν
969 1540 1026 1591 ἂν
1060 1540 1245 1595 εἰκότως
1277 1540 1337 1595 ὥς
1372 1565 1416 1592 τι
1451 1547 1544 1592 τῶν
1572 1543 1695 1607 ἄγαν

109 1621 447 1685 ἐπαινουμένων
485 1627 776 1687 πληροῦντες
814 1623 868 1673 τὸ
908 1627 1097 1690 φαῦλον
1126 1621 1192 1674 ιὈ
1225 1622 1315 1693 γαρ
1353 1624 1694 1694 κατεργάζομαι

112 1708 155 1755 οὐ
193 1705 414 1770 γινώσκω.
468 1705 633 1754 οὐκοῦν
660 1705 961 1756 ἀκουέτωσαν
1001 1712 1027 1734 “
1053 1705 1328 1775 Ἐκνήψατε
1367 1710 1408 1757 οἱ
1448 1707 1694 1769 μεθύοντες
1714 1725 1873 1766 Joeli.5.

43 1792 138 1827 20“
163 1786 220 1854 ἐξ
261 1785 385 1837 οἴνου
426 1787 625 1837 αὐτῶν·”
685 1785 828 1852 ὅνπερ
870 1786 963 1853 γὰρ
1008 1786 1186 1854 τρόπον
1230 1792 1272 1839 οἱ
1317 1787 1576 1858 φιλοπόται
1621 1791 1696 1840 καὶ

110 1870 311 1921 κάτοινοι
348 1870 753 1936 παρακεκομμένοι
792 1875 859 1940 τῷ
896 1870 1035 1922 πάθει
1069 1874 1152 1935 τῆς
1185 1871 1387 1925 διανοίας
1413 1871 1468 1923 τὸ
1494 1871 1695 1938 ἀκριβὲς,

110 1953 193 2002 οὐκ
229 1949 286 2002 ἂν
310 1954 467 2002 εἰδεῖεν
493 1950 552 2002 τὰ
587 1953 734 2019 σφίσι
769 1952 984 2019 δρώμενα
1019 1952 1137 2004 κατὰ
1163 1953 1245 2004 τὸν
1272 1959 1355 2004 τοῦ
1380 1953 1564 2016 μεθύειν
1588 1977 1690 2005 και-

109 2033 206 2100 ρὸν,
234 2035 379 2087 οὕτως
418 2036 460 2084 οἱ
497 2033 583 2097 τὴν
616 2035 766 2100 φρένα
806 2035 1250 2101 κατηῤῥωστηκότες
1288 2037 1337 2086 ἐκ
1377 2036 1696 2104 φιλοσαρκίας

111 2117 186 2166 καὶ
212 2120 307 2166 τῶν
332 2116 598 2183 αἰσχίστων
623 2116 816 2180 ἡδονῶν,
843 2116 947 2167 οὐδὲ
974 2116 999 2167 ὅ
1024 2140 1068 2167 τι
1093 2116 1207 2168 ποτὲ
1234 2119 1413 2182 δρῶσιν
1439 2120 1595 2168 εἰδεῖεν
1620 2117 1692 2167 ἄν·

46 2213 93 2252 25
112 2195 299 2261 νόσημα
337 2196 393 2260 δὴ
423 2198 506 2248 οῦν
532 2198 784 2264 ἀνθρώπου
823 2198 1013 2264 καρδίας
1040 2199 1065 2248 ὁ
1093 2202 1289 2252 Παῦλος
1327 2199 1436 2262 ἡμῖν
1462 2199 1694 2267 ἐξηγεῖται

111 2279 265 2344 λέγων
294 2277 358 2329 “O
397 2278 487 2347 γαρ
529 2281 868 2349 κατεργάζομαι
903 2283 946 2330 οὐ
977 2280 1200 2345 γινώσκω·
1259 2284 1295 2330 εἰ
1334 2279 1383 2330 δὲ
1424 2279 1481 2343 δή
1521 2303 1587 2334 τις
1627 2280 1694 2345 ε’ίη

111 2366 205 2414 τοῖς
242 2360 326 2424 μὲν
352 2360 445 2412 ἀπὸ
470 2367 553 2412 τοῦ
591 2361 860 2415 συνειδότος
895 2356 1119 2429 ἐλέγχοις
1145 2362 1504 2431 τρυφερωτέραν
1533 2361 1696 2428 ὥσπερ

113 2444 295 2511 ὑπέχων
329 2442 416 2507 τὴν
450 2444 615 2494 ἑαυτοῦ
654 2444 861 2509 καρδίαν,
890 2445 965 2494 καὶ
1003 2443 1272 2511 ἀσχάλλων
1309 2443 1394 2507 μὲν
1425 2443 1495 2495 ὅτι
1533 2451 1694 2508 πλημ-

112 2530 256 2589 μελεῖ,
282 2524 411 2589 πλὴν
437 2525 503 2575 ε”τι
537 2524 961 2589 πλεονεκτούμενος
995 2531 1096 2579 ταῖς
1134 2530 1194 2579 εἷς
1231 2526 1463 2592 ἁμαρτίαν
1488 2526 1692 2590 ἡδοναῖς,

48 2630 97 2666 30
114 2608 187 2657 καὶ
225 2606 323 2657 οἷον
359 2605 639 2670 ἀβουλήτως
678 2604 759 2656 ἰὼν
796 2605 915 2673 πρὸς
954 2607 1008 2657 τὸ
1041 2607 1333 2672 πλημμελὲς,
1374 2608 1492 2675 φαίη
1528 2607 1584 2658 ἂν
1623 2611 1689 2658 εἱ-

114 2835 121 2841 .
163 2801 193 2824 1.
216 2791 397 2836 μονονουχὶ
413 2791 450 2825 δὲ
468 2791 513 2826 A.
740 2802 773 2837 5.
799 2794 864 2837 μὴν
880 2805 949 2827 om.
968 2794 1011 2827 A.
1243 2802 1274 2839 7.
1301 2792 1370 2827 κατ’
1389 2793 1489 2826 αὐτὸν
1505 2794 1694 2836 γεγονότων

113 2847 249 2871 mverso
266 2837 387 2871 ordine
405 2839 448 2871 A.
675 2850 727 2872 12.
753 2838 888 2886 κόσμῳ]
908 2840 973 2886 βίῳ
992 2841 1035 2873 Α.
1262 2839 1315 2874 16.
1342 2838 1442 2883 δόξα]
1467 2843 1503 2878 -†—
1524 2838 1631 2872 αὐτῶν
1647 2837 1692 2871 Α.

118 2890 170 2926 17.
194 2883 327 2919 εἰκότως
344 2895 414 2917 om.
432 2884 476 2918 A.
708 2897 760 2930 19.
785 2885 922 2932 οὐκοῦν]
947 2891 983 2927 -i-
1005 2885 1096 2920 οὗτοι
1114 2887 1158 2920 Α.
1396 2885 1451 2919 26.
1476 2885 1541 2929 γὰρ
1560 2895 1630 2918 om.
1649 2883 1692 2917 A.

114 2939 171 2972 30.
196 2930 280 2973 φαίη
299 2930 342 2964 Α.
359 2930 465 2975 φαίην
484 2930 525 2964 Β.
546 2930 611 2965 Ed.
