2001 3257
283 146 364 186 170
684 144 733 183 B.
767 140 1039 183 CYRILLI
1081 137 1464 179 ALEXANDR.
1697 134 1781 175 xxi.
1799 144 1865 187 25.

280 256 460 320 ἀρετῆς,
501 257 692 314 μᾶλλον
730 251 777 301 δὲ
817 248 956 302 αὐτὸς
991 252 1086 299 πᾶν
1128 244 1246 300 εἶδος
1287 246 1511 313 ὑπάρχων
1552 246 1729 309 ἀρετῆς,
1769 245 1867 295 πῶς

281 337 364 386 οὐκ
403 335 460 385 ἂν
499 333 624 403 δρῴη
664 330 941 399 κεκριμένως
986 332 1061 380 καὶ
1100 334 1251 390 τοῦτο,
1291 329 1366 379 καὶ
1404 326 1712 392 ἀλοιδόρητον
1749 347 1868 376 παν-

280 422 429 471 τελῶς
470 415 726 480 ἐποιήσατο
765 413 852 477 τὴν
890 411 1055 479 ῥοπὴν,
1091 410 1177 473 τὴν
1215 414 1276 463 εἷς
1314 409 1369 460 τὸ
1411 408 1582 476 χρῆναί
1624 412 1746 475 φημι
1786 409 1869 470 τῆς

281 498 469 563 ἀγάπης
509 497 671 566 ἀξιοῦν
701 495 783 546 τὸν
813 494 981 546 τούτου
1013 497 1170 559 τυχεῖν
1207 491 1493 560 ὀφείλοντας
1533 486 1869 558 προεξηγησά-

280 603 418 643 μενος
452 580 607 630 τοίνυν
645 578 694 628 εὖ
729 575 861 641 μάλα
897 576 972 626 καὶ
1003 575 1286 640 ἠγαπῆσθαι
1320 571 1618 639 προειρηκὼς,
1645 570 1868 633 ἀκόμπως
1889 583 1911 622 5

281 685 329 712 τε
365 663 439 712 καὶ
472 659 775 729 ἀφιλοδόξως
808 660 975 725 κομιδῇ
1009 653 1394 726 μεμαρτυρηκέναι
1426 655 1548 722 φησὶ
1575 658 1670 722 περὶ
1699 651 1867 715 τούτων,

281 742 587 812 ἀξιαγάστως
622 742 711 806 ἤδη
738 742 814 791 καὶ
849 743 1007 793 καλῶς
1032 736 1087 789 τὸ
1113 743 1370 788 συννεῦσαι
1409 735 1517 789 τοὺς
1544 733 1869 800 ἀκροωμένους

282 824 349 879 οἷς
389 822 603 893 γέγραφέ
641 846 689 874 τε
735 824 810 873 καὶ
851 819 1218 887 μεμαρτύρηκεν,
1257 821 1319 873 ὡς
1357 818 1414 887 ἐξ
1457 816 1664 883 ἀνάγκης
1708 819 1865 866 αἰτῶν·

59 909 336 958 1123Α-ἑιοὺ
375 906 469 974 γὰρ
495 906 553 957 ἀν
578 905 819 974 ἐψεύσατο
858 907 940 968 τῆς
980 902 1204 967 ἀληθείας
1229 903 1253 953 ὁ
1281 900 1444 969 κῆρυξ.
1502 898 1578 949 διὰ
1616 904 1754 949 τοῦτο
1793 896 1874 948 καί

283 994 436 1058 φησιν
467 986 644 1057 οἴδαμεν
681 987 743 1038 ’ότι
782 984 944 1046 ἀληθής
980 985 1091 1036 ἐστιν
1129 985 1395 1054 ἡμαρτυρία,
1422 983 1566 1033 αὐτοῦ.
1620 978 1870 1048 σφαλερὸν
1894 1000 1941 1025 10

282 1072 364 1122 οὖν
391 1071 483 1138 ἄρα
510 1073 585 1121 καὶ
617 1068 863 1133 πάνδεινον
890 1069 1080 1131 ἀληθῶς
1105 1069 1417 1134 ψευδομυθεῖν
1443 1063 1496 1115 τὸ
1522 1061 1762 1129 παράπαν,
1789 1062 1871 1112 οὐκ

281 1152 455 1206 εἰδότος
483 1152 651 1217 ἀνδρὸς
689 1150 752 1214 μὴ
785 1149 1035 1217 προΐεσθαι
1063 1148 1242 1217 φωνήν“
1293 1148 1347 1197 οὐ
1379 1145 1472 1213 γὰρ
1500 1145 1558 1196 ἀν
1584 1143 1726 1195 αὐτὸν
1753 1143 1870 1209 ἠγά-

281 1258 436 1299 πησεν
462 1234 490 1297 ἡ
518 1232 716 1298 ἀλήθεια
742 1231 1051 1297 παραλύοντα
1077 1230 1162 1294 τὴν
1187 1229 1425 1293 ἀλήθειαν.

216 1396 399 1443 25ἼΞστι
437 1396 482 1437 δὲ
523 1396 591 1436 καὶ
628 1395 740 1437 ἄλλο(
779 1394 919 1435 Πολλὰ
959 1394 984 1434 ἆ
1024 1392 1224 1434 {noh-16&
1254 1392 1276 1433 ὁ
1304 1391 1484 1441 ἸΗσοῦε,
1510 1390 1633 1430 ἅτινα
1665 1387 1741 1430 ἐὰν
1774 1387 1874 1445 Γρά-

237 1481 263 1521 b
353 1495 489 1536 φΗται
535 1480 628 1520 καθ’
673 1478 733 1529 ἓν,
776 1477 877 1519 οὐδὲ
921 1476 1050 1518 αὐτὸν
1095 1471 1212 1525 οἶμαι
1261 1475 1332 1517 τὸν
1378 1474 1537 1522 κόσμον
1586 1476 1778 1529 χωρῆσαι
1819 1470 1871 1513 τὰ
1897 1483 1944 1522 15

350 1563 601 1620 Γραφόμενα
641 1560 792 1613 βιβλία,
829 1561 958 1610 ἀμήν.

360 1676 536 1740 Πολλὴ
575 1676 659 1738 μὲν
698 1677 835 1741 ἄγαν,
876 1676 1041 1742 φησὶν,
1082 1674 1109 1738 ἡ
1149 1676 1231 1736 τῆς
1271 1672 1527 1737 θεοσημίας
1566 1668 1763 1735 πληθὺς,
1797 1671 1870 1720 καὶ

283 1760 598 1825 ἀναρίθμητος
632 1762 878 1810 παντελῶς
904 1758 929 1807 ὁ
956 1761 1051 1807 τῶν
1077 1753 1455 1822 κατορθωμάτων
1482 1757 1697 1821 φανεῖται
1731 1752 1872 1803 κατά-

285 1848 446 1905 λογος,
493 1842 568 1890 καὶ
619 1842 669 1890 ἐκ
713 1839 890 1904 μυρίων
933 1837 1062 1889 ὅσων
1106 1837 1295 1905 ἐλήφθη
1341 1839 1492 1896 ταυτὶ,
1535 1833 1875 1900 πληρεστάτην

284 1924 544 1985 ἐμποιῆσαι
569 1927 664 1975 τοῖς
691 1919 1000 1986 ἀκροωμένοις
1027 1917 1113 1983 τὴν
1137 1918 1304 1983 ὄνησιν
1329 1919 1412 1969 οὐκ
1437 1917 1662 1970 ἀνικοίνως
1688 1917 1870 1984 ἔχοντα.
1897 1930 1946 1955 20

285 2004 369 2055 τὸν
409 2003 456 2054 δὲ
493 2002 874 2070 συγγεγραφότα
913 2001 997 2065 τὴν
1035 2002 1212 2062 βίβλον
1241 2000 1307 2064 μὴ
1346 1998 1680 2061 καταιτιάσθω,
1709 2001 1872 2066 φησὶν,

245 2089 312 2138 οό
359 2086 704 2154 φιλακροάμων
749 2088 823 2135 καὶ
867 2083 1222 2151 χρηστομαθὴς,
1265 2087 1303 2133 εὶ
1346 2084 1422 2133 καὶ
1465 2080 1531 2146 μὴ
1574 2086 1669 2132 τῶν
1708 2080 1874 2147 ἑτέρων

284 2169 513 2233 ἐμνήσθη.
574 2170 650 2218 καὶ
690 2166 782 2234 γὰρ
823 2165 877 2217 τὸ
919 2167 1024 2217 καθ’
1071 2164 1119 2216 ἓν
1161 2170 1198 2216 εἰ
1243 2165 1505 2232 γέγραπται
1550 2168 1645 2215 τῶν
1685 2172 1869 2214 τετελε-

284 2252 488 2314 σμένων,
527 2249 932 2316 παραλειφθέντος
971 2246 1169 2310 οὐδενὸς,
1196 2246 1476 2313 ἐπλήρωσεν
1512 2244 1572 2296 ἀν
1604 2245 1690 2309 τὴν
1724 2249 1873 2296 οἰκου-

285 2333 429 2396 μένην
456 2334 480 2383 ὁ
513 2337 608 2383 τῶν
633 2331 838 2392 βιβλίων
871 2329 1113 2398 ἀχώρητος
1150 2328 1310 2396 ὄχλος.
1360 2329 1682 2394 ὑπερβολικῶς
1716 2326 1764 2377 δὲ
1798 2329 1874 2378 καὶ
1896 2348 1946 2387 25

287 2420 368 2464 νῦν
398 2414 484 2476 τὴν
515 2419 598 2464 τοῦ
637 2412 786 2478 λόγου
825 2412 1020 2475 δύναμιν
1055 2411 1348 2474 πεποιῆσθαί
1375 2415 1546 2477 φαμεν.
1600 2409 1742 2475 μυρία
1780 2408 1873 2475 γὰρ

285 2495 430 2549 ὅντως
469 2495 688 2558 ἐννοήσαι
729 2518 797 2548 τις
836 2494 892 2545 ἂν
931 2493 1006 2544 διὰ
1041 2496 1124 2557 τῆς
1157 2498 1240 2543 τοῦ
1280 2495 1500 2557 Σωτῆρος
1538 2491 1671 2555 ἡμῶν
1708 2491 1873 2558 ἰσχύος

284 2581 631 2642 πεπληρῶσθαι
671 2576 905 2638 θαύματα.
956 2574 1236 2643 γεγράφασι
1274 2571 1423 2639 γεμὴν
1458 2578 1552 2623 τῶν
1583 2573 1874 2638 εὐαγγελίων

288 2663 332 2709 οἱ
379 2659 571 2724 κήρυκες
616 2658 675 2708 τὰ
715 2660 763 2708 ἐν
802 2662 897 2711 τοῖς
935 2657 1160 2722 γεγονόσι
1198 2655 1523 2721 λαμπρότερα,
1568 2652 1687 2705 κατά
1727 2677 1781 2719 γε
1819 2653 1874 2705 τὸ

240 2748 264 2787 d
287 2741 418 2803 εἰκὸς,
446 2742 520 2791 καὶ
547 2740 600 2789 δι’
630 2737 695 2789 ῶν
719 2738 776 2803 ἧν
802 2739 1020 2802 μάλιστα
1045 2737 1153 2790 τοὺς
1179 2736 1498 2803 ἀκροωμένους
1524 2735 1756 2787 δύνασθαι
1792 2741 1873 2798 βε-
1895 2755 1945 2791 30

285 2826 542 2884 βαιοῦσθαι
567 2820 685 2886 πρὸς
710 2822 874 2872 πίστιν
900 2819 984 2884 τὴν
1010 2818 1371 2887 ἀπαράφθυρον,
1390 2819 1466 2868 καὶ
1482 2818 1731 2868 παίδευσιν
1752 2817 1873 2885 ε”χειν

576 2963 602 2984 1.
630 2951 711 2984 αὐτὸ
732 2950 770 2984 Ε.
1145 2957 1199 2993 27.
1224 2947 1327 2983 ὅντως
1346 2947 1419 2982 Εάῑ.
1437 2946 1504 2981 ὅσα
1526 2946 1591 2980 Ed„
