2012 3272
116 145 199 186 viii.
219 158 256 200 3.
444 141 514 182 IN
551 141 893 182 EPISTOLAM
930 141 1012 182 AD
1049 141 1359 183 ROMANOS.
1614 145 1693 184 211

1764 221 1778 242 2
1821 210 1870 242 M.

113 251 431 317 ἀπήλλακται,
457 249 562 302 τότε
598 255 693 302 τῶν
719 250 776 319 ἐξ
799 252 1028 317 ἁμαρτίας
1055 251 1304 317 ἀλογήσας
1331 256 1487 302 κακῶν
1513 253 1589 302 καὶ
1614 258 1698 303 τοῦ
1733 211 1746 252 [
1786 220 1802 251 5
1890 209 1905 251 ]

112 337 194 397 τῆς
223 331 401 398 σαρκὸς
437 333 846 398 κατευμεγεθήσας
882 332 1039 396 νόμου,
1068 332 1330 402 ἧλευθέρωσέ
1347 358 1419 402 με,
1446 335 1582 402 φησί·
1624 335 1700 384 καὶ

112 416 194 466 οὐκ
233 414 370 469 αὐτός
408 438 500 466 που
538 415 726 468 πάντως
766 414 851 480 τὴν
891 416 1158 482 ἐλευθερίαν
1200 415 1366 478 διδοὺς,
1402 415 1610 482 γεγονὼς
1651 414 1699 466 δὲ

112 501 302 560 μᾶλλον
327 497 436 561 ἡμῖν
461 498 726 564 ἐλευθερίας
751 496 981 566 πρόξενος
1017 501 1100 562 τῆς
1141 496 1216 548 διὰ
1243 501 1477 564 Χριστοῦ.
1533 496 1700 563 ὥσπερ

72 577 162 632 5δὲ
207 577 312 632 τοὺς
361 578 450 630 ὑπὸ
499 578 644 641 νόμον
691 578 829 632 ὄντας
874 578 958 630 τὸν
1006 582 1089 643 τῆς
1134 579 1364 646 ἁμαρτίας
1414 577 1551 630 πᾶσά
1600 602 1701 633 πως

114 658 293 726 ἀνάγκη
321 664 394 711 καὶ
429 665 523 714 τοῖς
558 666 640 711 τοῦ
672 659 877 712 θανάτου
911 663 1313 725 καταδεσμεῖσθαι
1344 660 1551 728 βρόχοις,
1581 662 1702 712 οὕτω

114 740 222 796 τοῦς
256 741 346 811 ἔξω
381 741 636 808 γεγονότας
666 743 823 806 αὐτῆς,
851 743 1255 809 ἠλευθερωμένους
1282 766 1332 793 τε
1360 742 1434 793 διὰ
1460 748 1698 809 Χριστοῦ,

116 827 186 875 δεῖ
219 823 275 888 δὴ
313 822 461 875 πάλιν
499 824 590 893 ἔξω
629 848 678 876 τε
719 822 832 875 εἶναι
876 824 1098 888 θανάτου,
1127 827 1203 875 καὶ
1245 825 1459 889 ἀμείνους
1501 826 1704 891 ὁρᾶσθαι

117 909 311 975 φθορᾶς,
340 907 415 957 καὶ
441 905 528 972 ζῆν
554 908 602 957 ἐν
628 907 868 976 ἁγιασμῷ.

50 1080 98 1104 10
166 1066 226 1108 Τὸ
264 1068 341 1124 Γὰρ
378 1067 588 1110 ἀδύνατον
626 1072 699 1110 τοῦ
739 1069 870 1117 νόμου
908 1068 952 1109 ὲν
991 1066 1027 1122 ᾧ
1061 1069 1228 1109 ἠσθένει
1266 1068 1335 1108 διὰ
1376 1073 1447 1109 τιῗιε
1485 1069 1656 1125 σαρκός,
1725 1087 1849 1123 3sqq.

191 1179 516 1249 Ἀξιάγαστος
542 1180 627 1244 μὲν
654 1182 678 1231 ὁ
705 1181 1024 1247 μυσταγωγὸς
1051 1183 1127 1232 καὶ
1154 1180 1320 1249 ἰσχνὸς
1348 1182 1470 1247 ἄγαν
1496 1186 1556 1235 εἰς
1584 1186 1700 1233 θεω-

118 1261 233 1328 ρίας,
260 1263 442 1327 ἰδιώτης
469 1261 515 1313 δὲ
542 1262 660 1314 εἶναι’
686 1268 811 1330 φησι
849 1267 915 1332 τῷ
955 1261 1100 1332 λόγῳ.
1153 1263 1378 1331 ταύτῃτοί
1413 1268 1570 1331 φαμεν
1596 1265 1700 1330 ἐρυ-
1728 1283 1928 1316 2(10r.xi.6.

120 1347 338 1409 θριῶντες
377 1344 520 1407 οὐδὲν,
562 1345 632 1395 ὅτι
678 1347 736 1413 τῇ
781 1344 996 1413 συνθήκῃ
1040 1349 1134 1396 τῶν
1174 1345 1489 1411 προκειμένων
1530 1346 1708 1414 λέξεων

120 1427 269 1477 λείπει
307 1450 351 1478 τι
389 1427 547 1495 βραχὺ
576 1427 694 1493 πρὸς
733 1430 896 1491 ε’ντελῆ
937 1426 1251 1495 διασάφησιν·
1305 1427 1393 1477 ε”δει
1432 1426 1526 1493 γὰρ
1565 1431 1708 1478 εἰπεῖν

54 1529 102 1567 15
121 1512 177 1559 Tb
204 1507 295 1578 γέιρ
322 1507 528 1561 ἀὸύνοιτον
560 1512 630 1561 τοῦ
661 1508 784 1574 νόμου
811 1510 849 1560 ἐν
877 1508 911 1579 ᾧ
937 1508 1090 1570 ἠσθένει
1118 1507 1194 1560 (9ιᾶ
1219 1508 1294 1569 τῆς
1321 1509 1487 1577 σαρκὲς
1514 1509 1709 1560 λέλυται

119 1591 263 1658 τυχὸν
289 1590 316 1656 ἢ
342 1591 588 1643 πέπαυται·
641 1590 738 1642 εἶτα
773 1596 1165 1657 προσεπενεγκεῖν
1192 1596 1274 1641 τοῦ
1311 1590 1592 1657 πράγματος
1625 1590 1711 1656 τὴν
1729 1613 1784 1646 26
1807 1609 1868 1644 M.

120 1671 364 1735 ἀπόδοσιν,
398 1675 472 1724 καὶ
511 1679 594 1724 τοῦ
633 1672 870 1724 λελύσθαι
909 1671 1128 1740 συνάψαι
1166 1671 1249 1723 τὸν
1278 1672 1468 1738 τρόπον,
1503 1696 1706 1739 προστι-

121 1754 259 1805 θέντα
293 1754 440 1806 πάλιν
463 1756 526 1806 Ὁ
554 1755 646 1821 γὰρ
674 1755 786 1809 Θεὶς
823 1753 890 1805 τὶν
929 1755 1080 1806 ἑαυτοῦ
1115 1754 1197 1806 υἱὶν
1232 1749 1442 1825 πέμψεις
1472 1756 1509 1806 ἐν
1548 1756 1706 1822 ὁμοιώ-

120 1859 233 1904 ματι
286 1836 452 1907 σαρκὶς
501 1839 731 1906 ἁμαρτίαις
783 1841 861 1888 καὶ
910 1840 1003 1905 περὶ
1056 1838 1288 1906 ἁμαρτίαις
1340 1838 1591 1905 κατήργηκε
1643 1836 1712 1896 τὴν

58 1946 106 1971 20
122 1921 345 1989 ἁμαρτίαν
372 1921 408 1971 ἐν
430 1926 479 1991 τῇ
506 1924 655 1989 σσιρκὶ·
698 1921 773 1969 καὶ
800 1917 858 1969 τὰ
884 1918 1066 1972 τούτοις
1085 1918 1275 1986 ἐφεξῆς.
1321 1917 1525 1985 ἐχούσης
1552 1917 1600 1968 δὲ
1625 1915 1712 1969 ὦδε

121 2003 204 2065 τῆς
228 2005 322 2052 τῶν
350 2001 526 2070 λέξεων
553 1999 806 2065 συνθήκης,
834 2000 954 2051 κατά
980 2023 1034 2066 γε
1059 1998 1141 2051 τὸν
1167 1999 1331 2051 ἐνόντα
1358 1999 1544 2051 σκοπὸν
1570 2001 1710 2069 αὐτῷ,

122 2082 233 2150 φέρε
267 2083 640 2149 καταθρήσωμεν
666 2085 748 2146 τῆς
775 2080 850 2132 διὰ
876 2086 1094 2148 Χριστοῦ
1131 2082 1377 2148 θεραπείας
1402 2082 1485 2133 τὸν
1510 2081 1709 2148 τρόπον,

121 2164 352 2216 πέπαυται
391 2165 438 2216 δὲ
478 2165 604 2219 ὅπως
642 2164 687 2216 τὶ
727 2160 933 2215 ἀδύνατον
962 2166 1033 2214 τοῦ
1067 2162 1205 2231 νόμου,
1233 2165 1309 2214 καὶ
1342 2167 1476 2214 ποῖον
1502 2162 1560 2214 ἂν
1588 2163 1714 2217 ὅλως

123 2246 176 2297 τὸ
203 2246 432 2298 ἀδύνατον
458 2251 610 2298 νοοῖτο
646 2251 729 2296 τοῦ
757 2244 916 2308 νόμου,
944 2247 1019 2295 καὶ
1045 2245 1180 2296 ποίου
1208 2245 1368 2308 νόμου·
1424 2249 1719 2307 λεπτομυθεΐ

61 2354 108 2392 25
125 2327 217 2394 γὰρ
242 2331 351 2379 λίαν
376 2329 400 2379 ὁ
427 2327 651 2395 θεηγόρος
676 2329 723 2377 ἐν
751 2326 949 2380 τούτοις.
993 2326 1271 2394 ἀποδέχεται
1303 2326 1460 2377 τοίνυν
1493 2328 1554 2379 ὡς
1581 2328 1710 2394 ὠφε-

125 2415 224 2460 λεῖν
261 2410 452 2473 εἰδότας,
490 2408 573 2461 τόν
611 2433 659 2460 τε
699 2414 781 2459 τοῦ
823 2412 949 2459 Θεοῦ
989 2408 1145 2471 νόμον,
1191 2410 1312 2477 φημὶ
1353 2407 1400 2459 δὲ
1442 2407 1498 2471 δὴ
1543 2406 1626 2458 τὸν
1665 2408 1715 2457 ἐν

126 2490 390 2557 γράμμασι,
433 2493 507 2542 καὶ
551 2490 633 2541 τόν
670 2514 724 2556 γε
762 2496 845 2540 τοῦ
883 2489 1161 2553 πνεύματος,
1197 2490 1306 2540 καθ’
1350 2488 1403 2540 ὃν
1441 2488 1715 2556 ἐσχήκαμεν

126 2571 180 2622 τὸ
219 2573 371 2625 θέλειν
404 2571 458 2623 τὸ
497 2571 690 2638 ἀγαθὸν,
720 2570 807 2623 κᾶν
833 2575 869 2622 εἶ
908 2571 973 2636 μὴ
999 2571 1281 2638 παρακέοιτο
1313 2570 1458 2639 τυχὸν
1485 2570 1539 2621 τὸ
1568 2571 1711 2621 δύνα-

177 2727 208 2752 2.
235 2717 288 2752 καὶ
305 2729 374 2751 om.
394 2718 439 2752 A.
698 2718 732 2751 8.
759 2717 799 2761 δὴ
818 2721 1041 2762 assumptum
1060 2728 1100 2750 ex
1120 2716 1164 2751 A.
1431 2726 1484 2751 11.
1511 2715 1654 2762 θεωρίαν
1671 2715 1715 2748 Α.

133 2773 186 2796 12.
212 2765 321 2808 φησιν
338 2762 420 2798 εἶναι
437 2764 576 2798 inverso
593 2763 714 2798 ordine
732 2765 775 2798 A.
962 2763 1015 2797 16.
1040 2764 1284 2808 προσενεγκεῖν
1301 2762 1345 2796 A.
1362 2763 1650 2806 προσυπενεγκεῖν
1671 2761 1713 2794 Β.

135 2819 188 2854 19.
213 2809 398 2855 κατῆργηκε
416 2810 557 2844 exhibet
576 2810 707 2844 Catena
723 2816 884 2855 utraque.
1056 2820 1112 2843 20.
1140 2809 1287 2854 ἐχούσης
1303 2809 1339 2842 δὲ
1358 2810 1422 2843 ὧδε
1440 2809 1486 2842 Α.
1505 2808 1627 2841 δέδωκε
1646 2806 1714 2840 Ed.

135 2866 189 2889 21.
213 2870 252 2900 γε
270 2857 360 2890 Α.Β.
377 2871 413 2891 τε
432 2856 500 2891 Ed.
655 2868 711 2901 23.
737 2855 843 2901 ὅπως]
864 2855 953 2899 ὅμως
971 2855 1015 2889 A.
1170 2867 1225 2898 24.
1252 2858 1312 2889 τοῦ
1330 2857 1432 2898 νόμου
1451 2856 1560 2889 νοοῖτο
1578 2854 1716 2886 inverso

133 2901 254 2936 ordine
272 2903 316 2937 A.
389 2903 443 2937 καὶ
458 2903 557 2938 ποίου
575 2904 678 2948 νόμου
695 2915 766 2937 om.
785 2903 820 2947 (a
837 2904 941 2946 νόμου
958 2902 1001 2936 ad
1020 2904 1122 2947 νόμου
1140 2902 1354 2945 transiliens)
1377 2902 1415 2935 B.
1598 2897 1652 2932 26.
1680 2898 1716 2931 δὲ

135 2955 354 2994 assumptum
372 2961 413 2984 ex
432 2950 477 2984 A.
667 2950 724 2984 28.
749 2948 808 2983 κᾶν
825 2961 895 2983 om.
915 2949 957 2982 B.

866 3015 980 3043 ΕΘΖ
