1986 3282
94 148 192 190 xvii.
214 149 280 192 26.
379 149 453 190 IN
495 150 538 191 S.
570 149 909 191 JOANNEM.
971 149 1098 191 LIB.
1132 149 1211 191 ΧΙ.
1274 149 1536 191 ΟΛΡ.ΧΙΙ.
1628 152 1680 192 13

91 258 442 323 ἀποτελουμένη
481 258 712 327 φαίνεται.
763 262 918 326 σοφοῖ
949 258 1034 321 μὲν
1073 258 1167 325 γὰρ
1207 260 1231 309 ὁ
1270 258 1454 324 Πατὴρ,
1494 260 1674 309 ἀποκα-
1700 282 1722 309 c

90 339 285 391 λύπτων
319 340 402 392 τὸν
436 341 552 392 ἰ’διον
581 341 715 392 Υἱόν·
769 344 923 410 σοφοῖ
956 340 1004 392 δὲ
1043 340 1175 392 οὐδὲν
1209 341 1352 406 ἧττον
1385 342 1460 391 καὶ
1493 341 1518 390 ὁ
1550 340 1680 403 Υἱὸς,

90 422 445 475 ἀποκαλύπτων
486 424 569 475 τὸν
611 423 819 490 Πατέρα.
885 425 960 474 καὶ
999 428 1116 488 γοῦν
1154 426 1220 493 τῳ
1258 423 1471 492 μακαρίῳ
1512 422 1681 492 Πέτρῳ

90 506 214 573 φησὶ
253 508 360 573 περὶ
398 506 458 558 τὰ
495 506 612 572 μέρη
655 506 944 573 Καισαρείας
984 508 1067 570 τῆς
1103 504 1396 569 καλουμένης
1436 505 1682 556 Φιλίππου
1744 512 1908 587 ῗέζῖῖῑῑῦ·

49 593 118 642 5“
142 587 390 654 Μακάριος
428 586 471 639 εἶ
507 590 669 653 Σίμων
709 588 812 655 Βάρ
846 589 998 651 Ἰωνᾶ,
1039 587 1109 639 ὅτι
1150 587 1285 657 σὰρξ
1324 589 1399 638 καὶ
1442 586 1557 651 αἷμα
1598 588 1683 638 οὐκ
1744 567 1876 646 ‘lu-173·

90 675 118 698 cc
1671 669 1681 685 ’

145 669 432 740 ἀπεκάλυψέ
463 693 556 733 σοι,
596 670 761 722 ἀλλ’ὁ
796 670 967 737 Πατήρ
1005 693 1097 735 μου
1135 671 1161 722 ὁ
1201 673 1249 722 ἐν
1288 675 1384 724 τοῖς
1423 671 1666 736 οὐρανοῖς.’

91 752 432 818 διωμολογήκει
470 752 565 820 γὰρ
604 755 629 804 ὁ
666 752 880 818 μαθητὴς
919 755 994 804 καὶ
1038 757 1295 804 πιστεῦσαι
1337 753 1684 821 διισχυρίσατο,

90 832 162 884 ὅτι
201 833 339 889 αὐτὸς
378 835 447 900 εἰἠ
475 835 691 902 Χριστὸς
718 837 742 886 ὁ
766 835 883 890 Υἱὸς
909 841 992 887 τοῦ
1020 839 1147 886 Θεοῦ
1184 841 1267 886 τοῦ
1307 834 1492 901 ζῶντος.
1545 834 1685 889 αὐτὸς

89 914 138 966 δὲ
173 918 272 968 νυνὶ
306 919 411 985 περὶ
446 920 611 970 ἑαυτοῦ
638 922 792 988 φησιν
808 917 916 970 ‘'Ort
953 918 1168 989 ἐγνώρισα
1194 920 1343 973 αὐτοῖς
1371 917 1417 969 τὶ
1445 917 1581 986 ὄνομά
1608 942 1684 969 σου
1705 923 1732 964 d

22 1019 71 1045 10
92 1003 170 1050 καὶ
199 1005 409 1070 γνωρίσω.
463 1001 517 1052 οὐ
542 1000 636 1067 γὰρ
660 1000 918 1070 κατέληξεν
945 1000 1298 1052 ἀποκαλύπτων
1323 1000 1433 1065 ἡμῖν
1459 1003 1484 1051 ὁ
1514 1005 1681 1052 Μονο-

88 1081 226 1147 γενὴς
265 1089 348 1134 τοῦ
388 1082 495 1134 καθ’
522 1083 688 1135 ἑαυτὸν
719 1084 983 1150 μυστηρίου
1021 1082 1107 1147 τὴν
1140 1083 1336 1147 δύναμιν
1361 1083 1685 1151 ἀποκαλύψας

88 1168 185 1218 τοῖς
222 1165 425 1231 πρώτοις
464 1167 512 1216 ἐν
551 1167 730 1234 ἀρχαῖς·
793 1167 972 1232 ἐνεργεῖ
1004 1165 1052 1216 δὲ
1091 1171 1229 1217 τοῦτο
1271 1164 1347 1217 διὰ
1381 1166 1572 1230 παντὸς,
1613 1168 1685 1217 ε’ν-

89 1248 302 1314 σπείρων
349 1248 535 1319 ἑκάστῳ
579 1248 662 1300 τὸν
706 1249 782 1300 διὰ
833 1255 916 1300 τοῦ
965 1247 1240 1314 Πνεύματος
1292 1247 1559 1318 φωτισμὸν,
1606 1251 1683 1300 καὶ

90 1334 398 1397 χειραγωγῶν
437 1334 500 1384 εἷς
537 1331 796 1396 ἐπίγνωσιν
834 1335 928 1381 τῶν
969 1330 1084 1396 ὑπὲρ
1123 1336 1233 1381 νοῦν
1270 1332 1346 1381 καὶ
1385 1330 1536 1396 λόγον
1574 1330 1683 1385 τοὺς

24 1426 70 1466 15
92 1415 376 1478 ἀγαπῶντας
408 1412 564 1464 αὐτόν.
623 1413 672 1463 τί
703 1412 750 1464 δὲ
778 1411 834 1477 δὴ
861 1416 1105 1479 κατορθῶν
1131 1414 1207 1463 καὶ
1234 1412 1353 1464 κατὰ
1377 1414 1481 1464 τίνα
1505 1411 1683 1479 τρόπον

91 1495 212 1559 ἡμᾶς
238 1497 440 1564 ὠφελῶν
466 1494 782 1564 ἀποκαλύψαι
808 1495 892 1559 μὲν
918 1496 1007 1560 ἤδη
1033 1500 1130 1549 τοῖς
1156 1499 1406 1560 μαθηταῖς,
1430 1496 1683 1562 γνωρίσειν

90 1576 240 1643 γεμὴν
267 1579 343 1627 καὶ
378 1581 474 1631 τοῖς
508 1576 627 1642 μετὰ
660 1583 808 1629 ταῦτα
834 1577 1166 1645 διισχυρίζεται
1191 1576 1273 1628 τὸν
1302 1576 1506 1644 Πατέρα,
1533 1577 1682 1629 πάλιν

89 1659 228 1713 αὐτὸς
255 1659 491 1729 ὑπέδειξεν
517 1659 659 1712 εἰπών
675 1658 773 1712 Ἵνα
801 1663 822 1721 ἦ
847 1660 1014 1727 ἀγάπη
1041 1660 1084 1720 ἢν
1109 1659 1357 1726 ἠγάπησάς
1386 1683 1445 1729 με
1473 1661 1511 1712 ἐν
1538 1664 1683 1716 αὐτοῖς
1702 1685 1724 1711 e

89 1739 111 1816 ᾗ
152 1740 285 1808 κάγὼ
336 1742 374 1793 ἐν
413 1745 574 1798 αὐτοῖς.
631 1747 727 1796 τοῖς
765 1742 858 1810 γὰρ
903 1741 980 1793 διὰ
1020 1742 1214 1808 θεωρίας
1258 1746 1533 1809 εἰλικρινοῦς
1577 1745 1678 1794 ἐπι-

20 1849 71 1875 20
90 1829 266 1890 γνῶναι
305 1827 544 1889 δυνηθεῖσι
577 1823 660 1876 τὸν
699 1824 824 1876 Θεὸν
860 1825 936 1876 καὶ
970 1823 1177 1892 Πατέρα,
1217 1824 1599 1888 πεπαιδευμένοις
1637 1824 1686 1877 δὲ

89 1905 210 1958 κατὰ
253 1907 496 1974 ἀκρίβειαν
539 1912 624 1958 τοῦ
667 1906 788 1958 κατὰ
830 1907 1048 1974 Χριστὸν
1089 1908 1355 1973 μυστηρίου
1397 1905 1481 1959 τὸν
1518 1907 1684 1973 λόγον,

88 1987 285 2059 ὑπάρξει
316 1989 373 2054 δὴ
399 1988 589 2044 πάντως
627 1992 702 2041 καὶ
741 1988 1085 2059 ἀναμφιλόγως
1121 1990 1366 2057 περιέσται
1404 1988 1459 2042 τὸ
1493 1990 1683 2044 τελείως

87 2072 370 2137 ἀγαπᾶσθαι
395 2071 525 2139 παρὰ
548 2072 755 2139 Πατρὸς,
783 2073 893 2124 καθ’
924 2072 1176 2138 ὁμοιότητα
1214 2077 1298 2124 τοῦ
1322 2075 1455 2124 Υἱοῦ.
1501 2071 1678 2124 τελειό-

87 2175 208 2204 τατα
245 2152 339 2221 γὰρ
379 2155 546 2223 ἀγαπᾷ
579 2154 662 2206 τὸν
700 2154 817 2206 ’ίδιον
850 2153 968 2206 Υὶὸν
1007 2156 1032 2206 ὁ
1072 2154 1258 2221 Πατήρ·
1314 2153 1597 2221 ἐναυλίζεται
1632 2154 1681 2205 δὲ

19 2263 68 2303 25
89 2237 165 2286 καὶ
204 2235 343 2290 αὐτὸς
379 2238 404 2287 ὁ
434 2237 664 2303 Χριστὸς,
699 2235 775 2288 διὰ
806 2242 889 2288 τοῦ
926 2236 1097 2303 Ἀγίου
1135 2235 1356 2301 δηλονότι
1390 2236 1680 2301 Πνεύματος,

87 2316 348 2369 συνάπτων
374 2321 437 2373 εἷς
462 2318 721 2383 οἰκειότητα
747 2316 833 2383 τὴν
858 2318 1176 2383 πνευματικὴν
1202 2318 1257 2370 δι’
1286 2321 1451 2371 ἑαυτοῦ
1477 2323 1544 2389 τῷ
1572 2323 1681 2389 Θεῷ

87 2401 163 2450 καὶ
181 2402 337 2467 Πατρὶ
364 2399 446 2452 τὸν
475 2399 713 2467 ἐγνωκότα
739 2399 897 2464 αὐτὸν,
923 2400 1270 2470 ἀπαράφθορόν
1294 2424 1344 2452 τε
1367 2404 1450 2466 τῆς
1477 2405 1681 2468 θεογνω-
1700 2432 1720 2457 a
1739 2423 1902 2459 1010A.

86 2483 197 2536 σίας
237 2484 285 2533 ἐν
325 2482 473 2551 ἑαυτῷ
511 2482 594 2534 τὸν
639 2482 788 2548 λόγον
832 2484 1072 2535 ὠδίνοντα.
1138 2483 1340 2552 ἐγνώρισε
1381 2483 1430 2535 δὲ
1478 2485 1589 2549 ἡμῖν
1633 2485 1680 2536 τό

87 2564 224 2633 ὄνομα
261 2569 346 2615 τοῦ
374 2564 580 2630 Πατρὸς,
604 2563 723 2616 Υὶὸν
761 2565 871 2629 ἡμῖν
909 2564 1074 2616 ἑαυτὸν
1109 2566 1358 2635 ἐπιδείξας.
1414 2567 1681 2635 παρέψεται

15 2680 66 2717 30
85 2644 178 2712 γὰρ
205 2647 282 2697 καὶ
309 2645 616 2713 ἱσοδρομήσει
642 2646 798 2712 πάντη
824 2670 874 2699 τε
901 2649 976 2699 καὶ
1001 2647 1190 2702 πάντως
1215 2651 1274 2716 τῇ
1307 2650 1414 2715 περὶ
1448 2655 1531 2701 τοῦ
1566 2672 1674 2715 γεν-

86 2726 292 2791 νήματος
318 2729 496 2794 γνώσει
531 2730 607 2780 καὶ
632 2729 660 2793 ἡ
686 2731 793 2796 περὶ
818 2735 902 2781 τοῦ
935 2729 1255 2797 γεννήσαντος
1282 2731 1439 2795 αὐτὸν,
1466 2730 1678 2797 καθάπερ

86 2809 168 2860 οῦν
191 2808 366 2875 ἀληθὲς
392 2812 468 2861 καὶ
492 2809 546 2863 τὸ
571 2810 792 2876 ἔμπαλιν.

136 2969 191 2993 21.
218 2959 288 2994 κατ’
308 2959 444 3006 Migne.
617 2971 672 3004 24,
697 2961 763 3007 γὰρ
782 2972 846 3006 pro
864 2961 900 2996 δέ
920 2961 961 2996 Ε.
1126 2973 1182 3008 32.
1211 2961 1269 2998 οὖν
1287 2967 1511 3007 assumptum
1529 2972 1570 2996 ex
1590 2960 1630 2995 E.
