2012 3272
234 127 474 169 CONTRA
505 127 891 168 THEODORUM
930 128 1111 169 EPISC.
1147 128 1321 168 MOPS.
1356 128 1470 170 LIB.
1504 128 1564 169 ΙΙ.
1628 131 1711 170 529

116 250 251 290 supra
271 243 474 276 natm-am
495 235 582 289 ejus
603 235 677 289 qui
702 235 964 289 consequitur
987 236 1226 288 beneficimn
1242 251 1254 275 :
1285 236 1356 276 ille
1377 250 1473 277 vcro
1495 244 1710 291 tamquam

118 305 353 358 beneficium
373 317 631 358 consequens,
652 311 689 345 cc
710 302 888 356 majora,
912 317 1040 355 qnam
1062 312 1135 353 cst,
1157 305 1209 344 ab
1230 318 1275 345 co
1296 305 1542 358 suscipiens.

715 484 869 524 SANCT1
905 484 1097 524 CriuLLI.

175 591 197 608 ‘⁴
222 585 359 625 Sobrii
387 590 518 626 estote
545 586 647 626 ebrii
675 601 725 627 cx
746 586 842 626 vino
864 585 1047 635 eorum,”
1075 586 1275 626 acclamet
1296 586 1446 639 aliquis
1478 586 1535 626 sic
1566 600 1705 626 erran·
1723 600 1800 631 Joel
1816 600 1836 631 i.
1858 608 1886 639 5,

73 675 94 710 5
114 652 241 693 tibus.
303 653 476 707 Impone
507 654 628 694 homo
659 658 755 695 tuae
785 654 955 707 ling-uae
986 655 1138 694 ostium
1171 659 1213 694 et
1244 669 1403 695 seram:
1435 669 1546 694 cessa
1578 669 1705 693 cornu
1725 655 1917 686 Sinxxviii.

114 721 157 760 in
188 722 456 762 altitudinem
486 722 701 772 extollens,
730 726 772 763 et
802 722 973 775 loquens
1005 722 1271 776 iniquitatem
1303 722 1521 762 adversum
1554 721 1703 762 Deum.
1724 706 1932 772 {lexiv'ffi

115 790 338 843 Quousque
368 790 545 830 insultas
575 791 752 844 patienti
782 791 986 831 Christo?
1047 791 1099 831 In
1132 794 1270 831 mente
1300 790 1406 830 habe
1438 791 1545 843 quod
1577 789 1703 843 scrip-

112 862 203 898 tum
225 864 287 899 est
308 875 332 899 a
352 860 494 899 divino
517 859 645 899 Paulo
669 865 693 883 “
713 859 781 899 Sic
802 874 898 900 vero
920 863 1135 912 peccantes
1164 860 1207 899 in
1235 859 1383 898 fratres
1408 862 1450 899 et
1471 859 1703 911 percutien-
1726 873 1738 895 1
1756 864 1910 895 Conviii.

115 932 137 949 “
158 930 221 967 tes
249 942 391 967 eorum
419 927 628 968 infirmam
657 928 963 976 conscientiam,
987 927 1032 967 in
1054 927 1269 967 Christum
1299 925 1518 980 peccatis.’'
1578 926 1637 966 Et
1658 931 1705 965 ut
1727 917 1774 938 ¹²¹

48 1015 93 1039 10
111 994 281 1048 aliquid
304 995 431 1035 etiam
468 1011 518 1036 ex
559 996 813 1049 propheticis
854 996 997 1049 loquar
1037 996 1246 1036 codicibus
1284 1001 1306 1017 “
1327 995 1353 1033 J
1359 994 1566 1034 ustificata
1607 998 1704 1034 sunt
1724 1005 1884 1038 cf.Ezek.

113 1068 139 1086 “
163 1063 340 1104 Sodoma
370 1079 420 1104 ex
450 1068 493 1104 te
511 1063 546 1113 ;'’
578 1065 781 1117 superasti
811 1079 1070 1117 paganorum
1091 1064 1376 1111 verbositates,
1398 1077 1499 1115 quas
1520 1062 1705 1102 fecerunt
1725 1050 1856 1088 xvi.51.

111 1135 254 1171 contra
277 1132 506 1182 Christum,
536 1132 760 1173 stultitiam
790 1132 1080 1172 existimantes
1109 1146 1283 1180 crucem,
1315 1130 1418 1170 nihil
1450 1145 1536 1170 csse
1566 1135 1703 1170 osten·
1728 1130 1872 1162 1cor.i.

112 1200 212 1240 disti
234 1200 259 1239 J
264 1200 430 1240 udaicae
459 1200 670 1254 superbiae
698 1200 884 1241 crimina.
946 1200 1159 1240 Minorare
1187 1199 1426 1252 praesumis,
1450 1202 1491 1239 et
1516 1197 1625 1252 quod
1653 1198 1706 1238 ad
1728 1174 1776 1205 ³8⁸

112 1272 154 1309 te
175 1270 368 1322 pertinet,
392 1269 575 1309 detrahis
600 1270 650 1309 ad
678 1269 895 1309 infamiam
918 1283 1012 1308 eum
1034 1269 1106 1321 qui
1134 1283 1329 1321 supernas
1358 1268 1473 1308 sedes
1498 1268 1703 1316 consedet,

47 1351 92 1388 15
113 1340 154 1377 et
174 1352 256 1377 una
277 1352 370 1377 cum
395 1338 482 1378 Deo
504 1342 546 1378 et
566 1337 689 1377 Patre
711 1337 896 1377 eamdem
920 1337 1057 1377 sedem
1080 1335 1218 1376 habet.
1280 1336 1390 1375 Eum
1415 1336 1527 1376 enim
1556 1336 1628 1388 qui
1656 1351 1706 1376 ex

113 1406 288 1445 mortuis
318 1406 554 1456 resurrexit,
586 1406 630 1445 in
661 1405 826 1445 sedibus
857 1404 1025 1445 deitatis
1063 1405 1202 1445 sedere
1238 1404 1341 1444 dicit
1374 1404 1706 1457 sapientissimus

112 1473 278 1514 Paulus,
327 1474 448 1514 Dixit
470 1474 594 1523 enim,
617 1474 725 1527 quod
749 1479 770 1495 ‘⁶
788 1473 930 1513 Talem
952 1472 1150 1513 habemus
1172 1472 1403 1525 principem
1425 1472 1701 1521 sacerdotum,
1720 1480 1927 1512 Heb.viii.1.

114 1547 136 1564 ‘⁵
158 1542 229 1595 qui
250 1542 365 1582 sedet
386 1542 427 1581 in
450 1542 618 1582 dextera
650 1541 755 1581 sedis
782 1541 1012 1594 majestatis
1043 1541 1087 1580 in
1118 1539 1328 1587 excelsis,'’
1351 1540 1423 1594 qui
1451 1544 1513 1580 est
1541 1546 1563 1562 “
1581 1555 1703 1593 super
1721 1548 1839 1588 Ephd.
1854 1557 1905 1579 21.

113 1615 135 1632 “
158 1624 322 1650 omnem
356 1610 636 1663 principatum
678 1613 720 1649 et
759 1613 1009 1662 potestatem
1049 1614 1091 1649 et
1131 1608 1458 1654 dominationem
1500 1612 1542 1648 ct
1582 1623 1704 1648 omne

44 1693 92 1718 20
113 1683 135 1700 ‘⁶
157 1692 307 1718 nomen
347 1679 455 1731 quod
495 1678 735 1718 nominatur
774 1693 857 1718 non
899 1677 1032 1718 solum
1073 1677 1115 1717 in
1155 1678 1232 1718 hoc
1274 1677 1420 1725 seculo,
1465 1678 1534 1717 scd
1575 1680 1617 1718 et
1658 1677 1701 1717 in

113 1751 135 1768 ‘⁶
158 1746 322 1786 futuros
398 1747 598 1787 Flectitur
633 1746 745 1786 enim
775 1745 811 1786 ei
845 1761 966 1786 omne
1002 1760 1125 1799 germ,
1155 1749 1197 1786 et
1228 1745 1362 1785 omnis
1398 1745 1543 1797 lingua
1575 1745 1701 1785 confi-
1720 1747 1805 1778 Phil.
1819 1748 1850 1779 ii.
1867 1757 1915 1784 10.

110 1817 223 1854 tetur
255 1814 362 1868 quod
396 1815 587 1855 dominus
615 1815 736 1854 Jesus
764 1813 957 1853 Christus
990 1814 1033 1853 in
1066 1813 1200 1867 gloria
1234 1817 1296 1853 est
1325 1813 1404 1853 Dei
1433 1813 1582 1853 Patris.
1644 1814 1701 1854 Et
1723 1800 1771 1822 Μ’

110 1882 202 1936 quis
229 1882 385 1936 estqui
416 1882 460 1922 in
491 1882 555 1922 his
583 1886 646 1922 cst
667 1886 881 1935 tamquam
903 1881 1048 1922 Deus?
1107 1881 1270 1921 Iterum
1301 1881 1410 1921 idem
1443 1882 1529 1934 ipse
1561 1882 1701 1934 expla-

110 1951 238 2000 navit,
262 1951 331 2004 qui
362 1951 449 2004 ejus
479 1951 771 2004 mysteriorum
805 1951 990 1990 sacerdos
1011 1953 1084 1989 est.
1148 1949 1270 1989 Dixit
1291 1949 1417 1998 enim,
1440 1949 1549 2002 quod
1574 1955 1596 1971 “
1615 1949 1702 1989 cxi·
1722 1948 1772 1979 Ib.
1789 1957 1817 1989 7,
1832 1949 1861 1980 8.

328 1746 336 1762 9

45 2031 91 2069 25
113 2024 135 2041 ‘⁶
157 2020 323 2059 nanivit
354 2019 546 2072 seipsum,
569 2019 614 2058 iu
645 2018 917 2059 similitudine
944 2018 1127 2057 hominis
1148 2018 1283 2058 factus
1313 2021 1376 2058 cst
1406 2021 1448 2057 et
1479 2017 1523 2057 in
1555 2018 1702 2057 habitu

113 2088 354 2128 “inventus
374 2091 587 2140 tamquam
613 2087 758 2126 homo:
792 2089 834 2126 et
862 2086 1102 2126 humiliavit
1134 2086 1312 2139 seipsum
1343 2086 1477 2126 factus
1509 2086 1704 2125 obediens

112 2161 136 2178 ‘⁶
159 2170 288 2209 usque
319 2155 370 2195 ad
392 2159 582 2203 mortem,
604 2158 781 2194 mortem
804 2157 944 2194 autem
970 2153 1141 2195 eruciSJ'
1203 2154 1405 2194 Flectitur
1426 2154 1561 2205 igitur
1582 2168 1703 2193 omne

111 2238 224 2276 genu
254 2222 493 2263 coelestium
524 2226 565 2263 et
595 2222 854 2262 terrestrium
885 2225 927 2261 et
958 2222 1184 2261 inferorum
1215 2222 1251 2261 ei
1282 2221 1353 2274 qui
1383 2235 1543 2260 crucem
1575 2221 1700 2260 susti-

111 2292 230 2332 nuit:
263 2306 384 2345 quem
410 2290 522 2343 puris
553 2294 594 2331 et
625 2290 720 2330 solis
750 2289 1026 2330 humanitatis
1057 2289 1261 2328 mensuris
1291 2288 1479 2341 injiciens
1509 2288 1700 2329 adversa-

44 2373 92 2409 30
112 2360 207 2410 rius,
240 2359 481 2399 memoriam
512 2362 554 2399 et
584 2358 867 2398 visitationem
900 2358 1097 2397 meruisse
1127 2357 1230 2397 dicit
1261 2371 1283 2396 a
1316 2357 1404 2396 Deo
1426 2356 1575 2405 Verbo,
1607 2371 1700 2396 cum

112 2432 219 2468 certe
259 2431 422 2480 oportet
458 2427 558 2467 scire
595 2430 637 2467 et
673 2440 812 2479 sapere
847 2427 956 2478 quod
991 2440 1075 2465 non
1111 2425 1217 2465 alter
1248 2425 1360 2464 Deus
1391 2424 1579 2464 Verbum
1612 2427 1701 2464 erat

110 2499 272 2549 praeter
292 2496 428 2548 ipsum
449 2495 580 2535 Filius
607 2494 828 2548 separatim
857 2497 898 2535 et
919 2509 991 2547 per
1011 2497 1185 2547 partem,
1208 2493 1278 2546 qui
1300 2507 1349 2533 ex
1371 2492 1526 2533 semine
1547 2492 1698 2540 David,

160 2659 191 2682 2.
219 2647 427 2692 conquirens
446 2647 493 2681 D.
652 2657 685 2690 3.
713 2646 766 2680 Ita
786 2647 830 2686 D,
852 2646 971 2690 Cyrilli
990 2646 1126 2687 Simius,
1146 2645 1298 2689 Cyrillus
1318 2643 1386 2678 Ed.
1530 2656 1562 2685 4.
1589 2643 1699 2676 accla-

112 2700 184 2728 met
203 2694 327 2728 Surius
345 2693 508 2727 citatione
524 2693 623 2727 tertia
647 2704 681 2736 p.
699 2702 779 2737 540.
797 2692 967 2726 adelamet
992 2692 1075 2735 (bis)
1096 2692 1142 2734 D,
1168 2691 1345 2724 “Veteres
1363 2690 1441 2723 libri
1455 2690 1477 2704 ”
1501 2690 1573 2723 vice
1596 2690 1698 2722 tertia

115 2741 249 2780 Baluz.,
269 2740 437 2773 declamet
456 2739 522 2774 Ed.
650 2739 682 2774 6.
709 2739 876 2772 adversus
895 2739 980 2781 (bis)
1002 2739 1046 2772 D.
1174 2749 1227 2779 14.
1254 2736 1419 2770 consedet
1437 2737 1470 2769 D
1491 2736 1580 2780 (vice
1599 2734 1698 2778 sec),

113 2786 280 2820 condecet
298 2786 344 2820 D.
365 2785 503 2825 Surius,
521 2784 691 2819 condocet
711 2786 843 2819 Bellov.
865 2786 953 2829 (vice
972 2784 1073 2829 sec),
1093 2783 1259 2818 concedet
1278 2783 1344 2816 Ed.
1508 2790 1558 2825 15.
1585 2787 1617 2813 et
1636 2782 1698 2813 alt.

113 2844 175 2866 om.
197 2833 243 2867 D.
412 2843 464 2876 19.
490 2843 594 2866 omne
611 2836 816 2876 assumptum
833 2843 873 2865 ex
894 2831 939 2873 D,
959 2831 1093 2865 Bellov.
1254 2840 1309 2863 22.
1336 2828 1447 2873 gloria
1463 2827 1531 2871 est]
1552 2826 1698 2870 gloriam

114 2878 194 2914 Sur.
383 2889 438 2919 25.
466 2878 644 2922 sedipsum
664 2878 744 2921 (sic)
766 2878 810 2912 D.
883 2877 1147 2911 similitudinem
1167 2876 1213 2909 D.
1288 2881 1340 2909 est
1360 2887 1422 2908 om.
1442 2874 1532 2906 haud
1549 2873 1634 2905 male
1654 2873 1698 2907 D.

114 2926 170 2959 28.
196 2925 412 2959 infernorum
434 2924 478 2958 D.
638 2935 692 2968 29.
720 2924 857 2957 initiens
879 2924 925 2958 D.
1083 2934 1139 2966 32.
1166 2921 1243 2967 qui]
1268 2926 1303 2961 4-
1325 2927 1376 2954 est
1396 2920 1441 2954 D,

170 2994 263 3022 voi..
288 2994 355 3021 111.
887 2994 908 3033 3
932 2993 956 3019 Y
