1986 3282
90 138 272 189 xvii.24.
335 138 402 178 IN
447 138 489 178 S.
525 137 866 178 JOANNEM.
933 137 1173 177 L113.X1.
1239 137 1375 177 CAP.
1410 137 1513 176 XII.
1650 136 1673 174 7

87 255 115 277 ‘⁵'
140 248 269 299 αὐτοὶ
296 247 378 301 τὸν
405 247 531 300 Θεὸν
559 248 808 316 ὅψονται.”
842 245 940 298 εἶτα
967 248 1082 300 τίνες
1106 245 1164 297 ἂν
1190 244 1277 297 εἷεν
1304 248 1346 296 οἱ
1375 245 1460 309 τὴν
1485 247 1677 309 καρδιαν

87 329 273 397 ε”χοντες
314 330 539 397 καθαρὰν,
567 334 603 380 εἰ
637 329 701 394 μὴ
730 331 889 380 ἐκεῖνοι
929 328 985 393 δὴ
1020 328 1207 382 πάντως
1247 332 1288 379 οἱ
1320 332 1377 396 τῇ
1409 326 1526 393 πρὸς
1555 324 1678 377 Θεὸν

86 411 246 463 ἑνώσει
284 415 344 481 τῇ
384 414 438 464 δι’
472 416 590 464 Υἱοῦ
629 414 677 463 ἐν
706 412 961 475 Πνεύματι,
1002 412 1323 479 φιλοσαρκιάς
1363 410 1447 472 μὲν
1486 407 1678 476 ἁπάσῃς

86 493 494 562 ἀναχωρήσαντες,
546 493 717 558 ἡδονὴν
768 492 816 544 δὲ
868 496 929 547 ὡς
976 491 1264 560 πορῥωτάτω
1315 492 1400 556 τὴν
1445 489 1678 554 κοσμικὴν
1696 505 1899 539 a1005A.

44 589 66 626 :n

86 575 410 640 ποιησάμενοι,
438 579 512 627 καὶ
548 574 634 640 τὴν
665 575 750 639 μὲν
781 576 950 626 οἰκείαν
983 573 1149 641 ὥσπερ
1180 573 1498 642 ἀρνησάμενοι
1533 571 1673 639 ζωὴν,

86 658 331 713 ἀναθέντες
370 658 418 710 δὲ
450 657 570 727 μόνῃ
610 663 667 726 τῇ
708 658 902 723 θελήσει
940 663 1024 708 τοῦ
1051 657 1345 721 Πνεύματος,
1381 659 1599 722 καθαρῶς
1629 678 1679 706 τε

86 741 161 790 καὶ
200 740 475 808 ὁλοτρόπως
518 739 915 803 πολιτευσάμενοι
959 743 1026 808 τῷ
1059 742 1274 808 Χριστῷ,
1316 736 1475 792 ὁποῖός
1514 761 1583 791 τις
1621 735 1680 801 ἧν

86 824 160 873 καὶ
188 824 213 873 ὁ
243 827 454 885 Παῦλος,
481 825 528 874 ἐκ
570 825 759 886 πολλῆς
798 819 920 887 ἄγαν
958 824 1040 886 τῆς
1079 820 1276 886 ἐνούσης
1310 821 1436 890 αὐτῷ
1471 818 1676 885 καθαρό-

86 926 223 968 τητος
251 906 303 955 οὐ
335 906 615 958 καταδείσας
648 908 789 956 εἰπεῖν
820 911 846 933 “
865 907 1065 973 Χριστῷ
1091 904 1501 969 συνεσταύρωμαι·
1540 903 1600 969 ζῶ
1630 901 1678 952 δὲ
1740 894 1814 970 {³3}
1833 905 1867 926 ¹¹·

20 1013 67 1038 10
88 994 114 1017 ‘⁶
141 987 291 1038 οὐκέτι
318 986 423 1053 ἐγὼ,
452 987 508 1056 ζῇ
536 987 584 1038 δὲ
619 989 666 1038 ἐν
692 988 791 1050 ἐμοὶ
819 984 1081 1053 Χριστός.”
1133 986 1288 1037 ἀκούω
1321 985 1369 1037 δὲ
1408 989 1483 1036 καὶ
1521 986 1678 1051 ἑτέρου

164 1068 177 1083 x
297 1074 316 1083 a
414 1070 426 1084 e
475 1070 485 1086 J
656 1069 668 1083 Ι
837 1068 847 1083 Ι
1071 1071 1084 1087 N
1182 1069 1194 1085 t
1613 1068 1622 1083 '
1739 1065 1820 1096 PSI

86 1092 211 1123 τινος
254 1093 348 1120 των
399 1093 547 1135 αγιων
592 1073 874 1138 ψαλλοντος
915 1092 964 1120 τε
1011 1092 1085 1120 και
1131 1075 1356 1134 λεγοντος
1407 1075 1433 1097 “
1465 1071 1679 1134 Καρδιαν
1743 1088 1857 1147 1254·

87 1158 113 1180 “
141 1151 353 1218 καθαρὰν
389 1153 554 1203 κτίσον
587 1154 635 1203 ἐν
660 1154 774 1216 ἐμοὶ,
804 1153 828 1202 ὁ
857 1151 993 1214 Θεὸς,
1019 1153 1094 1203 καὶ
1130 1157 1314 1213 πνεῦμα
1353 1150 1479 1205 εὑθές
1518 1150 1675 1217 ε’γκαί-

87 1242 114 1263 “
142 1257 278 1285 νισον
315 1236 364 1285 ἐν
401 1240 496 1288 τοῖς
534 1234 746 1301 ἐγκάτοις
783 1257 891 1298 μου·
940 1232 1005 1298 μὴ
1047 1234 1320 1302 ἀποῤῥίψῃς
1359 1257 1417 1298 με
1458 1233 1552 1285 ἀπὸ
1596 1239 1680 1284 τοῦ

87 1323 114 1345 “
141 1316 405 1383 προσώπου
425 1340 530 1379 σου,
552 1319 627 1368 καὶ
653 1316 707 1367 τὸ
731 1321 776 1367 Π
783 1315 928 1380 νεῦμά
953 1339 1046 1367 σου
1065 1315 1119 1367 τὸ
1138 1315 1313 1381 “Ἀγιον
1334 1315 1399 1381 μὴ
1421 1315 1678 1384 ἀντανὲλῃς
1697 1319 1723 1359 b

89 1406 115 1427 ‘⁶
143 1400 221 1450 ἀπ’
251 1401 375 1463 ἐμοῦ·
430 1398 605 1453 ἀπόδος
639 1422 718 1463 μοι
750 1398 836 1463 τὴν
862 1398 1159 1464 ἀγαλλιάσιν
1193 1404 1276 1449 τοῦ
1311 1399 1548 1463 σωτηρίου
1574 1421 1681 1460 σου,

90 1488 116 1510 “
142 1485 218 1532 καὶ
255 1481 485 1544 πνεύματι
523 1482 783 1550 ἡγεμονικῷ
822 1479 1052 1550 στήριξόν
1089 1481 1194 1544 με.”
1255 1481 1549 1546 ἀγαλλίασιν
1588 1479 1682 1547 γὰρ

89 1564 326 1630 σωτηρίου
363 1564 418 1614 τὸ
448 1567 645 1627 Πνεῦμα
685 1568 833 1626 καλεῖ,
873 1563 953 1614 ἅτε
993 1562 1049 1627 δὴ
1085 1565 1160 1613 καὶ
1200 1562 1413 1631 ὑπάρχον
1450 1561 1683 1631 πρόξενον

90 1651 238 1713 χαρᾶς
263 1645 349 1709 μὲν
383 1646 693 1710 ἀτελευτήτου
720 1647 795 1696 καὶ
823 1648 1073 1710 διηνεκοῦς,
1100 1645 1348 1710 ἡγεμονίας
1377 1643 1424 1695 δὲ
1455 1647 1536 1708 τῆς
1563 1644 1684 1695 κατὰ

89 1732 257 1780 παθῶν
296 1732 391 1779 τῶν
431 1729 479 1779 ἐν
520 1727 687 1798 κόσμῳ
725 1725 1022 1795 παρεκτικόν·
1085 1730 1282 1791 Πνεῦμα
1322 1727 1416 1794 γάρ
1455 1729 1559 1778 ἐστι
1600 1732 1684 1778 τοῦ

23 1832 70 1856 20
93 1811 211 1861 κατὰ
247 1810 474 1875 ἀλήθειαν
517 1810 770 1876 σωτηρίου,
813 1809 1030 1861 τουτέστι
1068 1812 1306 1876 Χριστοῦ.
1371 1808 1686 1876 πολυτρόπως

92 1893 241 1959 γεμὴν
280 1892 520 1960 ὀνομάζων
552 1891 681 1954 αὐτὸ,
709 1894 784 1943 καὶ
820 1892 1016 1958 καρδίαν
1048 1893 1332 1958 προσείρηκε
1364 1891 1577 1959 καθαρὰν
1610 1894 1686 1942 καὶ

92 1982 276 2039 πνεῦμα
314 1974 542 2026 ἐκάλεσεν
583 1974 723 2037 εὐθὲς,
760 1973 840 2025 ἅτε
881 1972 937 2038 δὴ
977 1974 1060 2025 οὐκ
1098 1972 1302 2042 ἐχόντων
1343 1975 1561 2039 εὐθυτενῆ
1600 1974 1687 2039 τὴν

94 2059 303 2124 καρδίαν,
355 2056 582 2122 σκαμβὴν
635 2056 682 2107 δὲ
732 2062 924 2120 μᾶλλον
974 2058 1051 2107 καὶ
1103 2057 1495 2123 διεστραμμένην,
1546 2059 1608 2111 ὡς
1660 2057 1883 2115 50Ps.0.3.

94 2141 307 2208 ψάλλων
346 2141 483 2208 φησὶ,
523 2144 618 2190 τῶν
656 2140 787 2190 οὔπω
831 2137 1229 2204 προσενωθέντων
1267 2140 1335 2207 τῷ
1375 2140 1483 2207 Θεῷ
1522 2140 1599 2189 καὶ
1637 2140 1685 2190 ἐν

25 2245 74 2283 25
95 2221 277 2291 μεθέξει
326 2219 589 2288 γεγονότων
631 2224 714 2284 τῆς
765 2220 983 2286 εὐλογίας
1027 2224 1245 2285 Χριστοῦ
1287 2223 1369 2284 τῆς
1408 2221 1484 2271 διὰ
1524 2221 1681 2272 Πνεύ-

94 2328 256 2369 ματος.

168 2387 254 2442 Ὠς
287 2388 335 2438 ἐν
373 2386 618 2456 κεφαλαίῳ
644 2390 896 2450 τοιγαροῦν
922 2388 1079 2448 εἰπεῖν,
1108 2384 1346 2453 ἐξαίρετον
1384 2390 1480 2439 τοῖς
1519 2387 1684 2436 ἑαυτοῦ

96 2471 347 2536 γνωρίμοις
379 2471 728 2532 ἀπονεμηθῆναι
764 2466 849 2531 τὴν
882 2466 1021 2534 χάριν
1056 2465 1293 2531 ἠθέλησεν
1327 2469 1352 2518 ὁ
1390 2466 1572 2533 Σωτὴρ,
1599 2467 1686 2531 τὴν

97 2554 147 2602 ἐκ
173 2557 255 2602 τοῦ
281 2552 494 2602 συνεῖναί
526 2573 574 2601 τε
606 2551 732 2618 αὐτῷ
770 2550 846 2600 καὶ
886 2551 1000 2615 ὁρᾶν
1039 2547 1107 2609 τὴν
1147 2546 1277 2619 δόξαν
1303 2550 1461 2601 αὑτοῦ·
1504 2549 1686 2616 ἦγοιπῆ-

28 2655 78 2690 30
98 2639 207 2685 σθαι
248 2634 304 2685 δέ
339 2638 462 2701 φησι
504 2634 578 2683 καὶ
620 2632 700 2701 xp}
745 2630 1013 2692 καταβολῆς
1057 2634 1238 2700 κόσμου,
1282 2632 1596 2700 ἀρχαιοτάτην
1638 2634 1686 2682 ἐν

96 2716 277 2770 τούτοις
318 2716 367 2767 εὖ
411 2714 545 2780 μα’λα
589 2713 765 2767 δεικνὺς
812 2712 898 2778 τὴν
939 2719 1021 2765 τοῦ
1068 2715 1175 2766 καθ’
1218 2713 1383 2766 ἑαυτὸν
1424 2715 1686 2780 μυστηρίου

151 2917 203 2941 10.
230 2904 358 2939 ἀκούων
375 2906 418 2940 Ε.
637 2903 758 2949 13-16.
784 2904 936 2947 ,αὴ-ἀπ’
955 2903 1036 2946 ἐμοῦ
1054 2908 1133 2948 post
1152 2902 1315 2948 στήριξόν
1332 2918 1371 2946 με
1391 2905 1627 2946 transponunt
1646 2900 1688 2934 E,

103 2953 277 2998 Georgius
295 2952 442 2997 Trapez.
676 2962 730 2986 20.
758 2951 826 2985 κατ’
848 2951 983 2995 Migne..
