2012 3272
127 128 211 183 i.3.
445 128 513 169 IN
555 127 895 169 EPISTOLAM
938 126 1019 168 AD
1064 126 1395 167 HEBRAEOS.
1629 127 1711 169 367

1735 193 1748 234 [
1769 198 1828 233 107
1848 192 1895 223 M.
1915 191 1928 232 ]

126 238 468 304 γεγεννημένος,
521 238 590 289 ἐπ’
644 236 838 300 ἐσχάτου
888 236 968 287 τῶν
1017 236 1172 305 ἡμερῶν
1223 235 1374 288 τούτων
1425 237 1712 301 γεγενῆσθαι

127 320 314 385 λέγεται
346 323 584 385 σαρκικῶς
614 321 664 370 ἐκ
698 318 932 384 γυναικός.
986 317 1199 383 ἀδικήσει
1239 318 1286 369 δὲ
1326 318 1451 371 ὅλως
1489 316 1621 368 οὐδὲν
1650 319 1711 370 εἷς

126 400 410 468 ἀρχαιότητα
440 404 675 468 θεοπρεπῆ
708 400 790 452 τὸν
816 403 962 454 οὕτως
988 401 1156 468 ἔχοντα
1191 399 1311 451 κατὰ
1337 399 1488 468 φύσιν
1513 397 1568 450 τὸ
1595 398 1708 449 νεώ-

126 506 261 548 τερον
287 486 369 546 τῆς
393 483 654 546 οἰκονομίας
682 484 783 534 οὔτε
810 481 903 547 μὴν
929 485 1010 546 τῆς
1038 482 1282 551 ὑπάρξεως
1308 482 1451 532 αὐτοῦ
1477 480 1531 531 τὸ
1554 502 1710 547 πρεσ-

86 585 107 622 5
127 565 333 626 βύτατον
376 565 461 629 τὴν
503 566 672 616 οἰκείαν
716 565 943 616 ἀπολέσει
986 563 1146 633 δόξαν·
1203 568 1463 630 γέγραπται
1508 561 1602 629 γὰρ
1643 562 1715 613 ὅτι

129 653 156 676 “
181 646 394 712 Χριστὸς
425 648 611 711 Ἰησοῦς
650 646 758 714 χθὲς
797 647 872 696 καὶ
910 646 1121 712 σήμερον
1160 646 1184 696 ὁ
1224 644 1364 699 αὐτὸς
1393 646 1470 696 καὶ
1510 649 1573 698 εἷς
1607 644 1714 698 τοὺς
1734 659 1828 690 Infra
1843 660 1910 691 xiii-

128 733 156 756 “
181 730 390 782 αἱῶνας.”
435 728 505 779 ὅτι
544 727 593 778 δὲ
632 729 707 779 καὶ
732 730 780 778 ἐν
805 726 949 794 σαρκὶ
980 727 1203 795 πεφηνὼς
1228 726 1714 794 προσμεμαρτύρηκεν
1735 704 1763 734 8’

128 810 276 879 ἑαυτῷ
302 809 355 861 τὸ
395 812 456 863 ὡς
488 811 537 861 ἐν
561 810 662 878 θείᾳ
688 809 832 878 φύσει
857 809 1205 875 πρεσβύτατον,
1233 808 1528 859 πιστώσεται
1561 808 1716 874 λέγων

127 889 245 957 πρὸς
283 891 535 945 Ἰουδαίους
574 899 600 921 “
626 890 767 955 Ἀμὴν
794 890 918 954 ἀμὴν
943 890 1068 956 λέγω
1109 892 1215 953 ὑμῖν
1244 891 1356 955 πρὶν
1382 888 1595 955 Ἀβραὰμ
1630 912 1707 955 γε·
1735 904 1878 959 S::.¹0st¹‚¹·

60 999 109 1024 10
128 980 155 1003 ‘⁶
180 973 345 1024 νέσθαι
370 974 462 1040 ἐγώ
483 974 617 1035 εἱμι·”
659 973 750 1042 ε”φη
772 971 820 1023 δὲ
848 973 922 1022 καὶ
943 973 967 1022 ὁ
990 971 1244 1025 θεσπέσιος
1269 970 1492 1035 Ἰωάννης
1518 972 1542 1022 ὃ
1569 972 1711 1037 εὐαγ-
1735 958 1802 978 vm.
1818 952 1869 987 ὅδ’

126 1055 353 1122 γελιστής
387 1062 414 1085 “
434 1057 497 1107 ‘O
524 1055 680 1106 ὀπίσω
706 1077 797 1118 μου
823 1053 1071 1121 ἐρχόμενος
1104 1052 1373 1120 ἔμπροσθέν
1398 1075 1488 1116 μου
1521 1053 1714 1119 γέγονεν
1735 1070 1786 1102 11).
1806 1070 1828 1101 i.
1846 1078 1893 1110 15.

128 1145 155 1167 ‘⁶
180 1137 251 1188 ὅτι
280 1136 464 1204 πρῶτός
502 1160 593 1202 μου
624 1135 726 1201 ἧν·”
778 1140 978 1187 πλουτεῖ
1011 1134 1105 1202 γὰρ
1131 1137 1179 1186 ἐν
1211 1139 1333 1187 πᾶσι
1372 1137 1447 1186 καὶ
1485 1135 1712 1202 πρωτεύει

127 1218 356 1286 Χριστός.

537 1344 616 1386 “Oc
654 1343 715 1386 ὣν
753 1344 1009 1394 &nemmem
1048 1349 1121 1386 τιῖιε
1159 1344 1301 1388 ὃόΕΗε.
1736 1353 1756 1389 3

63 1475 110 1513 15
194 1458 388 1526 ‘'ssav-ep
423 1461 554 1510 ἐστὶν
581 1460 808 1526 ἄτρεπτος
835 1460 859 1510 ὁ
889 1459 1058 1526 Πατὴρ
1084 1461 1152 1510 ἀεὶ
1180 1459 1408 1523 διαμένων
1439 1458 1570 1509 τοῦθ’
1599 1456 1714 1524 ὅπερ

128 1543 246 1602 ἐστὶ,
265 1541 434 1608 Πατὴρ
461 1540 680 1606 δηλονότι
706 1542 794 1608 οὐχ
813 1540 942 1604 Υἱὸς,
959 1542 1080 1592 οὕτω
1107 1543 1182 1592 καὶ
1209 1542 1234 1591 ὁ
1254 1540 1368 1594 Υἱὸς
1393 1541 1717 1608 ἐμφιλοχωρεῖ

127 1628 222 1677 τοῖς
257 1625 398 1686 ἰδίοις,
426 1621 541 1677 Υἱὸς
569 1624 636 1673 ἀεὶ
668 1623 820 1686 με’νων
847 1624 922 1673 καὶ
947 1627 1007 1677 εἰς
1036 1623 1229 1689 Πατέρα
1267 1621 1332 1687 μὴ
1357 1619 1713 1685 μεθιστάμενος,

127 1705 203 1756 ἵνα
229 1706 451 1774 φαίνηται
489 1707 565 1756 καὶ
604 1705 701 1755 κατ’
729 1704 842 1755 αὐτὸ
875 1703 931 1768 δὴ
965 1707 1093 1756 τουτὶ
1130 1704 1361 1774 χαρακτὴρ
1389 1704 1613 1771 ὑπάρχων
1640 1703 1716 1763 τῆς

128 1785 416 1842 ὑποστάσεως
451 1792 534 1838 τοῦ
562 1785 765 1851 Πατρός.
806 1785 892 1836 ἰ’δοι
917 1785 960 1836 δ’
989 1786 1047 1836 ὁίν
1074 1808 1143 1839 τις
1170 1786 1295 1854 αὐτῷ
1319 1788 1401 1849 τῆς
1438 1791 1521 1836 τοῦ
1546 1783 1706 1836 τεκόν-

60 1888 110 1914 20
127 1891 207 1923 τος
245 1869 476 1935 ὑπεροχῆς
516 1870 591 1919 καὶ
628 1867 721 1932 μὴν
761 1870 836 1918 καὶ
879 1868 1088 1921 εὐκλείας
1129 1867 1368 1933 ἐμπρέπον
1407 1866 1461 1918 τὸ
1507 1865 1705 1921 κάλλος.

128 1948 250 2004 Θεὸς
287 1950 380 2017 γάρ
406 1952 537 2001 ἐστιν
562 1947 784 2014 ἀληθινὸς
815 1949 873 2018 ἐξ
906 1951 1132 2013 ἀληθινοῦ
1160 1952 1299 2011 Θεοῦ,
1327 1953 1429 2017 φῶς
1459 1949 1510 1999 ἐκ
1537 1947 1710 2017 φωτὸς,

127 2030 218 2096 ζωή
241 2053 290 2082 τε
317 2032 485 2095 ὁμοίως
509 2033 559 2082 ἐκ
585 2031 717 2098 ζωῆς’
768 2030 1113 2097 ὑπερανέστηκε
1140 2029 1189 2081 δὲ
1215 2036 1447 2081 τοσοῦτον
1472 2027 1559 2094 τὴν
1582 2029 1709 2091 σύμ-

125 2136 291 2165 πασαν
316 2114 471 2164 κτίσιν
497 2113 614 2164 ὅσον
639 2112 696 2164 ἂν
722 2117 873 2164 νοοῖτο
906 2113 981 2163 καὶ
1017 2111 1156 2167 αὐτὸς
1183 2113 1208 2163 ὁ
1238 2112 1421 2178 Πατήρ.
1478 2112 1581 2162 ἔστι
1617 2110 1713 2177 γὰρ

127 2195 350 2261 ἀγένητος
375 2195 431 2264 ἐξ
452 2194 695 2260 ἀγενήτου,
723 2195 799 2244 καὶ
825 2194 878 2244 οὐ
903 2198 998 2247 τοῖς
1030 2194 1087 2262 ἐξ
1122 2194 1204 2244 οὐκ
1243 2192 1392 2243 ὅντων
1418 2196 1480 2246 εἷς
1518 2191 1572 2243 τὸ
1600 2190 1714 2242 εἶναι

61 2295 109 2334 25
127 2276 542 2342 παρενηνεγμένοις
562 2275 838 2342 ἐναρίθμιος·
878 2273 936 2338 ἧν
953 2273 1046 2340 γὰρ
1067 2275 1091 2324 ὃ
1109 2274 1265 2340 Λόγος
1282 2275 1330 2324 ἐν
1352 2275 1475 2342 ἀρχῇ
1497 2275 1574 2324 καὶ
1590 2272 1714 2327 Θεὸς
1736 2290 1783 2321 Ib.
1796 2289 1818 2321 i.
1836 2300 1862 2322 1.

127 2356 186 2422 ἧν
211 2357 425 2424 ὁΛόγος·
467 2362 567 2411 πῶς
593 2357 673 2407 οὖν
693 2356 784 2422 ἄρα
810 2354 863 2407 τό
885 2357 990 2407 Οὐκ
1017 2354 1074 2419 ἦν
1094 2354 1269 2420 ἀληθὲς
1293 2355 1427 2406 ε”σται
1454 2353 1714 2421 λεγόμενον

127 2441 196 2491 ἐπ’
225 2441 367 2490 αὐτοῦ
404 2437 534 2505 παρὰ
573 2443 668 2489 τῶν
705 2442 805 2491 ταῖς
843 2437 985 2490 θείαις
1025 2436 1360 2500 πολεμούντων
1392 2441 1636 2504 γραφαῖςς
1676 2439 1713 2487 εἰ

127 2521 221 2587 γάρ
251 2522 354 2572 ἐστι
391 2518 584 2585 γενητὸς
623 2521 721 2570 κατ’
750 2518 932 2578 αὐτοὺς,
962 2520 1353 2570 συνυποκείσεται
1391 2517 1580 2572 πάντως
1614 2522 1712 2571 τοῖς

129 2601 297 2656 ἄλλοις
323 2601 475 2653 ἅπασι
507 2604 581 2652 καὶ
613 2601 694 2652 τὸν
720 2603 803 2665 τῆς
829 2601 1041 2654 δουλείας
1075 2600 1387 2669 παραδέξεται
1414 2599 1567 2666 ζυγὸν,
1595 2600 1708 2650 διοί-

181 2801 211 2823 1.
235 2787 455 2834 γεγενημένος
473 2787 638 2822 mendose
657 2787 716 2822 Cr.
978 2787 1011 2821 6.
1035 2787 1186 2831 Χριστὸς
1202 2786 1335 2830 Ἰησοῦς
1351 2785 1418 2820 hoc
1435 2784 1557 2819 ordine
1574 2784 1714 2819 exhibet

131 2840 164 2869 et
183 2835 271 2869 Cod.
591 2845 642 2868 10.
669 2831 932 2879 εὐαγγελιστὴς]
954 2833 1148 2877 Βαπτιστὴς
1165 2833 1314 2867 correxit
1331 2833 1421 2866 male
1438 2832 1634 2874 intelligens
1655 2830 1713 2863 Cr.

135 2891 189 2924 15.
211 2892 229 2915 e
247 2893 276 2915 c.
296 2881 359 2915 sol.
381 2891 446 2926 239
464 2893 498 2915 v.
516 2880 575 2926 qui
599 2880 787 2925 praemittit
812 2882 830 2913 ὁ
854 2881 1016 2925 μακάριος
1040 2880 1077 2914 δέ
1103 2880 1264 2924 κὺριλλός
1287 2881 1407 2924 φησιν.
1459 2877 1575 2910 Verba
1600 2876 1714 2920 priora

133 2927 279 2974 (15-19)
306 2927 695 2971 ὥσπερ-ὑποστάσεως
712 2928 772 2960 τοῦ
788 2928 915 2971 πατρός
933 2927 1013 2961 citat
1031 2933 1064 2961 et
1083 2926 1131 2960 H.
1274 2936 1329 2968 24.
1352 2923 1532 2969 ἀγεννὴτου
1552 2922 1641 2956 Cod.
