1986 3282
95 139 276 193 xvii.25.
348 137 421 178 IN
466 137 508 177 S.
540 134 881 177 JOANNEM.
946 134 1070 175 LIB.
1105 134 1183 174 XI.
1246 133 1507 174 CAI’.XII.
1629 134 1678 172 11

98 249 266 316 κόσμον
292 250 429 316 φησὶ,
456 247 689 305 τουτέστι,
717 246 824 300 τοὺς
856 243 1256 310 ἀντιπράττοντας
1288 244 1362 294 ἐπὶ
1397 246 1463 311 τῷ
1501 242 1607 310 θείῳ
1633 264 1682 291 τε

94 334 169 383 καὶ
210 332 500 399 εὐαγγελικῷ
541 330 821 397 κηρύγματι,
867 327 942 379 διὰ
981 327 1036 378 τὸ
1082 331 1273 395 φρονεῖν
1311 324 1370 376 τὰ
1412 326 1460 375 ἐν
1500 324 1682 393 κόσμῳ,

134 414 144 430 Ι
324 412 346 430 3]
515 412 527 428 Χ
699 417 718 425 Α
810 411 823 426 N
1033 408 1046 425 s
1309 407 1319 423 Ι
1568 405 1580 422 ἵ
1666 407 1676 421 C
1796 408 1801 419 ἱ
1833 417 1840 424 ,

95 416 273 465 δικαιον
317 436 430 465 οντα
468 437 533 477 μη
574 417 739 477 μαθειν
778 435 861 463 τον
908 414 1115 475 Πατερα·
1161 416 1187 438 “
1212 412 1487 476 τετυφλωκε
1523 429 1617 473 γαρ
1658 429 1683 456 ο
1748 407 1849 437 ²0⁰¹·

1746 461 1830 487 lv.4.

95 503 124 526 ‘⁶
151 495 255 550 θεὸς
288 501 373 547 τοῦ
407 499 573 549 αἰῶνος
614 494 782 546 τούτου
820 492 879 545 τὰ
912 492 1124 557 νοήματα
1159 495 1254 542 τῶν
1280 490 1537 552 ἀπίστων,”
1570 491 1632 542 ὡς
1659 489 1684 539 ὁ

51 600 74 638 5
97 578 293 632 Παῦλός
339 583 506 646 φησιν,
553 584 579 608 “
605 580 667 631 εἰς
708 576 763 628 τὸ
807 575 873 640 μὴ
919 574 1131 641 αὐγάσαι
1175 572 1258 624 τὸν
1304 572 1556 642 φωτισμὸν
1602 577 1686 622 τοῦ

95 667 122 690 “
147 661 425 727 εὐαγγελίου
451 663 534 725 τῆς
560 659 701 729 δόξης
726 665 809 711 τοῦ
835 656 1094 726 Χριστοῦ·”
1140 661 1237 710 τοῖς
1264 654 1410 722 γεμὴν
1436 654 1684 724 σφετέροις

94 742 449 810 ἐπεμαρτύρησε
488 745 734 807 μαθηταῖς,
762 743 824 795 ὡς
859 739 1007 792 εἰδόσι
1038 762 1088 790 τε
1127 740 1202 790 καὶ
1241 735 1503 804 ἐγνωκόσιν
1528 735 1906 800 αὐτὸν,ει1008Α.

94 824 317 892 λαμπρὸν
349 828 423 877 καὶ
455 824 775 895 ἀξιοζήλωτον
814 825 902 875 κάν
939 822 1089 892 τούτῳ
1127 820 1276 873 πάλιν
1314 820 1469 873 αὐτοῖς
1506 842 1683 886 περιτι-

95 910 188 961 θεὶς
225 907 279 959 τὸ
315 908 516 978 ἀξίωμα.
565 908 662 958 ἅνω
688 905 782 974 γὰρ
807 904 969 970 πάσης
1000 907 1231 969 κοσμικῆς
1257 900 1587 967 ταπεινότητος
1611 904 1687 953 καὶ

30 1019 76 1044 ιο
95 991 495 1057 σμικροπρεπείας
547 988 800 1057 γεγονότας
852 987 1117 1056 ἀποφαίνει,
1158 985 1235 1036 διὰ
1284 985 1339 1036 τὸ
1391 985 1555 1036 εἰδέναι
1605 985 1689 1035 τὸν

98 1072 303 1140 Πατέρα,
340 1076 487 1138 δῆλον
526 1072 575 1124 δὲ
616 1072 767 1137 δήπου
802 1073 877 1122 καὶ
911 1068 1293 1135 ὡμολογημένον,
1325 1067 1396 1118 ὅτι
1431 1068 1507 1118 καὶ
1546 1066 1688 1117 αὐτὸν

95 1154 178 1206 τὸν
216 1155 350 1207 Υὶόν.
418 1156 493 1207 ὅτε
538 1156 694 1207 τοίνυν
739 1158 1065 1220 κατηγορεῖται
1104 1151 1188 1216 μὲν
1228 1158 1246 1204 ὁ
1291 1151 1472 1219 κόσμος,
1518 1153 1580 1204 ὡς
1622 1149 1687 1214 μὴ

96 1238 225 1294 εἰδὼς
258 1239 341 1290 τὸν
368 1239 574 1306 Πατέρα,
601 1237 832 1299 τουτέστι,
858 1235 941 1287 τὸν
972 1237 1128 1299 ἀληθῆ
1168 1257 1218 1286 τε
1256 1236 1331 1286 καὶ
1371 1234 1515 1301 φύσει
1542 1233 1684 1284 &edv-

96 1321 473 1389 μεμαρτύρηνται
511 1320 662 1387 γεμὴν
694 1322 756 1373 ὡς
789 1318 960 1372 εἰδότες
987 1322 1029 1369 οἱ
1063 1317 1283 1382 μαθηταί·
1329 1321 1430 1370 πῶς
1467 1316 1520 1367 οὐ
1546 1315 1693 1367 παντί

31 1429 76 1467 15
96 1427 162 1474 τῳ
205 1403 376 1455 λοιπὸν
417 1404 763 1472 ἀναμφίλογον,
802 1405 864 1455 ὡς
909 1402 992 1452 οὐκ
1037 1400 1094 1452 ἂν
1135 1398 1222 1452 εἶεν
1263 1400 1312 1450 ἐκ
1351 1404 1435 1450 τοῦ
1477 1397 1730 1461 &memb

95 1486 341 1554 γεγονότες
375 1487 464 1551 ἤδη
490 1491 572 1537 τοῦ
610 1484 724 1551 ὑπερ
752 1483 936 1548 κόσμον
959 1487 1191 1550 Χριστοῦ,
1221 1480 1340 1532 κατὰ
1365 1481 1419 1532 τὸ
1447 1479 1686 1547 εἰρημένον

1659 1561 1671 1577 Χ

96 1568 225 1636 παρὰ
264 1575 347 1620 τοῦ
375 1568 575 1619 Παύλου
614 1569 736 1618 “Δι’
777 1591 831 1618 ου
863 1568 964 1630 ἐμοὶ
1002 1564 1182 1628 κόσμος
1221 1563 1515 1630 ἐσταύρωται
1555 1564 1686 1629 κάγω
1748 1565 1821 1649 ξ’ῙῙ·
1839 1576 1882 1596 V1·

96 1657 125 1681 ‘⁶
149 1653 216 1721 τῷ
243 1651 455 1722 κόσμῳ·”
508 1652 583 1702 καὶ
609 1674 715 1717 περι
742 1651 874 1715 ἡμῶν
900 1648 949 1700 δὲ
973 1647 1121 1700 πάλιν
1148 1655 1174 1678 “
1193 1651 1258 1699 Oc
1285 1646 1332 1697 δὲ
1360 1652 1443 1698 τοῦ
1470 1649 1688 1712 Χριστοῦ
1749 1653 1801 1684 Ib·
1814 1664 1842 1684 v
1858 1663 1909 1691 2⁴-

97 1741 124 1765 ‘⁶
148 1734 312 1800 Ἰησοῦ
351 1733 437 1798 τὴν
477 1732 637 1800 σάρκα
682 1733 996 1798 ε’σταιῖοωσαν
1040 1730 1133 1782 σῦν
1174 1735 1270 1784 τοῖς
1315 1728 1569 1793 παθήμασι
1615 1751 1691 1779 και

27 1824 124 1863 20“
150 1822 251 1870 ταῖς
289 1816 619 1879 ἐπιθυμίαις;”
686 1816 777 1885 ἔξω
817 1813 866 1866 δὲ
901 1813 1084 1879 κόσμου
1123 1812 1280 1882 φαμὲν
1318 1813 1540 1879 γενέσθαι
1581 1809 1691 1865 τοὺς

95 1898 324 1963 μαθητάς,
357 1900 411 1950 οὐ
449 1900 577 1951 θεσει
616 1902 675 1967 τῇ
715 1897 834 1949 κατὰ
873 1896 1021 1949 τόπον
1059 1920 1134 1948 και
1171 1898 1438 1963 σωματικῇ·
1494 1894 1683 1962 διαφαί-

96 2005 253 2033 νονται
279 1982 373 2048 γὰρ
401 1990 427 2012 “
445 1985 506 2036 ὡς
533 1984 784 2050 φωστῆρες
807 1982 854 2031 ἐν
880 1980 1061 2050 κόσμω,
1088 1979 1236 2046 λόγον
1262 1978 1424 2073 ςωῆς’
1403 1993 1658 2044 επεχοντες
1663 1976 1686 1991 ”
1750 1965 1888 2050 {Dsslligff'

96 2065 207 2115 ἀλλ’
236 2064 307 2116 ὅτι
331 2070 694 2132 περιπατοῦντες
725 2065 800 2115 ἐπὶ
825 2066 908 2127 τῆς
939 2065 1027 2129 γῆς
1055 2064 1102 2113 ἐν
1129 2063 1311 2130 οὐρανῶ
1340 2059 1686 2120 πολιτεύονται,

97 2170 172 2198 και
214 2152 314 2202 ταῖς
353 2171 435 2212 της
478 2147 657 2215 σαρκὸς
698 2145 959 2209 ἐπιθυμίαις
1000 2143 1366 2213 ἀποταξαμενοι,
1407 2146 1600 2206 μᾶλλον
1641 2139 1729 2191 δὲο

27 2245 76 2285 25
98 2229 290 2309 απάσης
330 2233 559 2294 κοσμικῆς
598 2228 841 2292 ἐπιθυμίας
872 2227 955 2278 τὸν
986 2231 1152 2278 οἰκεῖον
1177 2225 1393 2289 ἀνωτερω
1420 2244 1690 2288 στησαντες

100 2318 223 2375 νοῦν,
250 2317 313 2366 εἷς
340 2314 578 2381 ὑπερφερῆ
604 2335 709 2362 τινα
735 2334 809 2361 και
833 2307 1145 2379 ὑψηλοτάτην
1171 2307 1477 2371 ἀνεπήδησαν
1504 2304 1687 2371 ἀρετὴν,

99 2394 218 2446 κατὰ
256 2395 310 2446 τὸ
342 2396 390 2445 ἐν
415 2398 633 2464 ψαλμοῖς
659 2391 898 2459 εἶρημενον
932 2398 957 2421 “
978 2392 1095 2441 Ὀτι
1121 2396 1203 2440 τοῦ
1231 2393 1356 2440 Θεοῦ
1396 2391 1438 2439 οἱ
1477 2388 1689 2454 κραταιοὶ
1750 2402 1804 2433 Ps.
1824 2401 1903 2432 xlvi.

1753 2454 1803 2476 10.

187 2481 207 2491 Α

98 2486 125 2509 “
151 2502 234 2542 της
274 2481 361 2545 γῆς
397 2475 593 2546 σφόδρα
631 2475 954 2542 ἐπήρθησανΫ
1009 2476 1052 2524 οἱ
1090 2495 1183 2539 γαρ
1221 2474 1421 2538 ἀνδρεῖοι
1460 2470 1536 2520 διὰ
1564 2469 1690 2520 Θεὸν

100 2560 402 2630 φρονήματος
437 2559 639 2626 ἐπιγείου
671 2557 724 2609 τὸ
763 2555 1046 2626 χαμαιπετὲς
1084 2553 1458 2622 παρελάσαντες,
1498 2551 1556 2603 τὰ
1596 2550 1693 2602 ἄνω

27 2664 77 2700 30
100 2646 292 2713 φρονεῖν
330 2642 578 2708 ἐγνώκασι·
644 2646 783 2691 τοῦτο
827 2638 921 2706 γὰρ
960 2637 1087 2702 οἶμαι
1126 2637 1376 2702 σημαίνειν
1413 2634 1468 2687 τό
1506 2632 1689 2698 Ἐπήρ-

102 2731 274 2790 θησαν.
316 2726 481 2776 οὐκοῦν
508 2730 525 2776 ὁ
550 2722 636 2788 μὲν
665 2724 835 2792 κόσμος
857 2721 1065 2788 ἠγνόησε
1094 2718 1279 2772 δίκαιον
1298 2718 1412 2770 ὄντα
1432 2740 1507 2779 σε,
1526 2717 1693 2785 φησὶν,

100 2806 137 2859 ὦ
166 2807 330 2877 Πάτερ.
388 2805 475 2873 ἐγω
513 2805 606 2873 γὰρ
646 2805 793 2859 εἰδώς·
847 2803 1004 2868 βουλὴ
1042 2802 1135 2870 γάρ
1170 2806 1261 2866 εἰμι
1300 2803 1375 2852 καὶ
1415 2798 1569 2867 σοφία
1602 2794 1688 2859 σή·

149 2926 202 2949 ΙΙ.
229 2913 512 2959 ὡμολογουμενον
530 2914 572 2948 E.
1029 2921 1085 2945 21.
1112 2909 1207 2944 θέσει
1227 2908 1313 2943 E.F.
1334 2907 1400 2941 Ed.
1419 2918 1490 2950 mg.
1511 2904 1605 2939 δέσει
1626 2903 1692 2937 Ed.

99 2973 154 3007 31.
182 2963 310 3005 κόσμος
330 2962 370 2995 Ε.
378 2961 413 2996 F.
436 2961 503 2995 Ed.
521 2972 595 3006 mg.
616 2960 744 2995 σκοπὸς
763 2958 830 2992 Ed.

863 3017 884 3043 C
910 3017 932 3047 2
