2017 3252
98 426 131 457 S.
145 426 246 459 Joan.
263 438 295 459 x.

99 478 153 509 33·

97 565 149 597 Jb.
170 572 219 607 37,
238 566 287 607 38.

98 1297 132 1329 S.
149 1297 276 1348 liffatth.

95 1351 198 1371 xxvn.
216 1349 268 1381 45.

96 1384 146 1414 Ib.
164 1392 216 1424 51·

321 121 406 161 520
630 121 677 160 Β.
712 119 957 160 CYRILLI
992 120 1338 161 ALEXANDR.
1376 121 1599 162 FRAGM.

321 225 434 277 bum,
460 227 568 281 quod
600 229 767 280 propter
799 241 873 267 nos
903 225 1228 267 exinanitionem
1258 227 1344 281 pati
1373 228 1531 278 voluit3
1562 232 1604 270 et
1634 228 1744 283 quod
1773 229 1907 270 factus

321 298 385 336 est
419 295 553 344 homo,
586 294 830 335 contristare
865 293 1043 335 videtur.
1104 294 1320 336 Interimit
1355 295 1467 336 enim
1502 297 1671 337 omnino
1707 297 1908 337 humana-

321 362 493 412 tionem,
520 366 561 403 et
589 362 782 402 adversus
810 361 1059 402 ineffabilem
1092 362 1339 415 sapientiam
1368 363 1531 404 extollit
1561 379 1617 414 se,
1639 379 1742 418 pene
1769 364 1909 405 dicens

324 430 494 470 Judaiee
525 431 710 470 omnium
740 433 929 470 nostrum
961 429 1167 470 Salvatori
1199 429 1369 470 Christo
1399 436 1424 454 ‘⁶
1443 431 1508 471 De
1537 431 1645 472 bono
1674 446 1792 485 opere
1824 446 1908 472 non

324 503 346 520 ‘⁶
369 501 411 538 te
431 497 672 551 lapidamus,
696 498 765 538 sed
793 498 842 537 de
870 496 1138 551 blasphemia,
1160 498 1269 551 quod
1296 500 1356 548 tu,
1380 512 1474 538 cum
1502 499 1556 539 sis
1583 499 1718 550 homo,
1740 500 1839 541 facis
1866 503 1907 540 te
1928 503 1949 541 5

324 571 347 588 ‘⁶
370 564 547 605 Deum.”
605 565 764 606 Audiat
799 564 932 618 igitur
967 564 1172 605 dicentem
1207 568 1348 619 aperte
1385 565 1477 605 “Si
1512 566 1646 620 igitur
1685 582 1769 608 non
1804 567 1908 608 facio

322 638 347 656 “
369 647 492 686 opera
513 633 649 673 Patris
680 632 773 682 mei,
801 647 851 672 ne
882 633 986 673 mihi
1016 633 1192 673 credite:
1237 633 1272 672 si
1297 647 1393 674 vero
1420 633 1536 683 facio,
1564 634 1662 675 licet
1691 634 1794 674 mihi
1824 649 1909 694 non

322 705 348 724 “
369 700 556 750 credatis,
586 700 776 754 operibus
805 700 907 741 meis
937 699 1130 741 credite.’'
1191 700 1299 740 Cum
1330 701 1440 740 enim
1471 700 1593 742 sciret
1623 703 1731 755 quod
1753 701 1909 742 Divina

321 769 477 808 virtute
497 771 539 808 et
558 771 762 821 potestate
783 768 989 818 utebatur,
1012 771 1054 809 et
1074 783 1169 808 cum
1189 768 1445 821 apparuisset
1465 769 1588 810 homo
1611 769 1690 810 Dei
1706 769 1906 818 Verbum,

319 835 502 889 abnegat
524 836 668 889 Ipsum
690 850 775 876 esse
797 835 948 886 Deum,
970 839 1012 876 et
1032 836 1077 876 in
1097 836 1265 877 homine
1287 837 1422 890 magis
1447 836 1655 877 habitasse
1675 836 1777 877 dicit
1798 851 1904 886 eum,
1932 848 1979 871 10

319 907 369 944 ut
403 902 484 944 Dei
519 904 706 945 Verbum
747 903 864 944 nobis
904 904 1115 944 hominem
1150 905 1383 945 ostenderet
1423 904 1690 954 adorandum,
1727 907 1769 944 et
1803 919 1907 958 pura

320 971 504 1012 Deitatis
540 971 821 1012 nominatione
856 971 1129 1012 honoratum:
1180 972 1394 1013 convictus
1428 972 1562 1027 igitur
1596 976 1660 1014 est
1695 972 1906 1027 ignorasse

320 1039 488 1080 omnino
520 1039 721 1081 virtutem
752 1039 940 1093 mysterii
972 1039 1143 1080 Christi.

803 1197 1027 1238 THEODORI
1057 1211 1108 1238 ex
1139 1198 1280 1238 eodem
1310 1196 1427 1238 libro.

374 1298 462 1340 Sed
485 1299 521 1338 si
542 1312 655 1347 caro,
677 1299 799 1349 dicit,
822 1307 916 1341 erat
942 1314 1051 1354 quae
1084 1300 1292 1353 crucz'fioea
1327 1307 1398 1348 est,
1422 1299 1624 1354 quomodo
1658 1300 1722 1341 sol
1755 1299 1904 1340 radios
1927 1306 1973 1343 15

316 1368 484 1414 avertit,
507 1375 545 1408 et
577 1367 766 1409 tenebrae
795 1375 1102 1422 occupaverunt
1133 1371 1266 1408 totam
1297 1375 1467 1417 terram,
1489 1375 1527 1408 et
1558 1375 1843 1416 terraemotus,
1866 1374 1904 1408 et

309 1441 459 1490 petrae
479 1436 847 1490 dirumpebantur,
868 1444 906 1477 et
927 1437 1086 1477 mortui
1106 1436 1379 1490 resuryebant
1393 1437 1414 1476 .?
1468 1437 1581 1482 Quid
1600 1435 1736 1491 iyitur
1756 1437 1904 1477 dicunt

315 1509 352 1545 et
376 1505 427 1545 de
453 1504 632 1545 tenebris
652 1505 699 1545 in
719 1505 910 1558 Aeyypto
928 1503 1069 1558 factis
1099 1504 1174 1545 sub
1202 1508 1381 1558 ternpore
1401 1503 1558 1551 Mosis;
1589 1519 1672 1545 non
1699 1505 1746 1545 in
1774 1504 1904 1545 tribus

315 1572 444 1622 horis,
476 1573 548 1613 sed
577 1572 625 1612 in
656 1572 792 1613 tribus
822 1572 1002 1613 diebus?
1043 1572 1149 1626 quid
1178 1585 1275 1612 vero
1299 1572 1350 1613 de
1377 1572 1480 1613 aliis
1507 1586 1584 1627 per
1604 1571 1749 1613 Mosen
1764 1573 1904 1626 factis

315 1640 554 1690 miraculis,
583 1647 622 1681 et
648 1654 727 1694 per
746 1640 890 1681 Jesum
911 1639 1047 1690 Nave,
1076 1640 1151 1694 qui
1182 1639 1309 1680 solem
1339 1647 1455 1681 stare
1473 1640 1601 1693 fecit,
1630 1641 1703 1694 qui
1734 1640 1798 1681 sol
1826 1641 1902 1681 sub
1926 1656 1973 1680 20

315 1722 410 1762 regye
429 1708 612 1749 Ezecliia
641 1712 680 1749 et
703 1715 880 1762 praeter
910 1715 1117 1748 naturam
1146 1715 1404 1749 retroversus
1430 1709 1523 1749 est?
1565 1715 1603 1749 et
1633 1709 1684 1749 de
1713 1708 1904 1749 Helisaei

315 1777 522 1830 reliquiis,
545 1789 650 1830 quae
671 1784 882 1816 mortuum
910 1777 1298 1817 resuscitaverunt?
1340 1776 1391 1816 Si
1423 1777 1533 1817 enim
1560 1776 1696 1816 Deum
1725 1776 1903 1817 Verbum

307 1858 489 1898 passum
509 1857 593 1885 esse
613 1844 845 1891 ostendunt,
869 1857 976 1897 quae
995 1844 1042 1884 in
1065 1850 1243 1897 tempore
1270 1845 1407 1884 crucis
1420 1845 1552 1897 facta
1577 1852 1687 1891 suut,
1710 1852 1748 1885 et
1770 1859 1903 1898 prop-

317 1919 378 1952 ter
410 1912 618 1952 hominem
648 1926 731 1952 ‘non
762 1912 988 1952 concedant
1020 1925 1068 1952 ea
1090 1912 1224 1965 facta
1257 1925 1369 1952 esse:
1404 1919 1443 1952 et
1475 1926 1583 1965 quae
1615 1912 1690 1952 sub
1723 1917 1903 1965 tempore

314 1980 454 2020 Mosis
477 1987 653 2034 propter
677 1994 809 2034 gyenus
836 1979 1036 2020 Abrahae
1067 1986 1105 2020 et
1137 1992 1246 2033 quae
1276 1980 1352 2020 sub
1388 1987 1567 2033 tempore
1587 1980 1691 2021 Jesu
1711 1980 1833 2020 Nave
1863 1987 1902 2021 et
1924 1992 1970 2030 25
2012 2010 2013 2015 ,

314 2048 527 2090 Ezechiae
547 2048 658 2101 reyis
687 2062 770 2089 nou
798 2055 933 2088 erunt.
996 2047 1047 2088 Si
1066 2061 1162 2088 vero
1189 2047 1272 2087 illa
1292 2055 1471 2101 propter
1491 2048 1752 2088 Judaeorum
1764 2062 1901 2103 popu-

316 2116 402 2156 lum
432 2116 646 2156 miracula
665 2115 795 2168 facta
825 2123 934 2164 sunt,
958 2115 1088 2156 multo
1115 2117 1253 2169 mayis
1274 2129 1379 2170 quae
1407 2116 1453 2156 in
1480 2129 1599 2157 cruce
1621 2123 1799 2170 propter
1817 2117 1902 2158 Dei

322 2183 444 2225 Verbi
466 2184 672 2238 templum.

363 2335 393 2358 2.
421 2323 629 2358 Contristari
643 2324 689 2357 D.
764 2322 939 2357 Interimit
956 2321 1066 2367 enim]
1081 2323 1232 2357 interim.
1274 2321 1327 2356 Ita
1341 2322 1431 2356 enim
1448 2322 1527 2365 (sic)
1544 2322 1590 2357 D.
1710 2330 1742 2366 7.
1760 2320 1821 2367 ne]
1836 2333 1899 2356 nec

315 2369 363 2404 D.
475 2383 527 2413 14.
555 2370 607 2404 Ita
627 2371 672 2404 D.
692 2369 829 2404 Surius.
881 2370 935 2403 Ex
952 2370 1074 2404 eodem
1093 2369 1192 2402 libro.
1242 2368 1449 2402 Theodorus
1468 2368 1534 2402 Ed.
1717 2378 1769 2409 15.
1796 2380 1898 2402 cruce

313 2416 382 2449 fixa
401 2416 446 2449 D.
527 2418 623 2450 solus
650 2416 729 2460 (sic)
752 2416 799 2450 D.
957 2425 1010 2460 17.
1039 2415 1348 2459 disrumpebantur
1374 2415 1419 2448 D.
1446 2419 1611 2449 “veteres
1635 2413 1753 2447 libri.”
1776 2414 1897 2449 Baluz.

315 2461 422 2499 Quod
441 2463 469 2496 si
486 2463 592 2505 igitur
610 2462 726 2496 dicant
746 2462 792 2495 D.
933 2463 985 2495 18.
1012 2462 1137 2507 moysii
1158 2462 1202 2501 D,
1224 2461 1347 2505 Moyse
1365 2461 1495 2494 Bellov.
1643 2471 1695 2503 19.
1724 2460 1830 2497 Quod
1849 2461 1895 2494 D.

314 2508 465 2553 Moysen
484 2509 530 2542 D.
551 2508 727 2542 “Veteres
743 2508 861 2542 libri?
884 2508 1006 2541 Baluz.
1174 2518 1229 2541 21.
1255 2506 1392 2541 ezechie
1411 2507 1458 2541 D.
1477 2506 1615 2540 “iidem
1632 2506 1712 2540 libri
1729 2507 1752 2521 ''
1771 2506 1894 2541 Baluz.

312 2554 453 2588 helisaei
474 2555 609 2598 reposui
626 2566 642 2587 e
661 2554 775 2588 Surio.
793 2554 912 2587 helisei
932 2554 977 2588 D.
998 2554 1135 2598 Elysaei
1159 2553 1225 2587 Ed.
1486 2563 1541 2587 22.
1569 2553 1729 2597 reliquias
1748 2553 1827 2597 (sic)
1848 2554 1894 2587 D.

314 2612 370 2643 24.
396 2600 589 2634 concedant
606 2600 662 2645 ea]
682 2600 912 2634 concedentes
932 2600 1012 2645 (sic)
1032 2600 1078 2634 D.
1151 2599 1278 2633 factam
1296 2598 1342 2633 D.
1627 2608 1682 2643 25.
1708 2611 1828 2644 moyse
1848 2599 1893 2635 D.

311 2658 408 2681 mose
426 2647 556 2681 Bellov.
