2012 3272
450 164 527 205 DE
562 160 915 204 DOGMATUM
954 159 1311 201 SOLUTIONE.
1593 159 1674 199 565

92 278 177 342 γῆς
211 275 393 342 ἔχοντες
424 278 647 335 πλοῦτον,
674 274 736 326 ὡς
763 275 798 322 εἶ
827 270 891 335 μὴ
919 273 1194 333 βουληθεῖεν
1220 266 1334 319 εἶναι
1367 290 1569 335 χρηστοι
1603 269 1678 317 καὶ

91 358 388 421 εὐμετάδοτοι
427 359 500 406 καὶ
541 356 812 416 κοινωνικοὶ,
840 357 917 403 καὶ
954 357 1053 405 ταῖς
1085 355 1180 402 τῶν
1209 349 1422 414 πενήτων
1452 348 1677 415 ἀνάγκαις
1728 361 1778 393 ΟΕ
1794 361 1904 393 1Tim.

1728 416 1770 438 Vl.

91 442 345 505 ἐπικουρεῖν
371 439 566 500 ἕλοιντο,
594 439 719 504 δεινῇ
749 459 823 486 και
850 434 1046 503 ἀφύκτω
1071 438 1434 498 περιπεσοῦνται
1461 432 1581 500 δίκῃ.
1789 408 1836 438 ¹8

1697 539 1721 576 d
1744 537 1806 576 380
1820 538 1863 569 A.

95 597 143 636 Εἰ
163 596 184 636 ὁ
206 599 282 636 τῶν
302 596 408 636 ὅλων
431 594 534 637 Θεὸς
559 596 607 634 τὰ
629 594 813 646 γινόμενα
840 591 911 642 ἤδη
936 590 996 631 καὶ
1027 589 1248 643 πραχθέντα
1269 589 1426 629 δύναται
1447 590 1607 639 ποιῆσαι
1627 589 1679 639 μὴ
1701 591 1765 634 Θ’,

50 682 72 721 5
169 668 354 722 γενέσθαι
381 669 490 718 ποτὲ,
513 669 609 708 κατὰ
636 668 679 707 τό
711 671 737 689 “
755 666 837 706 Οὐκ
855 663 1090 714 ἀδυνατήσει
1121 663 1221 717 αὐτῷ
1252 665 1329 703 πᾶν
1353 661 1496 714 ῥῆμα.”
1527 662 1572 702 οὐ
1604 664 1680 714 γὰρ
1742 657 1906 741 {Luci

169 742 340 794 λέγομεν
371 743 420 784 ὡς
449 742 500 792 μὴ
532 742 736 794 γενόμενα,
769 741 873 780 ἀλλὰ
903 739 953 790 μὴ
985 740 1223 791 γεγενῆσθαι
1255 736 1323 786 τὴν
1354 736 1488 789 ἀρχήν·
1523 737 1620 785 οἷον,
1649 737 1683 776 εἶ
1703 759 1723 785 e
1790 726 1796 732 '

169 817 241 866 τὴν
275 817 422 867 πόρνην
457 816 616 856 δύναται
652 814 845 866 παρθένον
881 814 924 853 ἐκ
963 813 1113 853 κοιλίας
1151 810 1292 862 μητρὸς
1328 813 1502 861 ποιῆσαι,
1534 811 1598 851 ἵνα
1632 810 1684 861 μὴ

170 890 292 940 πόρνη
323 887 346 944 ᾗ
374 890 396 940 ἡ
426 890 694 940 πορνεύσασα,
730 888 790 927 ὅτι
827 888 913 927 “τὰ
945 887 1049 938 παρὰ
1082 886 1295 937 ἀνθρώποις
1330 885 1502 925 ἀδύνατα
1539 886 1685 925 δυνατὰ
1747 895 1797 925 Il».
1810 894 1898 925 xviii.

174 968 196 985 ‘⁶
220 965 321 1015 παρὰ
341 965 392 1018 τῷ
417 961 551 1017 Θεῷ.”
1749 945 1800 978 27'

29 1077 78 1102 10
714 1063 1068 1102 ΕΠΙΛὙΣΙΣ.

172 1173 430 1234 Ζητεῖσθαι
481 1168 573 1236 χρὴ
617 1168 727 1235 παρ’
773 1169 905 1233 ἡμῶν
953 1167 1040 1232 τὴν
1089 1171 1173 1218 τοῦ
1219 1170 1343 1217 Θεοῦ
1388 1165 1597 1229 δύναμιν,
1649 1168 1687 1215 εὶ

95 1249 283 1318 μεγάλη
309 1254 385 1302 καὶ
410 1251 720 1320 ἀξιάγαστος,
747 1250 822 1302 ὅτε
849 1250 903 1301 τὸ
935 1247 1172 1316 δρώμενόν
1199 1251 1330 1300 ἐστιν
1356 1248 1439 1298 οὐκ
1474 1245 1686 1300 ἀπεοικὸς·
1705 1279 1727 1303 a
1747 1271 1826 1305 381
1847 1269 1899 1304 Α,

96 1336 155 1402 τῇ
192 1334 293 1403 θείᾳ
319 1332 451 1402 δόξῃ.
505 1334 558 1384 οὐ
585 1333 679 1399 γὰρ
706 1332 776 1383 ὅτι
809 1331 968 1384 πάντα
995 1331 1201 1393 δύναται,
1228 1329 1303 1382 διὰ
1329 1335 1468 1381 τοῦτο
1493 1330 1568 1380 καὶ
1593 1333 1688 1380 τῶν

97 1415 288 1467 ἀτόπων
314 1414 517 1482 ἐργάτην
542 1415 684 1466 αὐτὸν
711 1416 914 1481 ὁρᾶσθαι
943 1412 1190 1479 προσήκει.
1245 1413 1473 1475 ἐννοῶμεν
1499 1411 1592 1477 γὰρ
1619 1411 1690 1463 ὅτι

30 1516 77 1556 15
99 1497 278 1549 ἄτοπόν
317 1498 420 1548 ἐστι
459 1496 514 1548 τὸ
553 1496 710 1561 λε’γειν
746 1500 804 1547 Εἰ
841 1496 1034 1546 δύναται
1069 1496 1094 1546 ὁ
1135 1492 1257 1548 Θεὸς
1295 1494 1458 1544 ἑαυτὸν
1492 1496 1690 1557 ποιῆσαι

100 1578 166 1643 μὴ
193 1577 308 1629 εἶναι
336 1578 475 1641 Θεὸν,
503 1583 540 1630 εἰ
567 1579 759 1629 δύναται
790 1576 955 1629 ἑαυτὸν
979 1580 1177 1641 ποιῆσαι
1207 1576 1436 1642 ἁμαρτίας
1469 1575 1689 1638 δεκτικὸν,

101 1664 138 1712 εἱ
164 1660 355 1711 δύναται
381 1659 546 1711 ἑαυτὸν
571 1663 770 1724 ποιῆσαι
796 1659 860 1724 μὴ
888 1658 1002 1711 εἶναι
1029 1658 1209 1725 ἀγαθὸν
1235 1656 1263 1723 ἦ
1291 1656 1411 1724 ζωὴν
1437 1656 1466 1721 ἢ
1500 1658 1689 1709 δίκαιον.

101 1745 173 1793 δεῖ
202 1742 357 1793 τοίνυν
394 1745 726 1808 παραιτεῖσθαι
751 1742 892 1793 παντὶ
918 1741 1074 1792 σθένει
1100 1739 1183 1793 τὰς
1218 1738 1422 1793 ἀτόπους
1450 1739 1571 1790 οὕτω
1596 1742 1691 1790 τῶν

101 1823 391 1890 ἐρωτήσεων.
444 1823 520 1874 διὰ
544 1824 593 1874 τί
622 1823 671 1875 δὲ
698 1824 722 1874 ὁ
749 1823 870 1878 Θεὸς
909 1823 963 1874 οὐ
1001 1822 1193 1874 δύναται
1233 1820 1318 1885 τὴν
1354 1820 1692 1886 πορνεύσασαν

34 1938 84 1964 20
101 1907 297 1969 ποιῆσαι
338 1903 403 1969 μὴ
443 1906 736 1971 γεγενῆσθαί
771 1928 887 1957 ποτε
921 1903 1140 1971 πόρνην;
1197 1905 1266 1956 ὅτι
1312 1905 1366 1955 οὐ
1405 1905 1598 1955 δύναται
1638 1901 1691 1954 τὸ
1711 1917 1738 1958 b

153 2046 184 2071 1.
208 2035 344 2081 ἔχοντες
359 2037 510 2070 πλοῦτον
526 2035 594 2070 hoc
611 2035 734 2071 ordine
752 2036 838 2071 Nik.
857 2035 946 2071 Cod.
966 2035 1069 2070 Mon.
1280 2045 1314 2079 3.
1338 2036 1602 2079 περιπεσοῦνται
1619 2034 1694 2078 δίκῃ

104 2081 172 2116 hoc
189 2082 312 2116 ordine
331 2082 416 2116 Nik.
435 2083 524 2116 Cod.
545 2083 646 2117 Mon.
908 2095 943 2125 4.
970 2082 1176 2126 Capitulum
1192 2081 1264 2116 fere
1281 2084 1396 2115 totum
1415 2082 1497 2115 citat
1515 2081 1694 2114 Macarius

106 2128 433 2187 Chrysoscephalus
456 2129 755 2173 Archiepiscopus
780 2129 817 2163 in
836 2128 970 2163 Catena
995 2140 1060 2162 sua
1084 2128 1120 2162 in
1139 2128 1375 2172 Evangelium
1395 2127 1432 2162 S.
1448 2127 1564 2161 Lucae
1589 2138 1695 2171 super

103 2174 254 2209 verba''
235 2189 287 2208 οτι
313 2175 373 2208 οὐκ
398 2174 600 2218 ἀδυνατήσει
625 2176 717 2218 παρὰ
741 2178 787 2222 τῷ
815 2178 890 2222 Θεῷ
916 2177 983 2209 πᾶν
1006 2175 1109 2219 ῥῆμα,
1130 2174 1209 2208 vide
1237 2174 1274 2208 S.
1295 2174 1415 2219 Cyrilli
1440 2174 1477 2207 in
1504 2173 1541 2206 S.
1561 2173 1694 2207 Lucam

108 2221 345 2255 Homiliarum
370 2220 629 2255 traductionem
647 2210 880 2265 Anglicanam
900 2221 1017 2255 Smith
1041 2227 1164 2254 nostro
1183 2220 1430 2254 Cantuariensi
1448 2220 1591 2254 Decano
1618 2219 1693 2263 dig-

105 2267 252 2301 nissimo
270 2267 477 2302 confectam.
528 2273 557 2301 Θ
575 2268 716 2313 reposui
734 2279 774 2301 ex
793 2268 954 2311 analogia
970 2266 1112 2301 Codicis
1131 2267 1176 2309 A,
1192 2266 1396 2310 Capitulum
1413 2271 1530 2299 tamen
1544 2265 1648 2299 hodie
1664 2265 1694 2298 A

106 2313 204 2348 abest
220 2313 329 2347 folio
317 2325 391 2358 Jam
408 2314 551 2348 amisso.
615 2315 778 2359 γενόμενα
796 2313 925 2359 Chrys.
944 2313 1021 2347 cod.
1039 2313 1146 2347 Basil.
1160 2313 1268 2346 invito
1283 2311 1324 2346 C.
1415 2321 1449 2354 5.
1474 2311 1633 2356 γενέσθαι
1653 2311 1694 2345 C.

105 2359 310 2405 γεγενῆσθαι
329 2359 456 2405 Chrys.
476 2360 543 2394 Ed.
616 2362 655 2394 τό
674 2372 744 2395 om.
764 2360 812 2396 D.
1015 2358 1048 2393 6.
1075 2359 1103 2392 εἶ
1122 2358 1163 2393 C.
1169 2359 1215 2393 D.
1234 2358 1361 2403 Chrys.
1380 2357 1432 2392 ὅτι
1450 2358 1518 2393 Ed.
1569 2357 1696 2392 Statim

105 2406 166 2449 τὴν
168 2372 425 2463 *assumptumy
423 2418 465 2440 ex
484 2406 524 2441 C.
529 2407 574 2441 D.
595 2406 722 2452 Chrys.
869 2415 901 2451 7.
928 2405 964 2439 ἐκ
982 2405 1111 2440 κοιλίας
1127 2406 1253 2449 μητρὸς
1269 2406 1411 2448 ποιῆσαι
1428 2404 1496 2439 hoc
1513 2404 1634 2438 ordine
1653 2404 1696 2438 C.

105 2453 249 2511 ποιῆσαι
263 2458 343 2486 ante
359 2452 395 2486 ἐκ
412 2453 611 2498 transponit
629 2453 695 2488 Ed.
715 2453 842 2511 Chrys.
860 2453 896 2486 in
916 2451 1006 2486 Cod.
1020 2452 1123 2486 Vien.
1142 2451 1327 2496 Nessel71
1352 2450 1389 2497 [a
1407 2450 1578 2496 signato}
1649 2451 1695 2494 μὴ

105 2500 211 2543 πόρνη
228 2496 249 2542 ᾗ
266 2498 285 2541 ἡ
303 2513 524 2543 πορνευσασα
543 2499 583 2534 C.
600 2499 682 2543 μήτε
701 2514 750 2543 ειη
775 2500 858 2534 ποτὲ
882 2500 988 2543 πόρνη
1014 2497 1096 2542 μήτε
1121 2497 1258 2553 λέγοιτο
1278 2497 1404 2543 Chrys.
1430 2497 1512 2541 μὴτέ
1537 2512 1621 2532 ποτε
1646 2497 1696 2540 είη

106 2546 213 2590 πόρνη
238 2544 257 2588 ἢ
282 2559 505 2590 πορνευσασα
529 2557 560 2580 a.
584 2545 667 2590 μήτε
691 2561 765 2604 ειη
766 2547 849 2580 ποτὲ
873 2547 980 2590 πόρνη
1006 2545 1025 2588 ἡ
1050 2544 1273 2600 πορνεύσασα
1293 2544 1383 2578 Cod.
1404 2543 1513 2578 Basil.
1539 2543 1622 2587 μήτε
1647 2542 1696 2587 εἴη

107 2605 189 2626 ποτε
205 2592 312 2636 πορνὴ
329 2591 550 2635 πορνεύσασα
570 2593 615 2626 D.
631 2592 714 2636 μήτε
732 2606 815 2627 ειναι
831 2592 913 2627 ποτὲ
930 2591 1058 2636 πορνὴν
1074 2590 1315 2636 πορνεύσασαν
1332 2590 1400 2625 Ed.
1595 2590 1696 2624 .-Re

109 2637 212 2681 posui
228 2649 247 2671 e
264 2638 420 2682 margine
439 2638 480 2672 C.
499 2639 623 2684 κεφαλ.
642 2653 677 2683 ιγ
695 2639 763 2673 Ed.
910 2649 963 2672 11.
991 2636 1188 2682 Ζητεῖσθαι]
1209 2641 1245 2678 —f—
1266 2637 1311 2680 μὴ
1330 2636 1399 2671 Ed.
1417 2601 1697 2681 repugnantibus

109 2683 289 2718 omnibus.
347 2684 376 2717 εἰ
391 2683 431 2717 C.
438 2684 483 2717 D.
477 2684 654 2741 Chry.s
639 2701 658 2729 η
654 2654 739 2719 γ.Εᾶ
926 2695 979 2718 12.
999 2684 1055 2718 ὅτε
1068 2684 1109 2717 C.
1115 2684 1161 2717 D.
1181 2683 1308 2728 Chrys.
1327 2684 1378 2717 ὅτι
1392 2682 1461 2717 Ed.
1527 2683 1622 2717 ἐστιν
1639 2683 1698 2716 οὐκ

108 2729 265 2764 ἀπεοικὸς
283 2729 324 2763 C.
343 2741 374 2764 a.
390 2731 449 2763 οὐκ
467 2730 601 2766 ἀπεικὸς
619 2732 711 2766 ἐστιε
730 2730 797 2766 Ed.
921 2742 974 2773 14.
1001 2731 1102 2764 αυτὸν
1121 2730 1264 2775 ἐργάτην
1282 2729 1323 2764 C.
1340 2729 1450 2763 invito
1468 2741 1558 2763 a.1
1579 2729 1698 2762 ἐννοῶ-

110 2775 226 2819 μενΟ.
232 2776 278 2810 D.
291 2788 321 2810 a.
334 2776 438 2810 Vulc.
456 2777 631 2820 ἐννοοῦμεν
646 2777 711 2812 Ed.
761 2777 888 2812 Statim
905 2778 966 2821 μὲν
983 2776 1063 2811 add.
1078 2776 1145 2810 Ed.
1164 2776 1443 2834 repugnantibus
1460 2775 1499 2808 C.
1506 2775 1552 2808 D.
1569 2774 1697 2819 Chrys.

115 2823 168 2856 18.
192 2822 432 2866 παραιτεῖσθαι
448 2837 547 2856 παντι
564 2823 631 2857 hoc
648 2824 769 2858 ordine
788 2824 829 2857 C.
849 2823 976 2868 Chrys.
1104 2834 1158 2867 19.
1183 2823 1223 2856 οὐ
1244 2821 1301 2867 [οὐ
1318 2833 1389 2856 om.
1409 2821 1450 2855 C.
1454 2820 1469 2865 ]
1488 2820 1624 2854 δύναται
1641 2820 1701 2863 τὴν

110 2867 352 2912 πορνεύσασαν
376 2868 443 2902 hoc
468 2869 591 2904 ordine
613 2869 655 2904 C.
674 2870 800 2914 Chrys.
829 2870 867 2902 οὐ
890 2869 1027 2904 δύναται
1052 2875 1133 2913 post
1156 2868 1398 2912 πορνεύσασαν
1417 2867 1615 2910 transponit
1634 2866 1700 2900 Ed.

114 2925 169 2949 20.
193 2914 238 2957 μὴ
262 2915 469 2960 γεγενῆσθαι
492 2929 575 2949 ποτε
600 2915 667 2949 hoc
687 2915 807 2950 ordine
827 2916 866 2951 C.
885 2930 968 2950 ποτε
986 2921 1065 2950 ante
1082 2916 1126 2959 μὴ
1145 2914 1341 2959 transponit
1360 2913 1426 2948 Ed.
1510 2912 1645 2947 δύναται
1663 2914 1701 2947 τὸ

111 2961 242 3004 ψεῦδος
258 2960 325 2995 hoc
342 2961 465 2996 ordine
485 2960 525 2996 C.
545 2961 673 3007 Chrys.
