1986 3282
92 142 176 182 xix.
201 154 264 183 11.
455 140 529 181 IN
572 140 615 181 S.
648 140 986 182 JOANNEM.
1049 140 1177 181 LIB.
1212 140 1315 182 XII.
1630 142 1681 182 71

92 248 450 312 ἐπανατείνεται,
479 250 554 299 καὶ
581 247 905 316 παρατρέψαι)
931 247 1165 299 δύνασθαι
1193 250 1269 299 καὶ
1304 248 1391 315 οὐχ
1426 247 1592 300 ἑκόντα
1617 251 1684 317 τῷ
1702 259 1729 300 d

94 330 236 401 φόβῳ
263 330 431 397 νομίζει
457 329 578 396 πρὸς
604 329 830 394 ἀνόνητον
856 331 1140 396 ἀπολογίαν.
1194 329 1357 398 ῥέψειν
1382 329 1476 396 γὰρ
1502 331 1686 396 ἀπαρα-

94 415 334 468 ποδίστως
360 411 431 481 ἐφ’
461 413 576 479 ὅπερ
603 411 660 463 ἂν
684 411 909 474 βούλοιτό
940 417 1107 482 φησιν,
1134 412 1211 463 εἴτ’
1239 413 1320 464 οὖν
1345 411 1571 478 κολάζειν,
1599 412 1686 463 ε’ίτε

95 498 171 546 καὶ
197 497 341 546 ἐλεεῖν
367 494 523 546 ἕλοιτο
557 494 718 562 τυχόν·
765 499 1098 561 παρωθοῦντος
1134 494 1182 546 δὲ
1217 494 1403 549 οὐδενὸς
1437 499 1499 549 εἰς
1532 494 1684 555 ἀβού-

51 594 74 632 5
96 584 244 642 λητον
282 577 452 642 κρίσιν,
492 577 559 628 ἐπ’
601 577 728 646 αὐτῷ
768 576 824 640 δὴ
864 581 1049 628 κεῖσθαι
1091 579 1167 628 καὶ
1208 576 1338 647 μόνῳ
1382 576 1469 641 τὴν
1509 579 1583 628 ἐπὶ
1622 583 1690 646 τῷ

97 659 485 728 κατηγορουμένῳ
522 658 690 726 ῥοπήν.
756 664 1047 710 καταιτιᾶται
1086 660 1255 722 τοίνυν,
1297 662 1360 713 ὡς
1405 658 1689 725 ὑβρισμένος

97 741 174 793 διὰ
209 744 395 806 σιωπῆς
433 742 517 792 οὐκ
556 741 781 807 εὐκαίρου,
822 743 897 792 καὶ
937 740 1056 792 ὅσον
1092 741 1204 806 ἧκεν
1241 745 1304 796 εἷς
1346 747 1485 793 τοῦτο
1527 763 1684 807 παρα-

97 823 379 890 τεθηγμένος
416 824 505 889 ἤδη
544 822 663 889 πρὸς
700 822 871 887 μανίαν
906 823 991 888 τὴν
1029 824 1129 875 κατ’
1164 824 1324 875 αὐτοῦ.
1394 823 1560 875 ἐνενόει
1595 822 1690 889 γὰρ

99 907 315 970 οὐδαμῶς
346 909 430 970 τῆς
463 908 648 969 σιωπῆς
682 904 736 956 τὸ
770 905 1050 971 μυστήριον.
1106 904 1389 972 ἐπαθρήσεις
1425 904 1577 971 γεμὴν
1603 906 1690 956 κάν
1712 931 1734 958 e

32 1010 80 1036 10
99 987 249 1057 τούτῳ
276 991 435 1041 καλῶς
464 985 795 1053 πληρούμενον
821 986 875 1038 τὸ
910 986 986 1037 διὰ
1019 990 1102 1052 τῆς
1134 993 1218 1038 τοῦ
1252 986 1503 1056 προφήτου
1530 989 1691 1056 φωνῆς

100 1069 429 1137 προαγγελθέν
456 1076 482 1099 “
503 1070 590 1124 (Ως
614 1069 861 1136 πρόβατον
886 1069 993 1136 γὰρ,
1021 1072 1187 1138 φησὶν,
1215 1070 1290 1121 ἐπὶ
1316 1069 1517 1138 σφαγὴν
1542 1069 1686 1137 ἤχθη,
1752 1076 1883 1151 ΕΞὲῙῑίἰ·

103 1160 130 1183 “
156 1154 231 1203 καὶ
259 1155 321 1206 ὡς
346 1151 491 1215 ἀμνὸς
525 1151 733 1203 ἐναντίον
758 1158 842 1202 τοῦ
878 1153 1112 1218 κείροντος
1144 1151 1287 1203 αὐτὸν
1313 1152 1518 1221 ἄφωνος,
1544 1153 1692 1204 οὕτως
1754 1127 1782 1161 7’
1821 1143 1828 1151 ⁸

104 1242 131 1265 “
157 1236 239 1287 οὐκ
278 1235 453 1300 ἀνοίγει
493 1233 547 1285 τὸ
586 1232 747 1298 στόμα
785 1235 940 1296 αὐτοῦ,
980 1236 1029 1285 ἐν
1066 1238 1124 1302 τῇ
1164 1234 1446 1286 ταπεινώσει
1485 1234 1627 1285 αὐτοῦ
1666 1233 1694 1297 ἡ

104 1324 131 1346 “
159 1317 311 1384 κρίσις
359 1318 502 1367 αὐτοῦ
552 1315 721 1382 ἠ’ρθη.”
787 1318 863 1367 καὶ
914 1318 1047 1367 ταυτὶ
1096 1315 1182 1380 μὲν
1232 1317 1343 1380 ἡμῖν
1394 1317 1419 1367 ὁ
1470 1315 1696 1383 μακάριος

36 1399 315 1453 Ι5Ἱ-Ισαῖας
359 1398 468 1467 ἔφη·
523 1398 577 1449 τὸ
623 1397 671 1449 δὲ
710 1402 928 1465 Χριστοῦ
970 1397 1235 1465 πρόσωπον
1273 1398 1532 1459 ἀναλαβών
1571 1398 1703 1466 φησί

105 1505 198 1533 που
235 1480 383 1533 πάλιν
421 1481 446 1531 ὃ
483 1479 697 1550 μελῳδὸς
735 1482 784 1531 ἐν
816 1480 1058 1544 Πνεύματι
1090 1486 1117 1511 “
1143 1479 1350 1545 Ἐθέμην
1386 1482 1453 1550 τῷ
1490 1479 1702 1544 στόματί
1756 1493 1812 1524 Ps.

107 1572 134 1594 ‘⁶
159 1586 251 1627 μου
295 1562 517 1632 φυλακὴν
557 1564 606 1613 ἐν
645 1566 712 1632 τῷ
755 1565 993 1626 συστῆναι
1037 1562 1120 1614 τὸν
1161 1561 1447 1629 ἁμαρτωλὸν
1488 1563 1696 1613 ἐναντίον
1755 1546 1892 1619 ξῗξίᾞι’

108 1653 135 1675 “
161 1668 265 1710 μου.
316 1645 575 1713 ε’κωφώθην
601 1647 676 1696 καὶ
702 1645 1018 1709 ἐταπεινώθην
1044 1647 1119 1696 καὶ
1146 1644 1355 1710 ἐσίγησα
1381 1644 1439 1713 ἐξ
1461 1645 1693 1710 ἀγαθῶν.”
1714 1666 1736 1691 a
1759 1654 1920 1692 1051A.

109 1728 296 1793 νοήσεις
334 1726 381 1778 δὲ
419 1726 474 1779 τὸ
512 1728 566 1796 ἐξ
604 1728 812 1793 ἀγαθῶν,
845 1728 949 1777 ἀντὶ
989 1732 1073 1778 τοῦ
1110 1731 1282 1778 κακῶν.
1344 1725 1564 1795 εὐφήμως
1603 1725 1698 1792 γὰρ

41 1832 91 1858 20
110 1810 212 1865 ε”θος
250 1814 309 1878 τῇ
348 1810 450 1878 θείᾳ
487 1814 652 1878 γραφῇ
691 1808 751 1860 τὰ
788 1815 982 1861 τοιαῦτα
1020 1815 1202 1873 λαλεῖν,
1239 1808 1352 1860 ὅταν
1390 1813 1454 1862 εἷς
1492 1808 1606 1860 αὐτὸ
1644 1807 1699 1859 τὸ

111 1896 235 1944 θεῖον
268 1892 468 1961 φερηται
505 1890 784 1959 πρόσωπον.

108 2070 341 2129 ἈπεκρίθΗ
390 2072 509 2126 αὐτῷ
552 2071 574 2113 ὃ
611 2071 779 2113 ἸΗσοῦε
822 2070 910 2112 Οὐκ
959 2067 1069 2127 εἶχες
1116 2070 1316 2114 ἐξουσίαν
1366 2068 1570 2119 οὐδεμίαν
1611 2069 1695 2110 κατ’
1726 2083 1768 2108 11

182 2156 299 2205 ἐμοῦ,
337 2152 373 2195 εἰ
413 2154 469 2203 μή
512 2151 562 2195 ἦν
601 2169 668 2196 σοι
711 2153 943 2202 δεδομένον
985 2154 1169 2197 ἄνωθεν.
1227 2153 1296 2195 διὰ
1337 2157 1466 2195 τοῦτο
1504 2154 1526 2196 ὁ
1566 2168 1704 2209 Παρα-

183 2236 326 2278 διδούε
363 2252 414 2285 με
453 2252 518 2278 σοι
554 2236 722 2294 μείζονα
759 2235 972 2294 ἁμαρτίαν
1010 2235 1108 2292 ἔχει.

49 2364 97 2401 25
192 2352 279 2406 Τίς
313 2351 397 2416 μὲν
428 2351 457 2417 ἢ
492 2350 638 2403 πόθεν
665 2350 693 2415 ἢ
729 2352 854 2404 τίνος
889 2350 1034 2420 ἐξέφυ
1068 2349 1262 2416 πατρὸς,
1288 2350 1629 2415 ἐναργέστερον
1655 2349 1708 2399 οὐ

119 2436 259 2502 φησί.
315 2433 546 2496 μυστικὸν
572 2432 666 2500 γὰρ
692 2433 840 2487 οὕτως
865 2431 1251 2484 ἐπασωτεύεσθαι
1277 2430 1428 2497 λόγον
1454 2435 1516 2485 εἰς
1548 2433 1703 2482 ἀλλο·
1725 2434 1752 2475 b

236 2522 256 2531 ‘⁸
323 2518 334 2532 ’
406 2515 419 2532 *
514 2516 524 2531 ’
567 2515 578 2533 λ
624 2517 634 2531 ‘
676 2521 697 2530 ⁶
789 2516 799 2530 '
861 2520 881 2529 ‘⁸
949 2516 957 2530 ’
1007 2515 1017 2532 '
1188 2513 1201 2529 '
1323 2520 1350 2543 66
1441 2512 1453 2528 *
1541 2518 1561 2527 ⁶
1689 2511 1702 2529 “
1771 2513 1931 2545 SMatth.

121 2539 280 2582 γενους
308 2539 450 2570 ακοας
475 2519 579 2567 ουδε
609 2539 719 2581 ημιν
745 2538 900 2569 αυτοις
936 2519 1111 2584 εφιησι,
1139 2521 1296 2579 λεγων
1372 2517 1459 2577 Μη
1499 2516 1616 2564 δωτε
1649 2536 1709 2564 τα
1769 2539 1814 2589 vii
1845 2557 1875 2588 6.

121 2605 149 2628 ‘⁶
173 2596 287 2664 ἅγια
323 2603 420 2652 τοῖς
457 2599 581 2661 κυσὶ,
621 2597 737 2662 μηδὲ
774 2595 948 2657 βάλετε
986 2595 1094 2650 τοὺς
1131 2596 1424 2663 μαργαρίτας
1463 2597 1594 2659 ὑμῶν
1630 2594 1709 2659 ἐμ-

122 2687 150 2710 “
174 2685 388 2747 πρόσθεν
429 2685 524 2732 τῶν
565 2678 782 2748 χοίρων·”
836 2677 1170 2747 προϊσχομένῳ
1215 2677 1365 2742 γεμὴν
1405 2676 1491 2741 τὴν
1534 2678 1584 2728 ἐκ
1627 2679 1710 2739 τῆς

54 2788 103 2824 30
123 2765 271 2831 ἀρχῆς
310 2763 521 2832 ἐξουσίαν,
555 2764 629 2813 καὶ
667 2761 785 2828 πρὸς
822 2765 920 2813 πᾶν
958 2762 1111 2812 ὁτιοῦν
1148 2759 1439 2826 περιτρέπειν
1479 2758 1711 2827 δύνασθαι

157 2951 164 2961 l
178 2914 230 2948 13.
256 2904 360 2984 αὐτὲῦ
377 2903 437 2938 alt.
456 2908 680 2948 assumptum
696 2914 737 2937 ex
757 2902 800 2937 E.
819 2902 879 2945 (cs.
898 2902 988 2936 Acta
1006 2900 1072 2935 SS.
1090 2900 1156 2944 Ap.
1169 2900 1239 2934 viii.
1258 2898 1333 2944 33.)
1535 2907 1589 2931 22.
1617 2896 1711 2930 οὐδε-

127 2965 205 2994 μιαν
222 2961 293 2985 Om.
346 2976 354 2985 .
