2012 3272
108 112 221 165 xii·7
244 127 331 167 sqq·
394 112 462 153 IN
499 113 582 154 ΕΡ.
614 114 649 153 I.
687 112 770 153 AD
808 112 1195 154 CORINTHIOS.
1249 112 1362 153 ΜΒ.
1391 112 1443 152 v.
1612 113 1694 153 237

107 244 201 271 των
246 223 728 287 ἀντικαταψιλοῦντες
772 219 990 273 εὐκόλως.
1043 219 1174 270 ἀλλὰ
1219 221 1293 270 καὶ
1334 222 1416 282 τῆς
1461 220 1626 288 σοφίας
1670 221 1694 269 ὁ
1732 180 1802 222 [65
1822 180 1903 220 Μ.]

108 303 246 367 λόγος
285 304 360 352 καὶ
398 304 555 366 μέντοι
590 305 673 366 τῆς
708 303 908 368 γνώσεως
949 303 1003 352 δι’
1033 302 1134 355 ἑνὸς
1172 307 1255 353 τοῦ
1284 300 1561 364 Πνεύματος
1599 306 1694 354 τοῖς

108 385 232 434 ἑλεῖν
270 384 418 452 ἀξίοις
458 388 724 450 χορηγεῖται
759 382 889 449 παρὰ
927 389 1011 434 τοῦ
1048 383 1238 449 Πατρὸς
1277 384 1331 433 δι’
1369 386 1500 433 Υὶοῦ·
1555 384 1695 447 λόγος

105 466 307 530 γνώσεώς
336 467 466 515 ἐστιν
493 465 606 516 ὅταν
631 488 700 519 τις
735 463 826 516 οἶδε
865 464 948 516 τὸν
982 471 1090 516 νοῦν
1116 469 1210 515 τῶν
1234 465 1369 515 θείων
1406 465 1584 529 λογίων
1619 467 1695 515 καὶ

65 546 261 601 5ἱκανὸς
300 547 562 615 ἀναπτῦξαι
597 546 821 611 νοήματα,
858 548 1102 615 εὐφραδῶς
1142 546 1190 597 δὲ
1229 552 1377 597 ταῦτα
1416 546 1601 614 διδάξαι
1641 546 1695 596 οὐ

106 627 371 691 δυνάμενος.
418 631 492 678 καὶ
524 633 662 679 τοῦτο
689 628 736 679 δὲ
771 630 953 679 κάκεῖνο
979 627 1033 678 δι’
1063 627 1163 682 ἑνὸς
1189 634 1271 679 τοῦ
1300 628 1575 691 Πνεύματος
1599 632 1695 681 τοῖς

106 710 254 777 ἀξίοις
285 714 554 777 χορηγεῖται
588 709 718 776 παρὰ
746 709 938 776 Πατρὸς
974 711 1027 760 δι’
1057 714 1188 772 Υὶοῦ,
1217 709 1266 763 ὃς
1294 713 1483 775 διαιρεῖν
1509 709 1693 775 λέγεται
1714 732 1827 762 ver.4.

105 791 189 845 τὰς
228 792 476 845 διακονίας·
532 791 610 845 οῦς
648 791 732 854 μὲν
771 791 863 858 γὰρ
894 795 988 842 τῶν
1021 792 1168 856 ἁγίων
1199 792 1487 843 ἀποστόλων
1527 794 1688 854 διακη-

103 872 286 939 ρύττειν
324 871 542 924 ἐκέλευσε
580 878 674 927 τοῖς
714 873 772 942 ἐξ
806 873 1001 937 αἵματος
1027 872 1232 940 Ἰσραὴλ
1264 874 1347 924 τὸν
1373 876 1455 937 τῆς
1488 874 1695 926 πίστεως

39 976 88 1001 10
106 953 273 1020 λόγον·
327 955 508 1021 ἑτέρους
548 956 587 1005 δ’
630 955 688 1005 αὖ
717 960 817 1008 ταῖς
855 959 949 1006 τῶν
976 956 1122 1006 ἐθνῶν
1149 956 1461 1019 ἀπονενέμηκε
1500 954 1691 1021 χώραις.

105 1035 328 1102 ἐνήργηκε
364 1036 413 1087 δὲ
448 1039 523 1087 καὶ
558 1042 697 1088 τοῦτο
729 1036 804 1087 διὰ
840 1042 923 1087 τοῦ
947 1037 1100 1102 Ἁγίου
1128 1036 1421 1101 Πνεύματος·
1475 1038 1551 1087 καὶ
1582 1040 1694 1100 γοῦν

106 1118 155 1168 ἐν
192 1123 292 1172 ταῖς
330 1118 536 1187 πράξεσι
574 1123 669 1169 τῶν
706 1119 852 1185 ἁγίων
878 1118 1169 1170 ἀποστόλων
1203 1119 1530 1185 γεγραμμένον
1554 1117 1691 1183 εὑρή-

107 1222 256 1263 σομεν
283 1199 354 1251 ὅτι
381 1208 407 1230 “
426 1200 835 1266 Λειτουργούντων
857 1200 905 1251 δὲ
931 1202 1086 1251 αὐτῶν
1112 1203 1177 1269 τῷ
1207 1201 1368 1270 Κυρίω
1396 1204 1471 1250 καὶ
1499 1223 1693 1264 νηστευ-
1712 1213 1828 1287 {zeta
1817 1212 1872 1243 SS

125 1279 308 1332 ςόντων
347 1280 472 1333 εἶπεν
502 1281 556 1332 τὸ
586 1286 780 1344 Πνεῦμα
818 1281 872 1333 τὸ
891 1280 1051 1347 Άγιον
1076 1252 1358 1351 Ἀφορισατε
1398 1280 1454 1346 δή
1494 1304 1573 1343 μοι
1610 1280 1694 1332 τὸν
1748 1267 1769 1297 p
1798 1257 1866 1287 xm
1887 1266 1916 1287 ²⁸

42 1370 136 1413 15⁶⁶
163 1362 420 1429 Βαρνάβαν
452 1368 526 1414 καὶ
564 1363 646 1414 τὸν
674 1367 864 1414 Σαῦλον
903 1368 962 1417 εἷς
1001 1362 1055 1414 τὸ
1093 1363 1231 1430 ἔργον
1271 1362 1295 1414 ’ὸ
1334 1363 1695 1429 προσκέκλημαι

109 1452 136 1475 “
162 1445 369 1499 αὐτούς·”
411 1446 609 1496 τέθειται
648 1444 696 1495 δὲ
736 1446 760 1496 ὁ
798 1446 1052 1498 θεσπέσιος
1081 1449 1276 1499 Παῦλος
1313 1449 1374 1498 εἷς
1413 1444 1696 1509 ἀποστολὴν

107 1528 266 1589 ἐθνῶν,
308 1529 384 1577 καὶ
425 1526 599 1590 ταύτην
640 1524 812 1594 ἐ’λαχεν
850 1527 935 1591 τὴν
977 1527 1229 1577 διακονίαν·
1285 1528 1360 1577 καὶ
1400 1526 1695 1577 πιστώσεται

107 1608 307 1676 γροίφων
327 1607 464 1662 αὐτός
492 1616 518 1637 “
539 1607 649 1676 Ἐφ’
672 1608 790 1659 ὅσον
809 1607 894 1671 μὲν
911 1609 992 1659 οὖν
1013 1608 1105 1673 ἐγὼ
1131 1610 1277 1658 ἐθνῶν
1297 1612 1387 1670 εἰμι
1407 1607 1694 1670 ἀπόστολος,
1715 1623 1918 1663 Rom.xi.13.

108 1697 135 1720 “
159 1690 244 1754 τὴν
283 1690 518 1741 διακονίαν
556 1712 647 1754 μου
687 1690 914 1758 δοξάζω.”
968 1690 1136 1740 οὐκοῦν
1175 1690 1376 1753 διανέμει
1411 1688 1496 1753 μὲν
1530 1691 1555 1740 ὁ
1581 1689 1696 1743 Υἱὸς

40 1788 88 1813 20
107 1769 189 1824 τὰς
217 1772 460 1834 διακονίας,
487 1772 663 1837 ἐνεργεῖ
694 1771 741 1822 δὲ
767 1771 821 1822 τὸ
847 1773 1008 1838 χρῆμα
1034 1770 1088 1822 τὸ
1115 1775 1312 1835 Πνεῦμα
1338 1769 1392 1822 τὸ
1410 1770 1570 1836 Ἅγιον
1596 1770 1693 1834 μετ’

106 1852 339 1921 ἐξουσίας·
397 1856 590 1916 Πνεῦμα
629 1851 723 1918 γοῖρ
762 1853 865 1903 ἐστι
903 1858 987 1903 τοῦ
1025 1856 1158 1904 Υἱοῦ.
1214 1852 1346 1903 ἀλλὰ
1390 1855 1465 1903 καὶ
1503 1852 1563 1903 τὰ
1602 1857 1696 1903 τῶν

108 1930 324 2002 δυνάμεων
351 1935 646 2001 ἐνεργήματα,
670 1934 887 1985 τουτέστι
913 1933 997 1988 τὰς
1022 1933 1098 1984 διὰ
1122 1939 1217 1985 τῶν
1242 1934 1390 2000 ἁγίων
1419 1934 1692 1997 θεοσημίας,
1715 1968 1781 1991 ver.
1802 1966 1851 1990 10,

105 2015 131 2065 ὃ
157 2013 295 2068 αὐτὸς
333 2015 442 2079 ἡμῖν
468 2016 766 2080 ἀποπεραίνει
792 2014 931 2069 Θεός·
978 2015 1134 2067 πάντα
1170 2015 1279 2082 γὰρ,
1307 2017 1368 2068 ὡς
1405 2015 1540 2083 ἔφην,
1566 2015 1696 2082 παρὰ

108 2094 298 2162 Πατρὸς
324 2098 377 2147 δι’
407 2099 525 2147 Υἱοῦ
551 2098 599 2147 ἐν
629 2096 883 2160 Πνεύματι,
907 2100 982 2148 καὶ
1010 2098 1081 2165 ἐφ’
1111 2096 1264 2148 ἅπασι
1305 2102 1401 2150 τοῖς
1432 2100 1689 2162 κατορθου*

41 2186 87 2224 25
106 2176 259 2240 μένοις
293 2177 321 2241 ἡ
361 2178 472 2242 ἁγία
512 2179 587 2228 καὶ
630 2178 880 2241 ὁμοούσιος
922 2177 1070 2245 Τριᾶς
1115 2178 1370 2247 δοξάζεται.
1428 2178 1560 2244 ἄθρει
1602 2177 1696 2245 γὰρ
1717 2199 1772 2233 66
1795 2197 1856 2233 Μ.

153 2347 187 2382 6.
212 2347 298 2394 τοῖς]
322 2352 359 2388 -Ι-
380 2349 470 2382 ἑλεῖν
492 2347 552 2392 (cf.
572 2359 592 2393 3
611 2349 732 2392 supra)
753 2347 820 2383 Ed.
1008 2356 1039 2393 7.
1065 2348 1173 2394 παρὰ]
1199 2352 1236 2389 -Ι-
1258 2350 1317 2382 τοῦ
1335 2348 1403 2382 Ed.
1580 2347 1614 2381 8.
1640 2361 1697 2383 ους

106 2393 182 2439 μὲν]
202 2409 292 2430 τινας
312 2394 361 2429 Η.
433 2394 538 2440 ἁγιων
555 2407 625 2428 0111.
647 2395 695 2428 H.
913 2395 1018 2429 8-10.
1045 2392 1467 2449 διακηρυττειν-χώραις]
1486 2395 1533 2439 τῷ
1551 2392 1695 2437 Ἰσραὴλ

108 2442 189 2474 κατὰ
213 2442 335 2486 σάρκα,
352 2441 443 2477 τινὰς
468 2442 504 2475 δέ
529 2443 599 2476 τοῖς
624 2441 739 2475 ἔθνεσι
765 2441 995 2486 διακηρύττειν
1013 2440 1172 2476 ἐκέλευσε
1197 2442 1255 2476 τὸν
1271 2443 1330 2485 τῆς
1354 2441 1502 2475 πίστεως
1521 2441 1627 2485 λόγον
1645 2440 1695 2474 Η.

110 2496 164 2521 11.
191 2488 244 2521 καὶ
262 2488 357 2531 prius
375 2493 599 2532 assumptum
618 2499 659 2521 ex
682 2487 728 2521 H.
980 2499 1046 2522 11-
1052 2500 1104 2530 14.
1131 2488 1186 2522 καὶ
1201 2486 1445 2533 γοῦν-ἅγιον]
1464 2486 1626 2531 λέγοντος
1646 2486 1694 2520 Η.

111 2543 165 2574 14.
189 2532 263 2578 τὸν]
288 2538 323 2574 -1-
345 2548 380 2567 τε
400 2533 448 2568 Η.
559 2543 613 2576 15.
639 2534 697 2567 τὸν
715 2545 785 2567 0111.
806 2533 855 2568 H.
963 2543 1087 2578 15—21.
1112 2534 1279 2569 εἷς-υἱοῦ
1297 2545 1367 2567 0111.
1384 2532 1433 2567 H.
1541 2543 1596 2567 22.
1618 2547 1694 2566 τοι·

106 2578 200 2613 τέστι
219 2591 288 2613 0111.
309 2580 357 2614 Η.
455 2591 511 2624 23.
530 2579 698 2624 ὁ-Θεός]
719 2581 819 2615 αὐτὸς
836 2582 854 2613 ὁ
872 2581 957 2615 Θεὸς
972 2582 1063 2614 ποιεῖ
1081 2581 1129 2615 H.
1191 2581 1235 2615 ὡς
1251 2581 1339 2625 ἔφην
1356 2591 1426 2613 0111.
1448 2578 1495 2613 Η.
1594 2588 1650 2623 25.
1674 2578 1693 2621 ἡ

107 2624 186 2669 ἁγία
206 2625 252 2659 H.
275 2625 434 2669 ἡγίασται
452 2627 495 2661 A.
515 2626 580 2660 Ed
647 2625 838 2685 δοξάζεται]
865 2627 978 2670 perglt
1003 2627 1259 2683 allquantulum
1283 2626 1418 2660 dlverse
1438 2625 1496 2659 Η·
1522 2640 1641 2659 πιστιν
1658 2625 1694 2658 δε

109 2670 249 2705 ἐνταῦθα
265 2672 359 2716 λεγει
376 2673 415 2706 οὐ
433 2672 492 2716 τὴν
508 2670 619 2716 ψιλὴν
634 2675 763 2717 γνῶσιν
779 2671 817 2716 ἣν
834 2673 888 2706 καὶ
904 2673 945 2706 τὰ
963 2672 1133 2717 ἀκάθαρτα
1150 2672 1322 2717 πνεύματα
1338 2673 1459 2716 ἔχουσι
1475 2670 1694 2706 πιστεύοντες

110 2715 161 2750 ὅτι
178 2718 272 2752 ἔστιν
289 2719 385 2758 Θεὸς,
403 2718 494 2752 ἀλλὰ
511 2718 628 2752 πίστιν
645 2718 710 2752 ὼδε
730 2733 876 2762 νοητεον,
894 2720 933 2753 οὐ
955 2720 1058 2762 μόνον
1074 2720 1112 2753 τὸ
1135 2721 1320 2753 πιστεῦσαι
1343 2719 1390 2753 εἷς
1412 2720 1470 2752 τὸν
1488 2719 1585 2757 Θεὸν,
1603 2718 1695 2751 ἀλλὰ

110 2776 163 2797 και
180 2766 225 2809 τῷ
243 2766 350 2798 ποιεῖν
366 2765 474 2799 πάντα
492 2765 533 2798 τὰ
558 2764 686 2809 ἀρεστὰ
703 2765 791 2809 αυτῷ
818 2765 871 2798 καὶ
893 2764 1042 2810 γνησίως
1063 2765 1104 2799 αι’
1106 2766 1164 2799 τὸν
1181 2765 1313 2809 ἀγαπᾶν
1330 2765 1383 2799 καὶ
1401 2764 1595 2808 ερηρεῖσθιιι
1613 2763 1695 2796 κατὰ

110 2799 228 2853 ψυχὴν
244 2811 298 2844 καὶ
322 2810 455 2853 ἕτοιμον
479 2809 561 2845 εἶναι
586 2813 646 2844 τοῦ
669 2799 875 2855 πορεύεσθαι
900 2812 984 2855 μετὰ
1003 2811 1128 2855 Κυρίου
1146 2814 1205 2845 τοῦ
1224 2814 1325 2846 Θεοῦ.
1359 2811 1388 2844 εἷ
1405 2811 1470 2855 γὰρ
1489 2810 1523 2843 ἐν
1540 2811 1630 2854 μόνῳ
1647 2810 1694 2853 τῷ

110 2855 281 2890 πιστεύειν
302 2856 354 2890 ὅτι
379 2857 475 2891 ἔστιν
492 2857 578 2891 Θεὸς
595 2856 613 2900 ἡ
631 2871 747 2915 m‘orcs
772 2871 894 2890 νοειται
919 2858 973 2891 καὶ
998 2859 1098 2891 τοῦτο
1121 2857 1156 2891 ἐν
1172 2858 1265 2901 τάξει
1290 2862 1356 2891 τῶν
1373 2857 1471 2891 θείων
1493 2844 1694 2899 λελόγισται

112 2904 341 2946 χαρισμάτων,
356 2903 389 2936 τί
404 2902 448 2947 μὴ
463 2916 516 2936 και
533 2902 627 2947 ἡμεῖς
643 2904 675 2937 ιιῖ
691 2905 953 2939 πεπιστευκότες
971 2905 1040 2939 τοῖς
1057 2903 1175 2948 ὄρεσιν
1192 2904 1410 2946 ἐπιτάττομεν
1421 2900 1691 2945 μετακινεῖσθαι;
