2012 3272
1737 216 1902 257 [60M.]

646 598 817 645 ΤΟΥ
882 598 1165 645 ΑΥΤΟΥ

136 784 228 828 ΕΚ
280 784 412 829 ΤΟΥ
461 785 501 829 Δ
550 785 787 831 ΤΟΜΟΥ
836 787 977 831 ΤΗΣ
1027 786 1209 831 ΠΡΟΣ
1260 785 1675 830 ΚΟΡΙΝΘΙΟΥΣ

568 987 1235 1057 ΚΥΡΙΛΛΟΥ.

480 1215 646 1256 Δοῦλος
681 1216 897 1267 &ameum
947 1215 1002 1263 μή
1042 1229 1108 1256 σοι
1145 1216 1325 1263 μελέτω.
1720 1240 1761 1265 21

68 1362 89 1399 5
187 1338 469 1390 ἘΠΕΙΔΗ
509 1363 628 1393 τινες
667 1342 749 1404 τῆς
787 1345 870 1390 τοῦ
908 1340 1076 1405 εΑγίου
1116 1339 1393 1404 Πνεύματος
1431 1338 1697 1407 ἀξιούμενοι

113 1418 317 1487 χάριτος,
357 1419 439 1472 τὸν
476 1424 559 1485 τῆς
605 1421 724 1472 κατὰ
764 1421 920 1488 σάρκα
964 1422 1177 1475 δουλείας
1221 1422 1500 1472 ἀπεσείοντο
1542 1419 1695 1487 ζυγὸν,

112 1500 384 1553 ἐπιστέλλει
409 1502 493 1566 μὲν
518 1506 593 1554 καὶ
621 1502 676 1553 δι’
704 1504 873 1570 ἑτέρων
899 1511 925 1533 “
949 1502 1114 1554 Μόνον
1141 1504 1204 1567 μὴ
1229 1502 1314 1567 τὴν
1340 1503 1607 1567 ἐλευθερίαν
1634 1506 1696 1556 εἷς
1715 1521 1786 1551 (ω.
1806 1531 1834 1550 v.
1857 1529 1903 1558 13.

112 1589 138 1612 ‘⁶
164 1583 386 1653 ἀφορμὴν
419 1588 477 1652 τῇ
509 1586 692 1651 σαρκὶ,”
735 1585 1064 1651 καταγοητεύει
1096 1585 1143 1636 δὲ
1175 1583 1339 1650 ὥσπερ
1371 1586 1444 1635 καὶ
1474 1583 1548 1634 διὰ
1584 1584 1692 1635 τού-

110 1687 205 1716 των
254 1665 420 1720 αὑτοὺς
480 1667 760 1717 ἀστειότατα
812 1668 967 1732 λέγων
1021 1669 1190 1722 Δοῦλος
1243 1665 1451 1726 ἐκλήθηςς
1516 1667 1579 1732 μή
1629 1690 1694 1716 σοι

42 1773 91 1798 10
108 1748 300 1814 μελέτω·
351 1752 462 1798 ἀλλ’
490 1754 523 1799 εἰ
564 1754 640 1799 καὶ
678 1745 864 1800 δύνασαι
899 1749 1108 1816 ἐλεύθερος·
1133 1748 1347 1814 γενέσθαι,
1376 1750 1558 1816 μᾶλλον
1584 1746 1693 1814 >gff-

110 1848 208 1880 σαι·
262 1829 479 1880 τουτέστι
518 1828 605 1880 κᾶν
643 1833 706 1884 εἷς
745 1829 827 1880 τὸν
868 1833 951 1894 τῆς
993 1831 1205 1883 δουλείας
1247 1833 1328 1892 τῆς
1373 1828 1494 1880 κατὰ
1539 1827 1697 1893 σάρκα

110 1910 250 1977 ζυγὸν
276 1911 594 1977 ἐπηρτημένον
625 1911 745 1979 ε”χων
780 1911 980 1976 ἐκλήθης
1017 1911 1092 1962 διὰ
1119 1915 1200 1975 τῆς
1231 1912 1436 1963 πίστεως
1462 1913 1524 1963 εἷς
1560 1911 1691 1959 ἐλευ-

109 1991 248 2059 θεραν
283 1992 485 2057 υἱότητα,
517 1991 605 2044 κᾶν
638 1997 674 2043 εὶ
712 1996 794 2056 τῆς
834 1994 958 2049 θείας
997 1994 1187 2062 φύσεως
1227 1993 1425 2058 γέγονας
1464 1989 1696 2051 κοινωνὸς,

111 2074 298 2137 ἄμεινον
325 2074 410 2125 ἔσο
446 2073 778 2141 μικροψυχίας,
805 2075 888 2125 οὐκ
925 2074 1130 2138 ἄμισθον
1163 2074 1372 2140 εὑρήσεις
1413 2073 1495 2124 τὸν
1529 2074 1603 2123 ἐπὶ
1639 2075 1696 2138 τῇ

45 2176 91 2212 15
111 2155 300 2224 δουλείᾳ
330 2155 491 2206 πόνον·
544 2153 665 2206 οἶδεν
699 2155 784 2218 μὲν
818 2155 911 2222 γὰρ
939 2156 1190 2221 ἐλευθέραν
1214 2155 1298 2219 τὴν
1326 2153 1475 2222 φύσιν
1503 2154 1527 2203 ὁ
1555 2157 1691 2215 δημι-

111 2235 294 2303 ουργός·
341 2237 588 2300 πεποίηται
619 2236 712 2303 γὰρ
738 2238 883 2290 οὕτως
921 2236 1031 2303 παρ’
1060 2238 1218 2287 αὑτοῦ·
1264 2235 1515 2303 πλεονεξία
1548 2235 1604 2285 δέ
1628 2257 1695 2286 τις

110 2316 536 2385 παρεισδραμοῦσά
560 2341 659 2372 πως
687 2317 805 2368 κατὰ
832 2318 1016 2384 καιροὺς
1041 2322 1106 2386 τῷ
1132 2320 1214 2381 τῆς
1240 2317 1501 2383 ἐλευθερίας
1528 2315 1696 2366 κάλλει

111 2400 436 2465 διελυμήνατο.
489 2403 560 2450 δεῖ
589 2400 636 2451 δὲ
668 2399 724 2464 δὴ
749 2400 938 2454 πάντως
963 2399 1068 2454 τοὺς
1094 2398 1401 2461 πεπονθότας,
1429 2397 1690 2466 ἀποφορτί-

163 2525 240 2559 1-3.
268 2514 322 2548 Ita
348 2513 529 2548 emendavi
555 2526 596 2548 ex
620 2513 655 2547 H
684 2514 743 2559 qui
768 2513 797 2548 α’
822 2515 927 2558 τόμου
952 2513 1114 2554 exhibet;
1149 2512 1177 2547 α’
1204 2525 1266 2558 pro
1292 2512 1320 2547 δ’
1346 2518 1385 2547 ut
1412 2512 1482 2547 vid.
1512 2511 1695 2546 scribente.

113 2574 146 2604 4.
176 2561 273 2595 Haec
291 2560 432 2594 exhibui
451 2572 492 2594 ex
512 2560 590 2603 Ed„
609 2561 668 2606 qui
685 2560 728 2594 ad
747 2561 904 2594 scholion
923 2560 1132 2604 praecedens
1150 2561 1306 2604 apponit.
1457 2568 1475 2601 5
1496 2570 1571 2603 sqq.
1600 2558 1697 2590 Haec

111 2607 258 2641 exhibeo
276 2619 316 2640 ex
333 2607 381 2650 H,
395 2608 455 2652 qui
471 2607 528 2640 hic
546 2608 662 2651 paullo
680 2607 813 2651 plenior
824 2619 927 2652 quam
943 2607 1075 2640 Catena
1093 2619 1110 2640 e
1124 2618 1192 2652 qua
1210 2605 1444 2651 pulcherrima
1455 2605 1563 2638 edidit
1577 2604 1696 2637 Maius

112 2665 188 2687 esse
215 2653 364 2687 videtur.
416 2653 490 2687 Inc.
516 2653 583 2687 Ed.
609 2653 730 2687 οὐκοῦν
756 2653 950 2697 κεκλημένοι
979 2653 1031 2686 διὰ
1058 2655 1117 2697 τῆς
1144 2653 1293 2688 πίστεως
1318 2652 1364 2687 εἷς
1390 2651 1585 2696 ἐλευθερίαν
1610 2651 1697 2684 τινες

112 2701 172 2744 τὴν
196 2699 419 2743 πνευματικὴν
443 2702 502 2744 τῆς
526 2700 609 2734 κατὰ
634 2700 745 2744 σάρκα
771 2700 925 2734 δουλείας
942 2699 1135 2744 ἀποφοιτᾶν
1151 2699 1349 2744 ἐπεχείρουν
1373 2697 1422 2733 οἷς
1442 2698 1494 2731 καὶ
1513 2697 1553 2731 δι’
1573 2697 1696 2739 ἑτέρων

113 2745 340 2788 ἐπιστέλλων,
355 2748 457 2791 φησι.
764 2746 796 2789 8,
815 2758 847 2791 9.
876 2743 1377 2791 καταγοητεύει-ἀστειότατα]
1397 2743 1641 2788 παραμυθεῖται
1659 2742 1695 2774 δέ

112 2792 233 2827 αὐτοὺς
250 2793 303 2826 καὶ
320 2793 375 2826 διὰ
391 2791 519 2827 τούτων
536 2792 644 2826 αὐτῶν
662 2792 729 2826 Ed.
916 2804 951 2838 9,
972 2805 1025 2826 10.
1053 2792 1275 2836 μὴ-χρῆσαι
1293 2791 1419 2825 retinui
1438 2803 1479 2824 ex
1499 2790 1564 2823 Ed.
1584 2790 1635 2822 καὶ
1655 2788 1695 2820 τὰ

112 2839 188 2882 ἑξῆς
203 2838 252 2872 Η.
399 2849 451 2872 11.
477 2839 505 2872 εἰ
522 2838 718 2872 emendavit
734 2844 825 2872 recte
842 2842 884 2872 ut
900 2838 970 2872 vid.
991 2839 1125 2883 Migne.
1144 2839 1190 2874 εἱς
1211 2838 1258 2872 Η.
1278 2837 1344 2872 Ed.
1403 2839 1461 2880 τῆς
1479 2837 1535 2870 alt.
1554 2846 1623 2883 01η.
1647 2833 1693 2866 Η.

117 2896 170 2928 13.
188 2886 246 2928 τῆς
264 2896 333 2918 om.
354 2885 403 2918 H.
554 2885 677 2929 15—18.
704 2883 1066 2928 οἶδεν-διελυμήνατο
1082 2890 1303 2919 accesserunt
1321 2896 1362 2917 ex
1383 2883 1431 2916 H.
1579 2883 1630 2913 ιδ.
1658 2880 1694 2912 δέ

113 2931 153 2975 δὴ
173 2932 221 2965 H.
238 2931 303 2976 γὰρ
323 2930 391 2964 Ed.
462 2930 688 2976 πεπονθότας]
714 2936 748 2972 -Ι-
770 2933 805 2965 ἔκ
823 2946 910 2966 τινος
927 2931 1125 2974 πλεονεξίας
1142 2931 1201 2974 τὴν
1219 2930 1373 2964 δουλείαν
1392 2928 1456 2962 Ed.

170 2997 263 3025 VOL.
286 2998 354 3025 ΠΙ.
874 2999 901 3024 N
923 3001 951 3024 n
