2012 3272
118 146 187 172 xv.
207 143 260 187 55
278 149 361 188 sqq.
425 136 494 176 IN
530 137 615 178 ΕΡ.
646 137 681 178 Ι.
719 138 802 178 AD
843 138 1234 181 CORINTHIOS.
1289 140 1404 181 LIB.
1429 142 1533 184 VII.
1622 145 1707 186 317

1771 215 1808 246 81
1828 216 1878 247 M.

119 246 146 269 ‘⁶
170 239 416 306 γενόμενος·
456 242 569 309 ὑπὲρ
607 245 739 308 ἡμῶν
778 246 1007 313 κατάρα·”
1060 247 1195 299 ἔσται
1234 248 1282 300 δὲ
1322 251 1348 301 ὁ
1386 274 1700 319 μετασχημα-
1722 215 1925 311 G[al.iii.1{,.

116 322 286 386 τισμὸς
312 325 393 375 οὐκ
419 328 480 378 εἷς
510 326 670 392 ἑτέραν
695 326 798 379 τινὰ
835 330 984 397 φύσιν
1010 330 1307 397 ἀποκομίζων
1333 332 1470 395 ἡμᾶς,
1499 332 1704 397 ἐσόμεθα

116 402 210 469 γὰρ
243 405 356 471 ὅπερ
387 406 542 470 ε’σμὲν,
569 409 813 460 τουτέστιν
852 410 1105 476 ἄνθρωποι,
1132 411 1263 476 πλὴν
1302 414 1515 477 ἀμείνους
1553 417 1704 482 ἀσυγ-

117 486 299 548 κρίτως·
354 489 590 556 ἄφθαρτοι
628 489 721 557 γὰρ
761 494 836 542 καὶ
875 492 1152 558 ἀνώλεθροι,
1183 496 1259 544 καὶ
1299 493 1418 560 πρός
1458 519 1513 562 γε
1553 497 1704 566 τούτῳ

74 574 97 613 5
116 568 463 636 δεδοξασμένοι.
503 571 552 621 τί
574 571 611 622 δ’
634 570 691 622 ἂν
717 573 943 634 βούλοιτο
970 578 1147 638 δηλοῦν
1169 576 1196 639 ἡ
1219 577 1399 641 ἐσχάτη
1425 577 1653 648 σάλπιγξ
1675 577 1704 643 ἢ
1723 604 1787 624 ver.
1806 602 1858 634 52-

115 649 334 719 διανιστᾷ
366 649 474 706 τοῦς
510 652 712 718 νεκροὺς,
740 655 877 709 αὐτὸς
904 657 1014 720 ἡμῖν
1038 661 1267 723 σαφηνιεῖ
1297 657 1454 725 λέγων
1481 661 1504 710 ὁ
1532 661 1703 711 θεσπέ-

113 752 218 784 σιος
245 735 440 786 Παῦλος
477 733 632 786 “”Οτι
669 735 807 790 αὐτὸς
834 739 858 787 ὁ
890 737 1064 803 Κύριος·
1095 739 1142 789 ἐν
1169 739 1456 803 κελεύσματι
1490 743 1538 792 ἐν
1565 746 1700 809 φωνῇ
1722 749 1867 823 ἷόΤῘῑθΞΞ-
1884 751 1927 782 iv.

114 819 141 842 “
167 814 474 882 άρχαγγέλου
513 820 588 867 καὶ
628 819 676 868 ἐν
714 818 955 885 σάλπιγγι
983 824 1107 871 Θεοῦ
1147 821 1471 886 καταβήσεται
1510 825 1588 874 ἀπ’
1624 825 1701 875 οὐ-
1763 817 1769 824 ’

112 901 139 924 “
163 898 352 960 ρανοῦ·”
403 903 480 949 καὶ
523 905 555 950 οἱ
598 906 724 969 νεκροὶ
758 900 1050 970 ἐγερθήσονται
1077 902 1308 971 ἄφθαρτοι.
1349 905 1515 956 οὐκοῦν
1540 929 1701 971 παρει-

46 996 93 1021 10
111 975 232 1042 κάζει
271 978 513 1046 σάλπιγγι
556 980 642 1044 τὴν
682 988 765 1032 τοῦ
806 982 1111 1051 ἀρχαγγέλου
1154 984 1330 1052 φωνὴν,
1369 989 1442 1037 καὶ
1484 986 1538 1038 τὸ
1578 992 1701 1039 θεῖον

110 1059 252 1109 ἐκεῖνο
286 1062 359 1110 καὶ
387 1062 772 1129 φρικωδέστατον
798 1064 1054 1128 κέλευσμά.
1096 1071 1132 1117 εἰ
1161 1067 1208 1118 δὲ
1235 1069 1309 1118 κάἳ
1342 1068 1366 1118 ὃ
1401 1068 1699 1136 ἁρχάγγελός
1720 1085 1775 1118 82
1797 1084 1859 1121 Μ.

109 1141 240 1190 ἐστιν
272 1143 296 1192 ὁ
330 1143 568 1209 κεκραγὼς
607 1147 682 1195 καὶ
720 1146 774 1197 τὸ
814 1150 897 1210 τῆς
935 1148 1246 1202 ἀναστάσεως
1284 1149 1506 1214 σύνθημα
1546 1151 1699 1206 διδοῦς’

107 1227 203 1276 τοῖς
227 1224 275 1273 ἐν
301 1228 362 1292 γῇ
387 1227 627 1288 κειμένοις,
657 1228 768 1278 ἀλλ’
798 1229 879 1279 οὖν
905 1235 988 1280 τοῦ
1016 1234 1233 1296 Χριστοῦ
1260 1231 1395 1282 ἔσται
1422 1234 1575 1301 φωνή·
1622 1237 1697 1285 καὶ

107 1301 201 1370 γάρ
236 1306 366 1356 ἐστιν
403 1307 541 1361 αὐτὸς
583 1309 675 1378 ἰδίᾳ
716 1310 905 1373 δυνάμει
950 1312 1194 1366 διανιστᾶς
1235 1312 1343 1367 τοὺς
1382 1314 1580 1380 νεκροὺς,
1621 1318 1698 1367 καὶ

41 1400 88 1438 Ι5
108 1386 215 1453 οὐχί
240 1410 332 1438 που
357 1388 545 1443 πάντως
573 1390 599 1453 ἡ
626 1397 709 1441 τοῦ
734 1392 1039 1459 ἀρχαγγέλου
1067 1395 1218 1462 φωνή·
1273 1398 1570 1450 δεσποτικοῖς
1602 1397 1696 1463 γὰρ

106 1468 453 1534 προστάγμασι
493 1475 631 1522 πᾶσα
669 1474 821 1527 κτίσις
849 1473 1114 1540 ὑπέζευκται
1154 1478 1342 1542 λογική·
1396 1479 1509 1529 ποία
1540 1481 1696 1530 τοίνυν

107 1548 231 1603 ὅλως
266 1551 531 1606 ἀνάστασις·
573 1554 706 1604 ἔσται
753 1555 872 1606 κατὰ
914 1555 1153 1620 ἀλήθειαν,
1194 1561 1232 1607 εἱ
1273 1557 1337 1622 μὴ
1378 1558 1491 1610 αὐτό
1538 1565 1695 1629 φαμεν

106 1631 465 1690 ἀναβιώσεσθαι
498 1633 552 1684 τὸ
583 1639 649 1704 τῷ
676 1635 863 1706 θανάτῳ
892 1639 1283 1705 κατησχημένον;
1331 1639 1358 1705 ὴ
1386 1641 1490 1691 τίνα
1515 1643 1692 1709 τρόπον

105 1713 316 1778 ἐροῦμεν,
353 1717 600 1783 μονονουχὶ
640 1717 1004 1785 κατορχούμενοι
1043 1722 1125 1783 τῆς
1165 1724 1347 1789 φθορᾶς
1390 1723 1631 1786 Κατεπόθη
1673 1731 1842 1784 o‘ver.54.

38 1814 87 1840 20
104 1792 286 1850 θάνατος
325 1801 384 1851 εἷς
424 1799 550 1859 νῖκος,
584 1800 660 1848 καὶ
699 1799 758 1849 τὰ
796 1799 936 1868 ἑξῆς;

226 1973 312 2014 Ποῦ
348 1988 423 2015 σου
458 1977 613 2017 θάνατε
651 1977 700 2019 τὸ
740 1978 945 2036 κέντρον;
994 1983 1074 2021 Ποῦ
1110 1996 1185 2023 σου
1223 1982 1304 2041 §bn
1343 1983 1392 2026 τὸ
1431 1982 1572 2039 νῖκοε;
1711 1994 1760 2033 55
1781 1998 1863 2035 sqq·

175 2094 355 2146 Ἰστέον
396 2095 444 2147 δὲ
483 2097 553 2148 ὅτι
592 2098 677 2163 τὴν
712 2106 795 2151 τοῦ
834 2104 1139 2168 προκειμένου
1176 2107 1320 2172 ῥητοῦ
1360 2107 1626 2174 παράθεσιν
1666 2112 1690 2161 ὁ

101 2175 326 2243 μακάριος
355 2181 550 2233 Παῦλος
577 2180 696 2231 κατὰ
722 2181 808 2246 τὴν
835 2184 1038 2250 ἑβραίων
1064 2185 1253 2238 ε”κδοσιν
1279 2188 1554 2253 ἐποιήσατο·
1598 2191 1690 2259 ἔχει

102 2255 151 2307 δὲ
177 2258 262 2325 οὐχ
289 2260 435 2314 οὕτως
461 2261 489 2324 ἡ
515 2265 610 2311 τῶν
635 2262 973 2328 ἑβδομήκοντα·
1020 2267 1282 2333 γέγραπται
1310 2269 1402 2336 γὰρ
1427 2272 1475 2322 ἐν
1500 2273 1688 2340 προφή-

34 2359 82 2397 25
102 2360 203 2392 ταις
229 2346 257 2368 “
278 2344 383 2391 Ποῦ
408 2342 436 2406 ἡ
465 2343 568 2407 δίκη
604 2367 697 2395 σου
735 2344 937 2408 θάνατε;
978 2354 1071 2399 ποῦ
1104 2349 1157 2400 τὸ
1189 2350 1380 2418 κέντρον
1411 2375 1503 2404 σου
1530 2352 1619 2422 ᾅδη
1636 2356 1683 2417 ;”
1705 2348 1872 2381 Hosxffi.

1707 2400 1755 2432 14.

174 2420 316 2485 Πλὴν
342 2423 387 2474 τὶ
418 2421 572 2494 κέντρον
599 2428 672 2477 τοῦ
698 2425 879 2479 θανάτου
907 2433 1059 2498 φησὶν
1085 2434 1106 2491 ἦ
1137 2436 1358 2501 ἁμαρτίαι,
1385 2438 1406 2496 ἦ
1434 2432 1479 2487 δὲ
1499 2432 1685 2505 δύναμις
1704 2462 1769 2482 ver.
1787 2451 1839 2492 56·

99 2500 175 2561 τ’ἧς
212 2506 441 2575 ἁμαρτίας
471 2512 489 2557 ὁ
523 2508 665 2576 νόμος·
708 2509 907 2574 πλήττει
944 2511 1029 2575 μὲν
1053 2512 1147 2580 γὰρ
1174 2513 1248 2566 οἶά
1285 2538 1355 2570 τις
1392 2518 1620 2585 σκορπίος
1660 2522 1684 2571 ὁ

149 2649 200 2684 18.
228 2652 478 2696 κατεσχημένον
496 2653 551 2699 (ut
566 2656 686 2700 supra)
702 2656 838 2701 Migne.
875 2658 950 2694 Inc.
968 2660 1009 2694 Εἰ
1025 2660 1070 2705 μὴ
1088 2662 1126 2695 τὸ
1140 2662 1249 2697 πέσον
1266 2663 1312 2699 εἷς
1328 2666 1392 2709 γῆν
1404 2664 1580 2701 ἀνίσταται
1592 2668 1682 2702 ἀλλὰ

99 2694 188 2738 μένει
213 2697 267 2731 ἐπὶ
290 2699 362 2743 γῆς,
388 2702 458 2734 πῶς
476 2701 638 2744 νενίκηται
659 2704 676 2736 ὁ
695 2703 846 2747 θάνατος,
863 2704 881 2748 ἢ
900 2710 971 2741 πῶς
992 2709 1172 2753 μονονουχὶ
1195 2711 1252 2753 τῆς
1269 2711 1403 2755 φθορᾶς
1420 2714 1681 2758 κατορχούμενοι

100 2740 238 2785 ἐροῦμεν
255 2745 421 2788 κατεπόθη
444 2746 490 2780 Η.
779 2761 833 2784 20.
860 2751 965 2798 νῖκος]
987 2753 1103 2798 Pergit
1121 2755 1298 2790 τουτέστιν
1323 2758 1368 2792 εἷς
1394 2758 1562 2802 ἐκνίκησιν
1578 2763 1681 2805 ἤγουν

100 2787 253 2823 εἷσάπαν.
282 2789 405 2834 ταύτην
426 2792 463 2825 δὲ
488 2795 547 2826 τοῦ
571 2793 675 2837 ῥητοῦ
700 2796 759 2839 τὴν
775 2799 964 2842 παράθεσιν
982 2801 999 2832 ὁ
1016 2800 1213 2837 ἀπόστολος
1231 2803 1415 2847 ἐποιήσατο
1439 2807 1521 2839 κατὰ
1540 2807 1599 2848 τὴν
1615 2811 1681 2840 τῶν

99 2833 244 2878 ἑβραίων
273 2836 420 2877 ἔκδοσιν,
448 2839 487 2872 οὐ
519 2840 583 2883 μὴν
615 2844 698 2876 κατὰ
730 2843 790 2886 τὴν
822 2847 888 2877 τῶν
920 2846 1162 2892 ἑβδομήκοντα,
1192 2848 1263 2892 ἥτις
1296 2850 1400 2885 οὕτως
1429 2852 1499 2895 ἔχει
1527 2855 1593 2885 ποῦ
1624 2851 1680 2897 [ut.

1644 2899 1652 2909 ‹

99 2879 188 2914 infra
206 2881 267 2927 25]
291 2882 338 2916 H.
627 2897 681 2933 25.
709 2889 771 2933 ἅδη
791 2889 862 2925 des.
883 2892 931 2926 H.
1227 2906 1282 2941 27.
1310 2896 1385 2931 Ine.
1402 2897 1542 2941 πλήττει
1559 2898 1620 2942 μὲν
1636 2914 1680 2934 ως

101 2928 260 2971 σκορπίος
276 2930 294 2963 ὁ
313 2931 459 2965 Σατανᾶς
478 2933 494 2964 ὁ
517 2931 562 2966 H.
