2017 3252
329 146 412 184 558
752 145 800 185 B.
838 144 1084 185 CYRILLI
1126 145 1470 187 ALEXANDR.

105 240 268 322 ῗῖὲΐῇἰ,
291 250 378 301 ἀέν
422 253 488 320 τῷ
533 253 770 321 ὀμοουσίω
819 253 1072 313 Πνεύματι
1143 253 1405 318 γέγραπται
1453 253 1545 319 γὰρ
1590 253 1659 304 ὅτι
1704 262 1730 284 “
1756 255 1818 311 Ὀ
1861 255 1909 306 δὲ

109 339 157 371 17-
331 331 536 398 “κύριος
576 332 629 383 τὸ
666 333 849 396 πνεῦμά
887 335 1042 385 ἐστιν.’
1110 334 1219 385 ενθα
1253 334 1300 385 δὲ
1327 334 1450 388 ὅλως
1476 336 1637 389 οὐσίας
1664 335 1906 400 ταυτότης,

330 415 424 465 ἐκεῖ
456 437 547 465 που
584 413 770 468 πάντως
810 415 877 478 εἰἠ
904 414 961 465 ἂν
992 415 1045 466 τὸ
1079 415 1421 480 παραλλάττον
1447 417 1590 468 οὐδέν.
1643 419 1752 467 ἀλλ’
1795 417 1910 483 ὅπερ

330 495 387 545 ἂν
410 493 524 545 εἶναι
551 497 658 563 νοῇς
685 495 766 546 τὸν
794 496 999 561 Πατέρα,
1026 495 1162 547 τοῦτό
1193 497 1296 546 ε’στι
1323 500 1397 547 καὶ
1427 499 1452 548 ὀ
1478 497 1604 558 Υἱὸς,
1633 497 1739 564 δίχα
1765 498 1910 561 μόνου

329 582 412 627 τοῦ
432 575 545 626 εἶναι
571 575 742 641 πατήρ’
783 578 859 627 καὶ
886 576 1001 642 ὅπερ
1027 575 1083 628 ἂν
1111 577 1359 645 ὑπολάβῃς
1384 576 1497 628 εἶναι
1520 577 1602 629 τὸν
1621 577 1751 641 Υὶὸν,
1773 579 1908 630 τοῦτό
1929 600 1951 637 5

329 658 433 707 ἐστι
459 657 607 708 καὶτὸ
629 661 837 721 Πνεῦμα,
860 659 968 725 δίχα
991 659 1137 722 μόνου
1163 665 1245 709 τοῦ
1272 657 1385 709 εἶναι
1413 660 1522 712 υἱός.
1566 661 1801 727 ὑφέστηκε
1824 659 1909 722 μὲν

328 737 420 804 γὰρ
447 743 540 789 τῶν
565 739 915 803 ὠνομασμένων
939 741 1141 791 ἕκαστον
1168 739 1523 803 ἰδιοσυστάτως,
1540 744 1615 791 καὶ
1635 741 1767 791 ε”στιν
1792 743 1909 806 ἀλη-

329 824 422 874 θῶς
460 819 574 886 ὅπερ
610 818 724 872 εἶναι
762 820 962 886 λέγεται·
1011 821 1039 885 ἡ
1075 821 1123 872 δὲ
1158 825 1219 875 εἷς
1244 826 1339 872 πᾶν
1379 823 1533 872 ὁτιοῦν
1573 821 1788 885 ὁμοιότης
1826 825 1910 885 τῆς

283 917 308 956 l)
329 902 463 967 ἁγίας
503 901 705 967 Τριάδος
745 901 1126 967 ἀπαραλλάκτως
1171 903 1276 969 ἔχει.
1329 904 1495 953 οὐκοῦν
1538 901 1625 953 κᾶν
1666 907 1701 953 εἰ
1746 903 1909 968 γέγονε

327 983 424 1032 κατ’
451 981 602 1033 εἰκόνα
629 989 711 1034 τοῦ
736 986 854 1034 Υἱοῦ
880 985 905 1034 ὁ
932 983 1191 1049 ἄνθρωπος,
1219 985 1293 1034 καὶ
1321 985 1467 1037 οὕτως
1501 985 1602 1034 ἐστὶ
1630 984 1727 1034 κατ’
1757 984 1909 1034 εἰκόνα
1932 1011 1978 1036 10

327 1067 465 1115 Θεοῦ.
513 1063 628 1128 ὅλης
662 1064 754 1131 γὰρ
781 1066 906 1133 αὐτῷ
932 1067 1014 1128 τῆς
1041 1066 1296 1127 ὁμοουσίου
1322 1065 1523 1131 Τριάδος
1552 1068 1594 1116 οἱ
1621 1068 1908 1132 χαρακτῆρες

325 1144 667 1207 ἐλλάμπουσιν,
693 1148 775 1196 ἅτε
814 1145 870 1210 δὴ
910 1148 985 1196 καὶ
1024 1151 1131 1208 μιᾶς
1162 1147 1310 1210 οὔσης
1345 1149 1426 1209 τῆς
1465 1145 1583 1196 κατὰ
1623 1147 1773 1213 φύσιν
1800 1145 1903 1197 θεό-

325 1248 463 1288 τητος
502 1228 584 1289 τῆς
622 1228 670 1277 ἐν
697 1229 852 1292 Πατρὶ
888 1229 963 1277 καὶ
997 1231 1098 1296 Υἰῷ
1138 1230 1211 1278 καὶ
1249 1227 1398 1296 “Αγίῳ
1428 1228 1681 1290 Πνεύματι.
1737 1227 1908 1294 γράφει

103 1325 221 1356 (teni.
325 1313 439 1371 γοῦν
472 1309 497 1358 ὁ
529 1307 781 1361 θεσπέσιος
814 1312 1031 1372 Μωυσῆς
1070 1317 1096 1338 “
1125 1311 1218 1359 Καὶ
1256 1307 1379 1359 εἶπεν
1413 1310 1437 1359 ὁ
1472 1308 1593 1363 Θεός
1622 1308 1907 1373 Ποιήσωμεν

106 1369 153 1400 26'
325 1396 351 1417 “
376 1389 626 1455 ἄνθρωπον
653 1389 751 1440 κατ’
780 1388 935 1440 εἰκόνα
969 1389 1196 1456 ἡμετέραν
1224 1392 1298 1440 καὶ
1325 1391 1431 1441 καθ’
1462 1391 1732 1454 ὁμοίωσιν.”
1777 1391 1831 1442 τὸ
1859 1391 1944 1441 δεί
1954 1412 1976 1449 5

284 1471 598 1536 ΟἩμετέραν,
626 1472 712 1538 οὐχ
750 1471 850 1524 ἑνὸς
877 1471 1090 1536 δήλωσιν
1128 1471 1218 1538 ἔχει
1256 1471 1532 1537 προσώπου,
1559 1471 1634 1522 διά
1659 1495 1729 1522 τοι
1768 1471 1821 1522 τὸ
1860 1474 1908 1522 ἐν

1492 1555 1501 1568 ,
1522 1555 1531 1567 .
1550 1555 1560 1567 .
1579 1553 1590 1568 s

321 1632 572 1699 πληρωμα.
626 1656 843 1699 περιττον
870 1634 950 1684 οῦν
976 1633 1067 1700 ἄρα
1096 1633 1150 1684 τὸ
1183 1634 1569 1700 περιεργάζεσθαι
1606 1636 1681 1685 καὶ
1721 1639 1906 1702 ἰσχνοε-

322 1719 425 1765 πεῖν
452 1717 527 1766 καὶ
559 1715 727 1779 λέγειν,
755 1714 825 1765 ὅτι
852 1716 906 1765 οὐ
937 1720 1020 1765 τοῦ
1048 1719 1172 1766 Θεοῦ
1206 1715 1398 1778 μᾶλλόν
1424 1717 1567 1778 ἐσμεν
1593 1714 1773 1778 εἰκόνες,
1801 1715 1905 1766 οὐδὲ

322 1803 405 1847 τοῦ
447 1795 727 1869 ἀρχετύπου,
764 1795 893 1846 ἀλλὰ
934 1799 1016 1859 τῆς
1060 1802 1142 1847 τοῦ
1182 1800 1305 1847 Θεοῦ
1350 1796 1537 1850 εἰκόνος·
1593 1798 1725 1862 ἀρκεῖ
1760 1796 1807 1848 δὲ
1850 1797 1904 1847 τὸ
1928 1816 1976 1840 20

321 1878 559 1929 πιστεύειν
583 1877 701 1941 μετὰ
733 1876 1015 1942 ἁπλότητος,
1044 1877 1116 1928 ὅτι
1141 1877 1261 1928 κατὰ
1288 1879 1418 1928 θείαν
1444 1877 1598 1929 εἰκόνα
1631 1878 1905 1945 γεγόναμεν,

321 1958 408 2023 τὴν
440 1982 558 2025 προς
586 1957 710 2010 Θεον
743 1956 971 2019 λαβόντες
1009 1958 1264 2026 μόρφωσιν
1289 1963 1517 2027 φυσικῶς.
1569 1963 1606 2010 εἰ
1645 1959 1693 2010 δε
1733 1958 1822 2027 χρή
1862 1982 1905 2010 τι

323 2042 398 2090 καὶ
425 2041 506 2091 οὐκ
531 2040 768 2093 ἀπιθάνως
794 2044 949 2099 εἰπεῖν,
975 2042 1231 2105 ἀναγκαῖον
1257 2038 1314 2103 ἧν
1342 2041 1462 2104 ἡμᾶς
1488 2038 1756 2103 μελλοντας
1783 2040 1905 2094 υἱους

279 2124 304 2163 d
324 2120 634 2186 ὀνομάζεσθαι
670 2124 806 2183 Θεοῦ,
847 2121 946 2171 κατ’
985 2121 1136 2171 εἰκόνα
1172 2126 1254 2171 τοῦ
1286 2123 1404 2172 Υἱοῦ
1441 2122 1661 2188 γενεσθαι
1702 2126 1903 2186 μᾶλλον,

323 2203 377 2253 ἵν’
404 2203 512 2267 ἡμῖν
536 2201 749 2270 ἐμπρέπῃ
775 2203 849 2252 καὶ
877 2204 901 2253 ὁ
929 2205 1011 2266 τῆς
1039 2203 1247 2267 υἱότητος
1273 2202 1528 2270 χαρακτήρ.
1925 2213 1974 2250 25

374 2334 402 2356 1.
430 2322 659 2367 Assmnpta‘'
640 2337 691 2356 οτι
709 2334 750 2355 ex
763 2324 806 2356 A.
812 2322 864 2365 C„
883 2322 920 2356 τὸ
939 2334 980 2356 ex
996 2322 1040 2357 A.
1043 2321 1084 2357 C.
1089 2323 1135 2358 D.
1232 2334 1264 2356 2.
1283 2322 1401 2358 οὐσίας
1417 2324 1578 2365 ταυτότης
1594 2322 1661 2356 hoc
1678 2322 1799 2356 ordine
1815 2322 1858 2357 A.
1863 2322 1905 2356 C.

323 2379 355 2413 3.
381 2383 430 2411 ειη
449 2370 488 2402 ἂν
507 2368 561 2412 [ἂν
578 2380 646 2403 om.
667 2368 707 2403 C.
711 2367 725 2413 ]
750 2370 788 2402 τὸ
808 2370 1051 2413 παραλλαττον
1073 2369 1139 2403 hoc
1157 2369 1278 2403 ordine
1295 2369 1337 2403 A.
1344 2369 1384 2403 C.
1403 2370 1440 2403 τὸ
1457 2370 1698 2412 παραλλάττον
1715 2368 1763 2412 ε’ίη
1780 2369 1820 2403 ἂν
1837 2368 1903 2403 Ed.

322 2427 355 2455 4.
383 2417 464 2449 εἰναι
482 2417 558 2458 νοῆς
575 2416 632 2448 τὸν
648 2414 776 2456 πατέρα
794 2415 859 2448 hoc
878 2415 999 2448 ordine
1017 2416 1060 2448 A.
1067 2415 1105 2448 C.
1124 2418 1183 2449 τὸν
1198 2415 1326 2458 πατέρα
1345 2414 1425 2449 εἶναι
1443 2417 1519 2458 νοῆς
1537 2415 1602 2448 Ed.
1761 2424 1793 2458 5.
1820 2415 1902 2448 ὑπο-

322 2461 431 2502 λάβῃς
460 2460 665 2505 [ὑπολάβοις
684 2460 741 2505 C.]
762 2475 843 2494 ειναι
864 2462 922 2494 τὸν
939 2462 1010 2494 υἱὸν
1027 2461 1094 2494 hoc
1112 2461 1233 2495 ordine
1251 2462 1294 2495 A.
1300 2461 1339 2495 C.
1359 2463 1418 2495 τὸν
1439 2462 1511 2494 υἱὸν
1534 2474 1616 2494 ειναι
1641 2460 1816 2503 ὑπολάβῃς
1834 2461 1902 2494 Ed.

322 2506 354 2540 6.
380 2508 572 2549 Assumpta
588 2508 692 2548 μόνου
709 2519 749 2540 ex
770 2507 822 2549 C„
840 2507 901 2550 μὲν
917 2519 958 2541 ex
976 2507 1117 2540 A.C.D.
1361 2507 1394 2540 8.
1421 2506 1457 2551 ἡ]
1477 2507 1506 2539 εἷ
1525 2506 1610 2550 (sic)
1628 2506 1717 2541 A.C.
1790 2508 1903 2550 ὁμοιό-

322 2567 380 2596 της
397 2552 485 2587 A.C.
505 2552 667 2595 ὁμοίωσις
686 2552 753 2586 Ed.
977 2563 1030 2587 10.
1056 2553 1153 2588 οὗτος
1171 2552 1250 2595 (sic)
1271 2552 1312 2586 C.
1385 2552 1511 2597 εἰκόνα]
1535 2558 1572 2593 -†-
1593 2554 1651 2586 τοῦ
1669 2553 1713 2586 A.
1732 2552 1842 2586 invito
1861 2554 1901 2587 C.

326 2610 339 2632 Ι
352 2609 378 2632 1.
406 2598 590 2642 ὁμοουσίου
609 2598 699 2631 A.C.
717 2597 813 2642 ἁγίας
832 2597 899 2631 Ed.
1081 2610 1133 2632 12.
1161 2599 1393 2642 ε’κλάμπουσιν
1411 2598 1451 2632 C.
1629 2609 1682 2641 14.
1708 2601 1790 2643 γοῦν
1806 2599 1901 2633 A.D.

322 2643 381 2678 οὖν
399 2644 440 2679 C.
460 2644 526 2678 Ed.
600 2646 618 2677 ὁ
636 2644 819 2679 θεσπέσιος
838 2650 884 2678 Μ.
903 2644 991 2677 A.C.
1020 2650 1066 2678 Μ.
1086 2646 1104 2677 ὁ
1122 2644 1308 2687 θεόληπτος
1327 2645 1372 2679 D.
1392 2644 1457 2679 Ed.
1672 2645 1725 2679 16.
1752 2644 1903 2688 δήλωσιν

321 2691 392 2735 ἔχει
408 2692 595 2733 προσώπου
614 2689 701 2724 A.C.
719 2692 906 2732 προσώπου
925 2689 1077 2732 δήλωσιν
1093 2692 1163 2736 ἔχει
1182 2690 1247 2725 Ed.
1546 2691 1598 2724 18.
1624 2692 1662 2725 τὸ
1680 2697 1902 2735 assumptum

321 2749 362 2770 ex
380 2736 522 2771 A.C.D.
596 2737 704 2781 ἷσχνῶ
721 2736 825 2769 εἰπεῖν
844 2736 924 2779 (sic)
945 2736 985 2770 C.
1259 2748 1313 2770 21.
1339 2736 1512 2771 πιστεύειν
1528 2737 1610 2780 μετὰ
1627 2736 1817 2780 ἁπλότητος
1834 2737 1901 2771 hoc

321 2783 442 2817 ordine
460 2782 548 2817 A.C.
697 2793 751 2816 22.
778 2781 879 2826 πρὸς]
904 2787 939 2821 —†-
961 2783 1019 2816 τὸν
1037 2782 1065 2815 F
1070 2782 1102 2816 d.
1122 2783 1237 2817 invitls
1256 2783 1298 2816 A.
1305 2783 1344 2817 C.
1351 2783 1396 2817 D.
1467 2784 1650 2827 μόρφωσιν
1665 2785 1820 2828 φυσικῶς
1836 2782 1902 2816 hoc

321 2829 442 2863 ordine
460 2829 548 2863 A.C.
668 2839 721 2872 23.
749 2827 968 2871 ἡμᾶς-Θεοῦ
987 2828 1051 2862 hoc
1071 2840 1109 2862 01
1113 2829 1191 2863 dme
1209 2829 1252 2884 A.
1257 2829 1297 2863 C.
1317 2829 1401 2872 ἡμᾶς
1419 2836 1498 2873 post
1516 2832 1603 2863 Θεοῦ
1621 2829 1816 2885 transponit
1833 2828 1901 2863 Ed.

322 2886 377 2917 24.
402 2875 562 2920 γενέσθαι
578 2876 711 2919 μαλλον
730 2874 794 2907 hoc
812 2874 933 2908 Oldine
951 2875 994 2907 Λ.
1000 2874 1040 2908 C.
1134 2884 1189 2917 25.
1214 2875 1253 2909 ι”ν
1273 2876 1315 2909 Α.
1335 2880 1393 2909 οὑν
1411 2876 1490 2918 (Sic)
1510 2874 1583 2909 C.
1570 2890 1621 2909 ινα
1640 2875 1705 2909 Ed.
1779 2874 1902 2918 ἡμῖν-

320 2923 470 2964 υἶότητος
481 2921 546 2955 hoc
561 2921 682 2955 ordine
694 2920 812 2954 A.C.
799 2922 875 2963 ημῖν
893 2921 1043 2964 ε”μπρεπῃ
1057 2928 1135 2966 post
1148 2923 1299 2964 υἱότητος
1313 2923 1509 2966 transponit
1524 2921 1591 2956 Ed.
1657 2921 1748 2965 ἡμῶν
1760 2921 1840 2965 (Sic)
1856 2921 1901 2956 D.
