<?xml version="1.0" encoding="UTF-8"?>
<!DOCTYPE html PUBLIC "-//W3C//DTD XHTML 1.0 Transitional//EN"
    "http://www.w3.org/TR/xhtml1/DTD/xhtml1-transitional.dtd">
<html xmlns="http://www.w3.org/1999/xhtml" xml:lang="en" lang="en">
 <head>
  <title>
</title>
<meta http-equiv="Content-Type" content="text/html;charset=utf-8" />
  <meta name='ocr-system' content='tesseract 3.04.00' />
  <meta name='ocr-capabilities' content='ocr_page ocr_carea ocr_par ocr_line ocrx_word'/>
</head>
<body>
  <div class='ocr_page' id='page_1' title='image "./operacyrilli05cyriuoft/operacyrilli05cyriuoft_0255.png"; bbox 0 0 2012 3272; ppageno 0'>
   <div class='ocr_carea' id='block_1_1' title="bbox 95 116 1675 167">
    <p class='ocr_par' dir='ltr' id='par_1_1' title="bbox 95 116 1675 167">
     <span class='ocr_line' id='line_1_1' title="bbox 95 116 1675 167; baseline 0.003 -12"><span class='ocrx_word' id='word_1_1' title='bbox 95 116 150 156; x_wconf 83' lang='lat' dir='ltr'>xi.</span> <span class='ocrx_word' id='word_1_2' title='bbox 179 129 327 167; x_wconf 80' lang='lat'><strong>12—14.</strong></span> <span class='ocrx_word' id='word_1_3' title='bbox 430 117 499 157; x_wconf 93' lang='lat' dir='ltr'>IN</span> <span class='ocrx_word' id='word_1_4' title='bbox 534 117 878 157; x_wconf 81' lang='lat' dir='ltr'><strong>EPISTOLAM</strong></span> <span class='ocrx_word' id='word_1_5' title='bbox 915 117 996 157; x_wconf 92' lang='lat' dir='ltr'>AD</span> <span class='ocrx_word' id='word_1_6' title='bbox 1036 118 1344 159; x_wconf 81' lang='lat' dir='ltr'><strong>ROMANOS.</strong></span> <span class='ocrx_word' id='word_1_7' title='bbox 1597 121 1675 160; x_wconf 78' lang='lat'>241</span> 
     </span>
    </p>
   </div>
   <div class='ocr_carea' id='block_1_2' title="bbox 92 224 1681 457">
    <p class='ocr_par' dir='ltr' id='par_1_2' title="bbox 92 224 1681 457">
     <span class='ocr_line' id='line_1_2' title="bbox 93 224 1677 294; baseline 0.002 -19"><span class='ocrx_word' id='word_1_8' title='bbox 93 224 388 294; x_wconf 80' lang='grc' dir='ltr'>ἐπιστροφὰς</span> <span class='ocrx_word' id='word_1_9' title='bbox 426 227 500 276; x_wconf 80' lang='grc' dir='ltr'>καὶ</span> <span class='ocrx_word' id='word_1_10' title='bbox 537 225 781 292; x_wconf 81' lang='grc' dir='ltr'>ἀγάπησιν</span> <span class='ocrx_word' id='word_1_11' title='bbox 818 224 904 289; x_wconf 87' lang='grc' dir='ltr'>τὴν</span> <span class='ocrx_word' id='word_1_12' title='bbox 942 225 1015 294; x_wconf 86' lang='grc' dir='ltr'>ἐφ’</span> <span class='ocrx_word' id='word_1_13' title='bbox 1043 228 1235 280; x_wconf 82' lang='grc' dir='ltr'>ἑαυτοῖς·</span> <span class='ocrx_word' id='word_1_14' title='bbox 1283 226 1495 278; x_wconf 85' lang='grc' dir='ltr'>τοιοῦτόν</span> <span class='ocrx_word' id='word_1_15' title='bbox 1520 250 1565 277; x_wconf 92' lang='grc' dir='ltr'>τι</span> <span class='ocrx_word' id='word_1_16' title='bbox 1595 251 1677 278; x_wconf 89' lang='grc' dir='ltr'>πε-</span> 
     </span>
     <span class='ocr_line' id='line_1_3' title="bbox 92 304 1681 375; baseline 0.001 -18"><span class='ocrx_word' id='word_1_17' title='bbox 92 304 316 372; x_wconf 85' lang='grc' dir='ltr'>πράχθαι,</span> <span class='ocrx_word' id='word_1_18' title='bbox 361 306 572 372; x_wconf 77' lang='grc' dir='ltr'>καθάπερ</span> <span class='ocrx_word' id='word_1_19' title='bbox 616 307 708 372; x_wconf 83' lang='grc' dir='ltr'>ἐγὼ</span> <span class='ocrx_word' id='word_1_20' title='bbox 754 305 897 370; x_wconf 76' lang='grc' dir='ltr'>οἶμαι,</span> <span class='ocrx_word' id='word_1_21' title='bbox 941 308 1017 357; x_wconf 79' lang='grc' dir='ltr'>καὶ</span> <span class='ocrx_word' id='word_1_22' title='bbox 1056 308 1080 357; x_wconf 84' lang='grc' dir='ltr'>ὁ</span> <span class='ocrx_word' id='word_1_23' title='bbox 1122 308 1377 362; x_wconf 79' lang='grc' dir='ltr'>θεσπέσιος</span> <span class='ocrx_word' id='word_1_24' title='bbox 1416 308 1506 375; x_wconf 76' lang='grc' dir='ltr'>ἔφη</span> <span class='ocrx_word' id='word_1_25' title='bbox 1550 313 1681 359; x_wconf 88' lang='grc' dir='ltr'>Παῦ-</span> 
     </span>
     <span class='ocr_line' id='line_1_4' title="bbox 92 388 1681 457; baseline 0.002 -20"><span class='ocrx_word' id='word_1_26' title='bbox 92 393 191 450; x_wconf 87' lang='grc' dir='ltr'>λος,</span> <span class='ocrx_word' id='word_1_27' title='bbox 232 388 576 453; x_wconf 83' lang='grc' dir='ltr'>ἀπογινώσκειν</span> <span class='ocrx_word' id='word_1_28' title='bbox 615 389 698 439; x_wconf 79' lang='grc' dir='ltr'>οὐκ</span> <span class='ocrx_word' id='word_1_29' title='bbox 742 390 897 457; x_wconf 72' lang='grc' dir='ltr'>ἐφιεὶς,</span> <span class='ocrx_word' id='word_1_30' title='bbox 940 389 1090 440; x_wconf 87' lang='grc' dir='ltr'>καίτοι</span> <span class='ocrx_word' id='word_1_31' title='bbox 1130 389 1560 456; x_wconf 81' lang='grc' dir='ltr'>προσκεκρουκότα,</span> <span class='ocrx_word' id='word_1_32' title='bbox 1598 390 1681 440; x_wconf 83' lang='grc' dir='ltr'>τὸν</span> 
     </span>
    </p>
   </div>
   <div class='ocr_carea' id='block_1_3' title="bbox 90 468 307 535">
    <p class='ocr_par' dir='ltr' id='par_1_3' title="bbox 90 468 307 535">
     <span class='ocr_line' id='line_1_5' title="bbox 90 468 307 535; baseline -0.005 -16"><span class='ocrx_word' id='word_1_33' title='bbox 90 468 307 535; x_wconf 87' lang='grc' dir='ltr'>Ἰσραήλ.</span> 
     </span>
    </p>
   </div>
   <div class='ocr_carea' id='block_1_4' title="bbox 311 596 1459 654">
    <p class='ocr_par' dir='ltr' id='par_1_4' title="bbox 311 596 1459 654">
     <span class='ocr_line' id='line_1_6' title="bbox 311 596 1459 654; baseline 0 -16"><span class='ocrx_word' id='word_1_34' title='bbox 311 596 355 638; x_wconf 84' lang='grc' dir='ltr'>Εἰ</span> <span class='ocrx_word' id='word_1_35' title='bbox 395 597 440 639; x_wconf 71' lang='grc' dir='ltr'>δὲ</span> <span class='ocrx_word' id='word_1_36' title='bbox 477 598 526 639; x_wconf 79' lang='grc' dir='ltr'>τὸ</span> <span class='ocrx_word' id='word_1_37' title='bbox 564 597 842 654; x_wconf 77' lang='grc' dir='ltr'>Παράῐττωμο(</span> <span class='ocrx_word' id='word_1_38' title='bbox 881 598 1022 638; x_wconf 76' lang='grc' dir='ltr'>αὐτῶν</span> <span class='ocrx_word' id='word_1_39' title='bbox 1062 601 1248 639; x_wconf 67' lang='grc' dir='ltr'>Πλοῦτος</span> <span class='ocrx_word' id='word_1_40' title='bbox 1288 600 1459 647; x_wconf 80' lang='grc' dir='ltr'>κόσμου.</span> 
     </span>
    </p>
   </div>
   <div class='ocr_carea' id='block_1_5' title="bbox 49 616 70 654">
    <p class='ocr_par' dir='ltr' id='par_1_5' title="bbox 49 616 70 654">
     <span class='ocr_line' id='line_1_7' title="bbox 49 616 70 654; textangle 90"><span class='ocrx_word' id='word_1_41' title='bbox 49 616 70 654; x_wconf 71' lang='lat'>07.</span> 
     </span>
    </p>
   </div>
   <div class='ocr_carea' id='block_1_6' title="bbox 91 692 1679 958">
    <p class='ocr_par' dir='ltr' id='par_1_6' title="bbox 91 692 1679 928">
     <span class='ocr_line' id='line_1_8' title="bbox 167 692 1679 795; baseline 0 -50"><span class='ocrx_word' id='word_1_42' title='bbox 167 698 225 745; x_wconf 80' lang='grc' dir='ltr'>ΕΖ</span> <span class='ocrx_word' id='word_1_43' title='bbox 267 694 361 761; x_wconf 81' lang='grc' dir='ltr'>γὰρ</span> <span class='ocrx_word' id='word_1_44' title='bbox 403 694 715 759; x_wconf 82' lang='grc' dir='ltr'>πεπλούτηκε,</span> <span class='ocrx_word' id='word_1_45' title='bbox 761 696 927 763; x_wconf 76' lang='grc' dir='ltr'>φησὶν,</span> <span class='ocrx_word' id='word_1_46' title='bbox 973 695 998 744; x_wconf 85' lang='grc' dir='ltr'><strong>ὁ</strong></span> <span class='ocrx_word' id='word_1_47' title='bbox 1039 692 1220 758; x_wconf 83' lang='grc' dir='ltr'>κόσμος</span> <span class='ocrx_word' id='word_1_48' title='bbox 1263 694 1349 759; x_wconf 83' lang='grc' dir='ltr'>τὴν</span> <span class='ocrx_word' id='word_1_49' title='bbox 1392 694 1509 795; x_wconf 78' lang='grc' dir='ltr'>πρὸς</span> <span class='ocrx_word' id='word_1_50' title='bbox 1555 694 1679 746; x_wconf 78' lang='grc' dir='ltr'>Θεὸν</span> 
     </span>
     <span class='ocr_line' id='line_1_9' title="bbox 91 775 1678 843; baseline 0 -16"><span class='ocrx_word' id='word_1_51' title='bbox 91 776 349 841; x_wconf 79' lang='grc' dir='ltr'>οἰκειότητα</span> <span class='ocrx_word' id='word_1_52' title='bbox 389 776 465 828; x_wconf 85' lang='grc' dir='ltr'>διά</span> <span class='ocrx_word' id='word_1_53' title='bbox 502 799 555 843; x_wconf 90' lang='grc' dir='ltr'>γε</span> <span class='ocrx_word' id='word_1_54' title='bbox 588 776 642 828; x_wconf 82' lang='grc' dir='ltr'>τὸ</span> <span class='ocrx_word' id='word_1_55' title='bbox 676 781 1009 843; x_wconf 82' lang='grc' dir='ltr'>προσκροῦσαι</span> <span class='ocrx_word' id='word_1_56' title='bbox 1036 775 1118 827; x_wconf 76' lang='grc' dir='ltr'>τὸν</span> <span class='ocrx_word' id='word_1_57' title='bbox 1143 777 1347 843; x_wconf 88' lang='grc' dir='ltr'>Ἰσραὴλ</span> <span class='ocrx_word' id='word_1_58' title='bbox 1374 801 1464 840; x_wconf 92' lang='grc' dir='ltr'>και,</span> <span class='ocrx_word' id='word_1_59' title='bbox 1491 778 1678 843; x_wconf 84' lang='grc' dir='ltr'>ἐπείπερ</span> 
     </span>
     <span class='ocr_line' id='line_1_10' title="bbox 91 858 1679 928; baseline 0.001 -20"><span class='ocrx_word' id='word_1_60' title='bbox 91 861 210 910; x_wconf 78' lang='grc' dir='ltr'>εἰσὶν</span> <span class='ocrx_word' id='word_1_61' title='bbox 234 859 282 910; x_wconf 85' lang='grc' dir='ltr'>ἐν</span> <span class='ocrx_word' id='word_1_62' title='bbox 307 860 455 910; x_wconf 78' lang='grc' dir='ltr'>ἔνδεια</span> <span class='ocrx_word' id='word_1_63' title='bbox 491 858 662 928; x_wconf 81' lang='grc' dir='ltr'>φρενὸς</span> <span class='ocrx_word' id='word_1_64' title='bbox 697 860 892 923; x_wconf 82' lang='grc' dir='ltr'>ἀγαθῆς,</span> <span class='ocrx_word' id='word_1_65' title='bbox 919 860 1241 928; x_wconf 83' lang='grc' dir='ltr'>προσελήφθη</span> <span class='ocrx_word' id='word_1_66' title='bbox 1276 859 1335 910; x_wconf 78' lang='grc' dir='ltr'>τὰ</span> <span class='ocrx_word' id='word_1_67' title='bbox 1369 858 1491 924; x_wconf 76' lang='grc' dir='ltr'>ἔθνη,</span> <span class='ocrx_word' id='word_1_68' title='bbox 1518 860 1585 913; x_wconf 84' lang='grc' dir='ltr'>τίς</span> <span class='ocrx_word' id='word_1_69' title='bbox 1621 859 1679 910; x_wconf 77' lang='grc' dir='ltr'>ἂν</span> 
     </span>
    </p>

    <p class='ocr_par' dir='ltr' id='par_1_7' title="bbox 993 940 1012 958">
     <span class='ocr_line' id='line_1_11' title="bbox 993 940 1012 958; baseline -0.053 0"><span class='ocrx_word' id='word_1_70' title='bbox 993 940 1012 958; x_wconf 60' lang='grc' dir='ltr'>,κ</span> 
     </span>
    </p>
   </div>
   <div class='ocr_carea' id='block_1_7' title="bbox 24 940 1678 1089">
    <p class='ocr_par' dir='ltr' id='par_1_8' title="bbox 24 940 1678 1089">
     <span class='ocr_line' id='line_1_12' title="bbox 91 940 1678 1009; baseline 0.001 -19"><span class='ocrx_word' id='word_1_71' title='bbox 91 941 159 1005; x_wconf 78' lang='grc' dir='ltr'>εἴη</span> <span class='ocrx_word' id='word_1_72' title='bbox 198 940 366 992; x_wconf 84' lang='grc' dir='ltr'>λοιπὸν</span> <span class='ocrx_word' id='word_1_73' title='bbox 399 941 427 1005; x_wconf 85' lang='grc' dir='ltr'>ἡ</span> <span class='ocrx_word' id='word_1_74' title='bbox 457 940 742 1009; x_wconf 80' lang='grc' dir='ltr'>πρόσληψις</span> <span class='ocrx_word' id='word_1_75' title='bbox 781 942 948 1004; x_wconf 79' lang='grc' dir='ltr'>αὐτῶν,</span> <span class='ocrx_word' id='word_1_76' title='bbox 989 965 1017 1006; x_wconf 93' lang='grc' dir='ltr'>η</span> <span class='ocrx_word' id='word_1_77' title='bbox 1057 964 1308 1009; x_wconf 87' lang='grc' dir='ltr'>μονονουχι</span> <span class='ocrx_word' id='word_1_78' title='bbox 1351 965 1426 992; x_wconf 91' lang='grc' dir='ltr'>και</span> <span class='ocrx_word' id='word_1_79' title='bbox 1473 941 1678 992; x_wconf 92' lang='grc' dir='ltr'>θανατου</span> 
     </span>
     <span class='ocr_line' id='line_1_13' title="bbox 24 1022 782 1089; baseline 0 -17"><span class='ocrx_word' id='word_1_80' title='bbox 24 1037 71 1061; x_wconf 93' lang='lat'>10</span> <span class='ocrx_word' id='word_1_81' title='bbox 91 1022 231 1076; x_wconf 84' lang='grc' dir='ltr'>λύσις</span> <span class='ocrx_word' id='word_1_82' title='bbox 263 1025 340 1074; x_wconf 84' lang='grc' dir='ltr'>καὶ</span> <span class='ocrx_word' id='word_1_83' title='bbox 370 1022 461 1088; x_wconf 74' lang='grc' dir='ltr'>ζωὴ</span> <span class='ocrx_word' id='word_1_84' title='bbox 493 1025 542 1074; x_wconf 83' lang='grc' dir='ltr'>ἐκ</span> <span class='ocrx_word' id='word_1_85' title='bbox 575 1027 782 1089; x_wconf 83' lang='grc' dir='ltr'>νεκρῶν;</span> 
     </span>
    </p>
   </div>
   <div class='ocr_carea' id='block_1_8' title="bbox 416 1157 1354 1219">
    <p class='ocr_par' dir='ltr' id='par_1_9' title="bbox 416 1157 1354 1219">
     <span class='ocr_line' id='line_1_14' title="bbox 416 1157 1354 1219; baseline 0.003 -19"><span class='ocrx_word' id='word_1_86' title='bbox 416 1157 466 1201; x_wconf 75' lang='grc' dir='ltr'>Εἴ</span> <span class='ocrx_word' id='word_1_87' title='bbox 501 1176 594 1201; x_wconf 69' lang='lat' dir='ltr'>mne</span> <span class='ocrx_word' id='word_1_88' title='bbox 631 1160 933 1218; x_wconf 69' lang='grc' dir='ltr'>ΠαροιζΗλὼσω</span> <span class='ocrx_word' id='word_1_89' title='bbox 970 1176 1049 1210; x_wconf 79' lang='grc' dir='ltr'>μου</span> <span class='ocrx_word' id='word_1_90' title='bbox 1087 1163 1164 1203; x_wconf 55' lang='grc' dir='ltr'>τὴν</span> <span class='ocrx_word' id='word_1_91' title='bbox 1202 1163 1354 1219; x_wconf 79' lang='grc' dir='ltr'>σάρκα.</span> 
     </span>
    </p>
   </div>
   <div class='ocr_carea' id='block_1_9' title="bbox 22 1257 1678 2858">
    <p class='ocr_par' dir='ltr' id='par_1_10' title="bbox 90 1257 1678 1492">
     <span class='ocr_line' id='line_1_15' title="bbox 165 1257 1678 1328; baseline 0.003 -21"><span class='ocrx_word' id='word_1_92' title='bbox 165 1260 248 1310; x_wconf 80' lang='grc' dir='ltr'>Εἰς</span> <span class='ocrx_word' id='word_1_93' title='bbox 288 1258 560 1325; x_wconf 76' lang='grc' dir='ltr'>ὁμοψυχιάν</span> <span class='ocrx_word' id='word_1_94' title='bbox 599 1258 680 1308; x_wconf 76' lang='grc' dir='ltr'>οῦν</span> <span class='ocrx_word' id='word_1_95' title='bbox 719 1259 795 1308; x_wconf 76' lang='grc' dir='ltr'>καὶ</span> <span class='ocrx_word' id='word_1_96' title='bbox 832 1257 1017 1324; x_wconf 76' lang='grc' dir='ltr'>εἰρήνην</span> <span class='ocrx_word' id='word_1_97' title='bbox 1052 1258 1160 1312; x_wconf 71' lang='grc' dir='ltr'>τοὺς</span> <span class='ocrx_word' id='word_1_98' title='bbox 1199 1259 1256 1328; x_wconf 73' lang='grc' dir='ltr'>ἐξ</span> <span class='ocrx_word' id='word_1_99' title='bbox 1292 1261 1438 1310; x_wconf 80' lang='grc' dir='ltr'>ἐθνῶν</span> <span class='ocrx_word' id='word_1_100' title='bbox 1480 1258 1678 1313; x_wconf 73' lang='grc' dir='ltr'>πιστοὺς</span> 
     </span>
     <span class='ocr_line' id='line_1_16' title="bbox 91 1337 1678 1410; baseline 0.001 -20"><span class='ocrx_word' id='word_1_101' title='bbox 91 1341 167 1390; x_wconf 79' lang='grc' dir='ltr'>καὶ</span> <span class='ocrx_word' id='word_1_102' title='bbox 191 1337 430 1390; x_wconf 83' lang='grc' dir='ltr'>Ἰουδαίων</span> <span class='ocrx_word' id='word_1_103' title='bbox 463 1337 726 1407; x_wconf 80' lang='grc' dir='ltr'>ἐφέλκεται,</span> <span class='ocrx_word' id='word_1_104' title='bbox 761 1339 837 1390; x_wconf 78' lang='grc' dir='ltr'>ἵνα</span> <span class='ocrx_word' id='word_1_105' title='bbox 875 1338 940 1404; x_wconf 88' lang='grc' dir='ltr'>μὴ</span> <span class='ocrx_word' id='word_1_106' title='bbox 971 1341 1266 1405; x_wconf 78' lang='grc' dir='ltr'>ἐπαίρωνται,</span> <span class='ocrx_word' id='word_1_107' title='bbox 1302 1339 1434 1391; x_wconf 78' lang='grc' dir='ltr'>ἀλλὰ</span> <span class='ocrx_word' id='word_1_108' title='bbox 1467 1344 1533 1410; x_wconf 75' lang='grc' dir='ltr'>τῷ</span> <span class='ocrx_word' id='word_1_109' title='bbox 1568 1345 1678 1409; x_wconf 70' lang='grc' dir='ltr'>Θεῷ</span> 
     </span>
     <span class='ocr_line' id='line_1_17' title="bbox 90 1419 1676 1492; baseline 0.002 -22"><span class='ocrx_word' id='word_1_110' title='bbox 90 1419 149 1471; x_wconf 78' lang='grc' dir='ltr'>τὰ</span> <span class='ocrx_word' id='word_1_111' title='bbox 175 1420 458 1488; x_wconf 83' lang='grc' dir='ltr'>χαριστήρια</span> <span class='ocrx_word' id='word_1_112' title='bbox 497 1423 738 1472; x_wconf 81' lang='grc' dir='ltr'>ἀναθῶσιν</span> <span class='ocrx_word' id='word_1_113' title='bbox 780 1423 840 1475; x_wconf 84' lang='grc' dir='ltr'>ὡς</span> <span class='ocrx_word' id='word_1_114' title='bbox 885 1422 1219 1485; x_wconf 82' lang='grc' dir='ltr'>ἀμνησικάκως</span> <span class='ocrx_word' id='word_1_115' title='bbox 1253 1422 1555 1492; x_wconf 76' lang='grc' dir='ltr'>χαρισαμένῳ</span> <span class='ocrx_word' id='word_1_116' title='bbox 1591 1422 1676 1487; x_wconf 80' lang='grc' dir='ltr'>τὴν</span> 
     </span>
    </p>

    <p class='ocr_par' dir='ltr' id='par_1_11' title="bbox 25 1501 1678 1900">
     <span class='ocr_line' id='line_1_18' title="bbox 25 1501 1676 1572; baseline 0 -15"><span class='ocrx_word' id='word_1_117' title='bbox 25 1522 70 1557; x_wconf 91' lang='grc' dir='ltr'>Ι5</span> <span class='ocrx_word' id='word_1_118' title='bbox 92 1507 185 1554; x_wconf 81' lang='grc' dir='ltr'>τῶν</span> <span class='ocrx_word' id='word_1_119' title='bbox 223 1501 619 1569; x_wconf 74' lang='grc' dir='ltr'>παραπτωμάτων</span> <span class='ocrx_word' id='word_1_120' title='bbox 658 1503 850 1571; x_wconf 79' lang='grc' dir='ltr'>ἄφεσιν·</span> <span class='ocrx_word' id='word_1_121' title='bbox 903 1503 1113 1572; x_wconf 72' lang='grc' dir='ltr'>δοξάζειν</span> <span class='ocrx_word' id='word_1_122' title='bbox 1152 1505 1207 1555; x_wconf 76' lang='grc' dir='ltr'>δέ</span> <span class='ocrx_word' id='word_1_123' title='bbox 1242 1510 1365 1572; x_wconf 85' lang='grc' dir='ltr'>φησι</span> <span class='ocrx_word' id='word_1_124' title='bbox 1405 1503 1474 1565; x_wconf 62' lang='grc' dir='ltr'>τῖγν</span> <span class='ocrx_word' id='word_1_125' title='bbox 1511 1506 1676 1557; x_wconf 84' lang='grc' dir='ltr'>ἑαυτοῦ</span> 
     </span>
     <span class='ocr_line' id='line_1_19' title="bbox 90 1582 1676 1654; baseline 0.003 -20"><span class='ocrx_word' id='word_1_126' title='bbox 90 1582 324 1646; x_wconf 54' lang='grc' dir='ltr'>διακονίαν,</span> <span class='ocrx_word' id='word_1_127' title='bbox 379 1586 432 1635; x_wconf 79' lang='grc' dir='ltr'>οὐ</span> <span class='ocrx_word' id='word_1_128' title='bbox 484 1583 627 1653; x_wconf 75' lang='grc' dir='ltr'>δόξης</span> <span class='ocrx_word' id='word_1_129' title='bbox 689 1586 863 1638; x_wconf 77' lang='grc' dir='ltr'>εἰκαίας</span> <span class='ocrx_word' id='word_1_130' title='bbox 923 1586 1179 1649; x_wconf 77' lang='grc' dir='ltr'>ἐπιθυμῶν·</span> <span class='ocrx_word' id='word_1_131' title='bbox 1253 1588 1362 1636; x_wconf 86' lang='grc' dir='ltr'>ἀλλ’</span> <span class='ocrx_word' id='word_1_132' title='bbox 1418 1587 1494 1637; x_wconf 76' lang='grc' dir='ltr'>ἵνα</span> <span class='ocrx_word' id='word_1_133' title='bbox 1553 1590 1676 1654; x_wconf 76' lang='grc' dir='ltr'>φησὶ</span> 
     </span>
     <span class='ocr_line' id='line_1_20' title="bbox 88 1666 1678 1737; baseline 0.003 -21"><span class='ocrx_word' id='word_1_134' title='bbox 88 1666 403 1736; x_wconf 66' lang='grc' dir='ltr'>παραζηλώσω</span> <span class='ocrx_word' id='word_1_135' title='bbox 437 1691 522 1735; x_wconf 80' lang='grc' dir='ltr'>μου</span> <span class='ocrx_word' id='word_1_136' title='bbox 556 1666 624 1726; x_wconf 67' lang='grc' dir='ltr'>τὴν</span> <span class='ocrx_word' id='word_1_137' title='bbox 659 1666 825 1737; x_wconf 64' lang='lat' dir='ltr'>croanoo&#39;</span> <span class='ocrx_word' id='word_1_138' title='bbox 873 1667 1033 1733; x_wconf 80' lang='grc' dir='ltr'>σοῖρκα</span> <span class='ocrx_word' id='word_1_139' title='bbox 1068 1667 1117 1718; x_wconf 76' lang='grc' dir='ltr'>δὲ</span> <span class='ocrx_word' id='word_1_140' title='bbox 1154 1666 1302 1719; x_wconf 75' lang='grc' dir='ltr'>πάλιν</span> <span class='ocrx_word' id='word_1_141' title='bbox 1339 1670 1458 1719; x_wconf 79' lang='grc' dir='ltr'>ἰδίαν</span> <span class='ocrx_word' id='word_1_142' title='bbox 1492 1671 1540 1719; x_wconf 86' lang='grc' dir='ltr'>ἐν</span> <span class='ocrx_word' id='word_1_143' title='bbox 1571 1670 1678 1720; x_wconf 81' lang='grc' dir='ltr'>τού-</span> 
     </span>
     <span class='ocr_line' id='line_1_21' title="bbox 87 1746 1674 1817; baseline 0.003 -19"><span class='ocrx_word' id='word_1_144' title='bbox 87 1770 182 1801; x_wconf 84' lang='grc' dir='ltr'>τοις</span> <span class='ocrx_word' id='word_1_145' title='bbox 232 1746 442 1815; x_wconf 72' lang='grc' dir='ltr'>ὀνομάζει</span> <span class='ocrx_word' id='word_1_146' title='bbox 490 1746 574 1799; x_wconf 77' lang='grc' dir='ltr'>τὸν</span> <span class='ocrx_word' id='word_1_147' title='bbox 616 1747 841 1815; x_wconf 83' lang='grc' dir='ltr'>Ἰσραὴλ,</span> <span class='ocrx_word' id='word_1_148' title='bbox 893 1750 997 1813; x_wconf 75' lang='grc' dir='ltr'>ἤτοι</span> <span class='ocrx_word' id='word_1_149' title='bbox 1047 1747 1102 1800; x_wconf 78' lang='grc' dir='ltr'>τὸ</span> <span class='ocrx_word' id='word_1_150' title='bbox 1148 1749 1267 1801; x_wconf 77' lang='grc' dir='ltr'>κατὰ</span> <span class='ocrx_word' id='word_1_151' title='bbox 1318 1750 1477 1816; x_wconf 80' lang='grc' dir='ltr'>σάρκα</span> <span class='ocrx_word' id='word_1_152' title='bbox 1527 1751 1674 1817; x_wconf 80' lang='grc' dir='ltr'>γένος.</span> 
     </span>
     <span class='ocr_line' id='line_1_22' title="bbox 88 1828 1676 1900; baseline 0.003 -20"><span class='ocrx_word' id='word_1_153' title='bbox 88 1828 248 1893; x_wconf 77' lang='grc' dir='ltr'>ὅμοιον</span> <span class='ocrx_word' id='word_1_154' title='bbox 285 1830 366 1880; x_wconf 78' lang='grc' dir='ltr'>οὖν</span> <span class='ocrx_word' id='word_1_155' title='bbox 401 1831 514 1880; x_wconf 79' lang='grc' dir='ltr'>ὡσεὶ</span> <span class='ocrx_word' id='word_1_156' title='bbox 549 1830 681 1896; x_wconf 79' lang='grc' dir='ltr'>λέγοι</span> <span class='ocrx_word' id='word_1_157' title='bbox 710 1830 855 1898; x_wconf 85' lang='grc' dir='ltr'>τυχόν</span> <span class='ocrx_word' id='word_1_158' title='bbox 883 1831 1072 1882; x_wconf 79' lang='grc' dir='ltr'>Εὐκλεᾶ</span> <span class='ocrx_word' id='word_1_159' title='bbox 1109 1854 1158 1882; x_wconf 90' lang='grc' dir='ltr'>τε</span> <span class='ocrx_word' id='word_1_160' title='bbox 1198 1833 1273 1882; x_wconf 79' lang='grc' dir='ltr'>καὶ</span> <span class='ocrx_word' id='word_1_161' title='bbox 1312 1831 1571 1900; x_wconf 74' lang='grc' dir='ltr'>ἀξιόχρεων</span> <span class='ocrx_word' id='word_1_162' title='bbox 1601 1836 1676 1884; x_wconf 77' lang='grc' dir='ltr'>καὶ</span> 
     </span>
    </p>

    <p class='ocr_par' dir='ltr' id='par_1_12' title="bbox 22 1911 1677 2310">
     <span class='ocr_line' id='line_1_23' title="bbox 22 1911 1675 1981; baseline 0.002 -20"><span class='ocrx_word' id='word_1_163' title='bbox 22 1942 70 1967; x_wconf 91' lang='lat'>20</span> <span class='ocrx_word' id='word_1_164' title='bbox 89 1911 375 1978; x_wconf 83' lang='grc' dir='ltr'>φιλαιτάτην</span> <span class='ocrx_word' id='word_1_165' title='bbox 410 1915 518 1981; x_wconf 71' lang='grc' dir='ltr'>Θεῷ</span> <span class='ocrx_word' id='word_1_166' title='bbox 554 1911 640 1975; x_wconf 77' lang='grc' dir='ltr'>τὴν</span> <span class='ocrx_word' id='word_1_167' title='bbox 674 1911 956 1976; x_wconf 86' lang='grc' dir='ltr'>ἀποστολὴν</span> <span class='ocrx_word' id='word_1_168' title='bbox 990 1911 1076 1976; x_wconf 83' lang='grc' dir='ltr'>τὴν</span> <span class='ocrx_word' id='word_1_169' title='bbox 1114 1912 1230 1977; x_wconf 89' lang='grc' dir='ltr'>ε’μὴν</span> <span class='ocrx_word' id='word_1_170' title='bbox 1270 1911 1384 1964; x_wconf 77' lang='grc' dir='ltr'>εἶναι</span> <span class='ocrx_word' id='word_1_171' title='bbox 1420 1914 1561 1979; x_wconf 76' lang='grc' dir='ltr'>λέγω,</span> <span class='ocrx_word' id='word_1_172' title='bbox 1601 1918 1675 1966; x_wconf 74' lang='grc' dir='ltr'>καὶ</span> 
     </span>
     <span class='ocr_line' id='line_1_24' title="bbox 87 1992 1677 2063; baseline 0.003 -20"><span class='ocrx_word' id='word_1_173' title='bbox 87 1997 183 2048; x_wconf 80' lang='grc' dir='ltr'>τοῖς</span> <span class='ocrx_word' id='word_1_174' title='bbox 220 1993 310 2044; x_wconf 79' lang='grc' dir='ltr'>ἀνὰ</span> <span class='ocrx_word' id='word_1_175' title='bbox 347 1997 512 2044; x_wconf 78' lang='grc' dir='ltr'>πᾶσαν</span> <span class='ocrx_word' id='word_1_176' title='bbox 541 1992 628 2057; x_wconf 89' lang='grc' dir='ltr'>τὴν</span> <span class='ocrx_word' id='word_1_177' title='bbox 654 1992 861 2061; x_wconf 86' lang='grc' dir='ltr'>ὑφήλιον</span> <span class='ocrx_word' id='word_1_178' title='bbox 891 1993 1286 2060; x_wconf 87' lang='grc' dir='ltr'>χρειωδεστάτην·</span> <span class='ocrx_word' id='word_1_179' title='bbox 1342 1997 1429 2063; x_wconf 83' lang='grc' dir='ltr'>οὐχ</span> <span class='ocrx_word' id='word_1_180' title='bbox 1464 1997 1539 2047; x_wconf 84' lang='grc' dir='ltr'>ἵνα</span> <span class='ocrx_word' id='word_1_181' title='bbox 1577 2003 1677 2050; x_wconf 78' lang='grc' dir='ltr'>ταῖς</span> 
     </span>
     <span class='ocr_line' id='line_1_25' title="bbox 89 2074 1676 2146; baseline 0.003 -20"><span class='ocrx_word' id='word_1_182' title='bbox 89 2075 311 2130; x_wconf 79' lang='grc' dir='ltr'>διακένοις</span> <span class='ocrx_word' id='word_1_183' title='bbox 337 2080 489 2139; x_wconf 83' lang='grc' dir='ltr'>τιμαῖς</span> <span class='ocrx_word' id='word_1_184' title='bbox 516 2076 592 2126; x_wconf 80' lang='grc' dir='ltr'>καὶ</span> <span class='ocrx_word' id='word_1_185' title='bbox 618 2075 831 2128; x_wconf 85' lang='grc' dir='ltr'>ἐκτόποις</span> <span class='ocrx_word' id='word_1_186' title='bbox 859 2077 1196 2143; x_wconf 86' lang='grc' dir='ltr'>φιλοκομπιάις</span> <span class='ocrx_word' id='word_1_187' title='bbox 1221 2074 1308 2140; x_wconf 86' lang='grc' dir='ltr'>τὴν</span> <span class='ocrx_word' id='word_1_188' title='bbox 1334 2078 1534 2140; x_wconf 82' lang='grc' dir='ltr'>ἐμαυτοῦ</span> <span class='ocrx_word' id='word_1_189' title='bbox 1566 2081 1676 2146; x_wconf 80' lang='grc' dir='ltr'>φαί-</span> 
     </span>
     <span class='ocr_line' id='line_1_26' title="bbox 89 2155 1676 2225; baseline 0.003 -19"><span class='ocrx_word' id='word_1_190' title='bbox 89 2179 210 2220; x_wconf 91' lang='grc' dir='ltr'>νοιμι</span> <span class='ocrx_word' id='word_1_191' title='bbox 255 2161 510 2225; x_wconf 81' lang='grc' dir='ltr'>στεφανῶν</span> <span class='ocrx_word' id='word_1_192' title='bbox 553 2155 782 2225; x_wconf 81' lang='grc' dir='ltr'>κεφαλὴν,</span> <span class='ocrx_word' id='word_1_193' title='bbox 822 2157 932 2207; x_wconf 87' lang='grc' dir='ltr'>ἀλλ’</span> <span class='ocrx_word' id='word_1_194' title='bbox 971 2157 1046 2207; x_wconf 85' lang='grc' dir='ltr'>ἵνα</span> <span class='ocrx_word' id='word_1_195' title='bbox 1089 2157 1143 2208; x_wconf 82' lang='grc' dir='ltr'>τὸ</span> <span class='ocrx_word' id='word_1_196' title='bbox 1182 2158 1301 2208; x_wconf 81' lang='grc' dir='ltr'>κατὰ</span> <span class='ocrx_word' id='word_1_197' title='bbox 1339 2158 1498 2223; x_wconf 81' lang='grc' dir='ltr'>σάρκα</span> <span class='ocrx_word' id='word_1_198' title='bbox 1543 2161 1676 2224; x_wconf 73' lang='grc' dir='ltr'>γένος</span> 
     </span>
     <span class='ocr_line' id='line_1_27' title="bbox 89 2237 1675 2310; baseline 0.001 -21"><span class='ocrx_word' id='word_1_199' title='bbox 89 2237 394 2302; x_wconf 80' lang='grc' dir='ltr'>ἀνασώσαιμι</span> <span class='ocrx_word' id='word_1_200' title='bbox 427 2238 481 2288; x_wconf 84' lang='grc' dir='ltr'>τὸ</span> <span class='ocrx_word' id='word_1_201' title='bbox 508 2237 635 2302; x_wconf 88' lang='grc' dir='ltr'>ἐμόν·</span> <span class='ocrx_word' id='word_1_202' title='bbox 690 2239 941 2304; x_wconf 76' lang='grc' dir='ltr'>μονονουχὶ</span> <span class='ocrx_word' id='word_1_203' title='bbox 973 2238 1229 2304; x_wconf 83' lang='grc' dir='ltr'>διανύττων</span> <span class='ocrx_word' id='word_1_204' title='bbox 1268 2239 1346 2290; x_wconf 80' lang='grc' dir='ltr'>0ἶά</span> <span class='ocrx_word' id='word_1_205' title='bbox 1377 2263 1465 2290; x_wconf 85' lang='grc' dir='ltr'>τινι</span> <span class='ocrx_word' id='word_1_206' title='bbox 1501 2240 1675 2310; x_wconf 73' lang='grc' dir='ltr'>κέντρῳ</span> 
     </span>
    </p>

    <p class='ocr_par' dir='ltr' id='par_1_13' title="bbox 23 2318 1675 2469">
     <span class='ocr_line' id='line_1_28' title="bbox 23 2318 1675 2390; baseline 0.002 -20"><span class='ocrx_word' id='word_1_207' title='bbox 23 2342 70 2381; x_wconf 89' lang='lat'>25</span> <span class='ocrx_word' id='word_1_208' title='bbox 89 2324 155 2388; x_wconf 73' lang='grc' dir='ltr'>τῷ</span> <span class='ocrx_word' id='word_1_209' title='bbox 183 2319 324 2390; x_wconf 73' lang='grc' dir='ltr'>ζήλῳ,</span> <span class='ocrx_word' id='word_1_210' title='bbox 351 2322 426 2371; x_wconf 78' lang='grc' dir='ltr'>καὶ</span> <span class='ocrx_word' id='word_1_211' title='bbox 462 2318 703 2373; x_wconf 78' lang='grc' dir='ltr'>διανιστάς</span> <span class='ocrx_word' id='word_1_212' title='bbox 736 2323 798 2373; x_wconf 82' lang='grc' dir='ltr'>εἷς</span> <span class='ocrx_word' id='word_1_213' title='bbox 833 2319 886 2370; x_wconf 84' lang='grc' dir='ltr'>τὸ</span> <span class='ocrx_word' id='word_1_214' title='bbox 913 2319 1106 2371; x_wconf 73' lang='grc' dir='ltr'>ἑλέσθαι</span> <span class='ocrx_word' id='word_1_215' title='bbox 1142 2323 1237 2372; x_wconf 83' lang='grc' dir='ltr'>δεῖν</span> <span class='ocrx_word' id='word_1_216' title='bbox 1265 2325 1324 2387; x_wconf 80' lang='grc' dir='ltr'>τῇ</span> <span class='ocrx_word' id='word_1_217' title='bbox 1358 2321 1432 2372; x_wconf 78' lang='grc' dir='ltr'>διὰ</span> <span class='ocrx_word' id='word_1_218' title='bbox 1458 2325 1675 2388; x_wconf 84' lang='grc' dir='ltr'>Χριστοῦ</span> 
     </span>
     <span class='ocr_line' id='line_1_29' title="bbox 89 2401 582 2469; baseline 0 -18"><span class='ocrx_word' id='word_1_219' title='bbox 89 2401 244 2469; x_wconf 84' lang='grc' dir='ltr'>χάριτι</span> <span class='ocrx_word' id='word_1_220' title='bbox 270 2404 582 2452; x_wconf 87' lang='grc' dir='ltr'>δικαιοῦσθαι.</span> 
     </span>
    </p>

    <p class='ocr_par' dir='ltr' id='par_1_14' title="bbox 90 2534 1671 2858">
     <span class='ocr_line' id='line_1_30' title="bbox 138 2534 1671 2582; baseline 0.003 -14"><span class='ocrx_word' id='word_1_221' title='bbox 138 2544 168 2568; x_wconf 92' lang='lat'>1.</span> <span class='ocrx_word' id='word_1_222' title='bbox 194 2534 419 2578; x_wconf 81' lang='grc' dir='ltr'>ὑποστροφὰς</span> <span class='ocrx_word' id='word_1_223' title='bbox 437 2534 480 2568; x_wconf 93' lang='lat' dir='ltr'>A.</span> <span class='ocrx_word' id='word_1_224' title='bbox 656 2534 689 2567; x_wconf 88' lang='grc'>6</span> <span class='ocrx_word' id='word_1_225' title='bbox 717 2534 850 2568; x_wconf 76' lang='grc' dir='ltr'>ῙΠο.Εἶ</span> <span class='ocrx_word' id='word_1_226' title='bbox 867 2535 910 2568; x_wconf 91' lang='lat' dir='ltr'>A.</span> <span class='ocrx_word' id='word_1_227' title='bbox 982 2535 1093 2579; x_wconf 78' lang='grc' dir='ltr'>φησὶν</span> <span class='ocrx_word' id='word_1_228' title='bbox 1111 2546 1179 2569; x_wconf 86' lang='lat' dir='ltr'>om.</span> <span class='ocrx_word' id='word_1_229' title='bbox 1198 2536 1243 2570; x_wconf 93' lang='lat' dir='ltr'>A.</span> <span class='ocrx_word' id='word_1_230' title='bbox 1425 2546 1456 2582; x_wconf 91' lang='lat'>7.</span> <span class='ocrx_word' id='word_1_231' title='bbox 1483 2552 1522 2582; x_wconf 93' lang='grc' dir='ltr'>γε</span> <span class='ocrx_word' id='word_1_232' title='bbox 1540 2550 1610 2572; x_wconf 88' lang='lat' dir='ltr'>om.</span> <span class='ocrx_word' id='word_1_233' title='bbox 1628 2539 1671 2573; x_wconf 96' lang='lat' dir='ltr'>A.</span> 
     </span>
     <span class='ocr_line' id='line_1_31' title="bbox 90 2579 1671 2631; baseline 0.003 -18"><span class='ocrx_word' id='word_1_234' title='bbox 90 2579 418 2631; x_wconf 80' lang='grc' dir='ltr'>ἐπείπερ-ἀγαθῆς]</span> <span class='ocrx_word' id='word_1_235' title='bbox 439 2581 494 2614; x_wconf 86' lang='grc' dir='ltr'>διὰ</span> <span class='ocrx_word' id='word_1_236' title='bbox 510 2580 569 2624; x_wconf 92' lang='grc' dir='ltr'>τὴν</span> <span class='ocrx_word' id='word_1_237' title='bbox 586 2580 741 2614; x_wconf 82' lang='grc' dir='ltr'>ἷουδαιων</span> <span class='ocrx_word' id='word_1_238' title='bbox 759 2581 911 2624; x_wconf 80' lang='grc' dir='ltr'>εὐήθειαν</span> <span class='ocrx_word' id='word_1_239' title='bbox 928 2583 972 2615; x_wconf 91' lang='lat' dir='ltr'><strong>A.</strong></span> <span class='ocrx_word' id='word_1_240' title='bbox 1219 2594 1252 2627; x_wconf 92' lang='lat'><strong>9.</strong></span> <span class='ocrx_word' id='word_1_241' title='bbox 1278 2583 1400 2617; x_wconf 84' lang='grc' dir='ltr'>λοιπὸν</span> <span class='ocrx_word' id='word_1_242' title='bbox 1416 2588 1451 2618; x_wconf 74' lang='lat' dir='ltr'>et</span> <span class='ocrx_word' id='word_1_243' title='bbox 1468 2585 1521 2617; x_wconf 83' lang='grc' dir='ltr'>καὶ</span> <span class='ocrx_word' id='word_1_244' title='bbox 1538 2596 1608 2618; x_wconf 88' lang='lat' dir='ltr'>om.</span> <span class='ocrx_word' id='word_1_245' title='bbox 1628 2586 1671 2619; x_wconf 88' lang='lat' dir='ltr'><strong>A</strong></span> 
     </span>
     <span class='ocr_line' id='line_1_32' title="bbox 93 2625 1671 2674; baseline 0.003 -14"><span class='ocrx_word' id='word_1_246' title='bbox 93 2636 146 2660; x_wconf 89' lang='lat'>10.</span> <span class='ocrx_word' id='word_1_247' title='bbox 171 2625 242 2672; x_wconf 85' lang='grc' dir='ltr'>και]</span> <span class='ocrx_word' id='word_1_248' title='bbox 266 2630 302 2667; x_wconf 65' lang='grc'>-1-</span> <span class='ocrx_word' id='word_1_249' title='bbox 324 2630 396 2660; x_wconf 85' lang='grc' dir='ltr'>οἱον</span> <span class='ocrx_word' id='word_1_250' title='bbox 412 2627 456 2661; x_wconf 94' lang='lat' dir='ltr'>A.</span> <span class='ocrx_word' id='word_1_251' title='bbox 527 2626 666 2671; x_wconf 84' lang='grc' dir='ltr'>νεκρῶν]</span> <span class='ocrx_word' id='word_1_252' title='bbox 690 2631 726 2667; x_wconf 63' lang='grc'>-1-</span> <span class='ocrx_word' id='word_1_253' title='bbox 749 2628 803 2661; x_wconf 80' lang='grc' dir='ltr'>καὶ</span> <span class='ocrx_word' id='word_1_254' title='bbox 828 2627 879 2661; x_wconf 87' lang='grc' dir='ltr'>ὅτι</span> <span class='ocrx_word' id='word_1_255' title='bbox 909 2627 1099 2671; x_wconf 84' lang='grc' dir='ltr'>μέλλουσιν</span> <span class='ocrx_word' id='word_1_256' title='bbox 1124 2628 1347 2674; x_wconf 79' lang='grc' dir='ltr'>ἐπιστρεφειν</span> <span class='ocrx_word' id='word_1_257' title='bbox 1371 2630 1407 2663; x_wconf 88' lang='grc' dir='ltr'>ἐκ</span> <span class='ocrx_word' id='word_1_258' title='bbox 1431 2632 1608 2665; x_wconf 72' lang='grc' dir='ltr'>πολλῶν’</span> <span class='ocrx_word' id='word_1_259' title='bbox 1597 2632 1671 2665; x_wconf 82' lang='grc' dir='ltr'>ε’στι</span> 
     </span>
     <span class='ocr_line' id='line_1_33' title="bbox 90 2672 1670 2721; baseline 0.003 -15"><span class='ocrx_word' id='word_1_260' title='bbox 90 2672 187 2707; x_wconf 85' lang='grc' dir='ltr'>θείων</span> <span class='ocrx_word' id='word_1_261' title='bbox 203 2673 404 2717; x_wconf 83' lang='grc' dir='ltr'>καταμαθεῖν</span> <span class='ocrx_word' id='word_1_262' title='bbox 419 2673 546 2719; x_wconf 84' lang='grc' dir='ltr'>λογίων</span> <span class='ocrx_word' id='word_1_263' title='bbox 562 2674 607 2708; x_wconf 87' lang='grc' dir='ltr'>Α.</span> <span class='ocrx_word' id='word_1_264' title='bbox 790 2684 913 2720; x_wconf 89' lang='lat'><strong>12—17.</strong></span> <span class='ocrx_word' id='word_1_265' title='bbox 943 2675 1040 2708; x_wconf 80' lang='lat' dir='ltr'>Haec</span> <span class='ocrx_word' id='word_1_266' title='bbox 1058 2675 1224 2719; x_wconf 73' lang='grc' dir='ltr'>Εἷς-τὴν</span> <span class='ocrx_word' id='word_1_267' title='bbox 1241 2677 1351 2720; x_wconf 84' lang='grc' dir='ltr'>σάρκα</span> <span class='ocrx_word' id='word_1_268' title='bbox 1368 2682 1549 2721; x_wconf 81' lang='lat' dir='ltr'>assumpta</span> <span class='ocrx_word' id='word_1_269' title='bbox 1566 2689 1607 2710; x_wconf 88' lang='lat' dir='ltr'>ex</span> <span class='ocrx_word' id='word_1_270' title='bbox 1627 2679 1670 2711; x_wconf 89' lang='lat' dir='ltr'>A.</span> 
     </span>
     <span class='ocr_line' id='line_1_34' title="bbox 91 2719 1670 2767; baseline 0.003 -15"><span class='ocrx_word' id='word_1_271' title='bbox 91 2719 150 2763; x_wconf 85' lang='lat' dir='ltr'>qui</span> <span class='ocrx_word' id='word_1_272' title='bbox 167 2719 280 2763; x_wconf 79' lang='lat' dir='ltr'>pergit</span> <span class='ocrx_word' id='word_1_273' title='bbox 297 2720 406 2763; x_wconf 88' lang='grc' dir='ltr'>σάρκα</span> <span class='ocrx_word' id='word_1_274' title='bbox 424 2720 459 2754; x_wconf 78' lang='grc' dir='ltr'>δὲ</span> <span class='ocrx_word' id='word_1_275' title='bbox 478 2721 632 2764; x_wconf 82' lang='grc' dir='ltr'>ὀνομάζει</span> <span class='ocrx_word' id='word_1_276' title='bbox 649 2721 719 2754; x_wconf 84' lang='grc' dir='ltr'>τόν.</span> <span class='ocrx_word' id='word_1_277' title='bbox 906 2732 960 2765; x_wconf 88' lang='lat'>19.</span> <span class='ocrx_word' id='word_1_278' title='bbox 985 2723 1090 2766; x_wconf 84' lang='grc' dir='ltr'>τυχὸν</span> <span class='ocrx_word' id='word_1_279' title='bbox 1107 2727 1140 2755; x_wconf 84' lang='lat' dir='ltr'>et</span> <span class='ocrx_word' id='word_1_280' title='bbox 1157 2736 1194 2756; x_wconf 89' lang='grc' dir='ltr'>τε</span> <span class='ocrx_word' id='word_1_281' title='bbox 1211 2727 1244 2755; x_wconf 87' lang='lat' dir='ltr'>et</span> <span class='ocrx_word' id='word_1_282' title='bbox 1261 2722 1449 2767; x_wconf 80' lang='grc' dir='ltr'>ἀξιόχρεων</span> <span class='ocrx_word' id='word_1_283' title='bbox 1467 2724 1519 2756; x_wconf 84' lang='grc' dir='ltr'>καὶ</span> <span class='ocrx_word' id='word_1_284' title='bbox 1538 2735 1607 2757; x_wconf 90' lang='lat' dir='ltr'>om.</span> <span class='ocrx_word' id='word_1_285' title='bbox 1627 2725 1670 2757; x_wconf 92' lang='lat' dir='ltr'>A.</span> 
     </span>
     <span class='ocr_line' id='line_1_35' title="bbox 92 2765 1671 2813; baseline 0.003 -15"><span class='ocrx_word' id='word_1_286' title='bbox 92 2775 146 2798; x_wconf 88' lang='lat'>21.</span> <span class='ocrx_word' id='word_1_287' title='bbox 170 2767 276 2800; x_wconf 77' lang='grc' dir='ltr'>πᾶσιν</span> <span class='ocrx_word' id='word_1_288' title='bbox 291 2766 479 2810; x_wconf 80' lang='grc' dir='ltr'>ἀνθρώποις</span> <span class='ocrx_word' id='word_1_289' title='bbox 497 2778 560 2811; x_wconf 88' lang='lat' dir='ltr'>pro</span> <span class='ocrx_word' id='word_1_290' title='bbox 577 2765 843 2811; x_wconf 80' lang='grc' dir='ltr'>τοῖς-ὑφήλιον</span> <span class='ocrx_word' id='word_1_291' title='bbox 859 2767 904 2801; x_wconf 92' lang='grc' dir='ltr'>Α.</span> <span class='ocrx_word' id='word_1_292' title='bbox 1122 2779 1178 2813; x_wconf 81' lang='lat'>23.</span> <span class='ocrx_word' id='word_1_293' title='bbox 1204 2768 1388 2813; x_wconf 76' lang='grc' dir='ltr'>τὸ-εμόν]</span> <span class='ocrx_word' id='word_1_294' title='bbox 1410 2771 1515 2803; x_wconf 86' lang='grc' dir='ltr'>σώσω</span> <span class='ocrx_word' id='word_1_295' title='bbox 1526 2768 1569 2803; x_wconf 85' lang='grc' dir='ltr'>τὸ</span> <span class='ocrx_word' id='word_1_296' title='bbox 1589 2784 1671 2803; x_wconf 85' lang='grc' dir='ltr'>κατι</span> 
     </span>
     <span class='ocr_line' id='line_1_36' title="bbox 93 2811 1669 2858; baseline 0.003 -13"><span class='ocrx_word' id='word_1_297' title='bbox 93 2811 202 2854; x_wconf 81' lang='grc' dir='ltr'>σάρκα</span> <span class='ocrx_word' id='word_1_298' title='bbox 217 2827 281 2855; x_wconf 88' lang='grc' dir='ltr'>μου</span> <span class='ocrx_word' id='word_1_299' title='bbox 297 2812 395 2856; x_wconf 81' lang='grc' dir='ltr'>γένος</span> <span class='ocrx_word' id='word_1_300' title='bbox 411 2813 456 2846; x_wconf 90' lang='lat' dir='ltr'>A</span> <span class='ocrx_word' id='word_1_301' title='bbox 569 2824 624 2855; x_wconf 88' lang='lat'>24.</span> <span class='ocrx_word' id='word_1_302' title='bbox 648 2814 830 2858; x_wconf 82' lang='grc' dir='ltr'>μονονουχὶ</span> <span class='ocrx_word' id='word_1_303' title='bbox 847 2819 881 2847; x_wconf 80' lang='lat' dir='ltr'>et</span> <span class='ocrx_word' id='word_1_304' title='bbox 898 2827 949 2847; x_wconf 88' lang='grc' dir='ltr'>και</span> <span class='ocrx_word' id='word_1_305' title='bbox 968 2813 1141 2850; x_wconf 84' lang='grc' dir='ltr'>διανιστὰς</span> <span class='ocrx_word' id='word_1_306' title='bbox 1158 2820 1191 2848; x_wconf 77' lang='lat' dir='ltr'>et</span> <span class='ocrx_word' id='word_1_307' title='bbox 1209 2815 1278 2848; x_wconf 78' lang='grc' dir='ltr'>δεῖν</span> <span class='ocrx_word' id='word_1_308' title='bbox 1295 2827 1364 2849; x_wconf 87' lang='lat' dir='ltr'>om.</span> <span class='ocrx_word' id='word_1_309' title='bbox 1385 2818 1427 2848; x_wconf 91' lang='lat' dir='ltr'>A.</span> <span class='ocrx_word' id='word_1_310' title='bbox 1550 2825 1603 2856; x_wconf 86' lang='grc'>25.</span> <span class='ocrx_word' id='word_1_311' title='bbox 1629 2831 1669 2858; x_wconf 81' lang='grc' dir='ltr'>τη</span> 
     </span>
    </p>
   </div>
   <div class='ocr_carea' id='block_1_10' title="bbox 91 2841 1671 2950">
    <p class='ocr_par' dir='ltr' id='par_1_15' title="bbox 91 2841 1671 2950">
     <span class='ocr_line' id='line_1_37' title="bbox 91 2841 1671 2911; baseline 0.002 -20"><span class='ocrx_word' id='word_1_312' title='bbox 91 2857 365 2911; x_wconf 71' lang='grc' dir='ltr'>-δικαιοῦσθαι]</span> <span class='ocrx_word' id='word_1_313' title='bbox 385 2859 445 2901; x_wconf 89' lang='grc' dir='ltr'>τὴν</span> <span class='ocrx_word' id='word_1_314' title='bbox 462 2859 516 2892; x_wconf 86' lang='grc' dir='ltr'>διὰ</span> <span class='ocrx_word' id='word_1_315' title='bbox 532 2862 678 2904; x_wconf 87' lang='grc' dir='ltr'>χριστοῦ</span> <span class='ocrx_word' id='word_1_316' title='bbox 696 2860 891 2894; x_wconf 79' lang='grc' dir='ltr'>δικαιουσαν</span> <span class='ocrx_word' id='word_1_317' title='bbox 917 2861 1028 2905; x_wconf 81' lang='grc' dir='ltr'>χάριν,</span> <span class='ocrx_word' id='word_1_318' title='bbox 1047 2875 1104 2895; x_wconf 82' lang='grc' dir='ltr'>ους</span> <span class='ocrx_word' id='word_1_319' title='bbox 1129 2863 1304 2906; x_wconf 78' lang='grc' dir='ltr'>συγγενεῖς</span> <span class='ocrx_word' id='word_1_320' title='bbox 1327 2876 1378 2895; x_wconf 85' lang='grc' dir='ltr'>και</span> <span class='ocrx_word' id='word_1_321' title='bbox 1398 2841 1589 2906; x_wconf 42' lang='grc' dir='ltr'>ιῖδελφοιιςι)</span> <span class='ocrx_word' id='word_1_322' title='bbox 1587 2862 1617 2894; x_wconf 68' lang='lat' dir='ltr'>tl!</span> <span class='ocrx_word' id='word_1_323' title='bbox 1618 2876 1671 2894; x_wconf 63' lang='grc' dir='ltr'>ἰω</span> 
     </span>
     <span class='ocr_line' id='line_1_38' title="bbox 91 2902 1264 2950; baseline 0.003 -14"><span class='ocrx_word' id='word_1_324' title='bbox 91 2902 175 2946; x_wconf 79' lang='grc' dir='ltr'>τέρω</span> <span class='ocrx_word' id='word_1_325' title='bbox 192 2905 304 2938; x_wconf 74' lang='grc' dir='ltr'>εἰπὼν.</span> <span class='ocrx_word' id='word_1_326' title='bbox 324 2905 464 2939; x_wconf 78' lang='grc' dir='ltr'>ἐνταῦθα</span> <span class='ocrx_word' id='word_1_327' title='bbox 483 2920 592 2948; x_wconf 79' lang='grc' dir='ltr'>σιιρκα</span> <span class='ocrx_word' id='word_1_328' title='bbox 611 2907 706 2939; x_wconf 75' lang='grc' dir='ltr'>καλεῖ</span> <span class='ocrx_word' id='word_1_329' title='bbox 723 2905 828 2939; x_wconf 86' lang='grc' dir='ltr'>πλεον</span> <span class='ocrx_word' id='word_1_330' title='bbox 844 2907 964 2941; x_wconf 75' lang='grc' dir='ltr'>αὐτοὺς</span> <span class='ocrx_word' id='word_1_331' title='bbox 982 2907 1202 2950; x_wconf 68' lang='grc' dir='ltr'>οἰκειούμενος</span> <span class='ocrx_word' id='word_1_332' title='bbox 1219 2908 1264 2941; x_wconf 91' lang='lat' dir='ltr'>A</span> 
     </span>
    </p>
   </div>
   <div class='ocr_carea' id='block_1_11' title="bbox 148 2970 914 2999">
    <p class='ocr_par' dir='ltr' id='par_1_16' title="bbox 148 2970 914 2999">
     <span class='ocr_line' id='line_1_39' title="bbox 148 2970 914 2999; baseline 0.003 -2"><span class='ocrx_word' id='word_1_333' title='bbox 148 2970 877 2998; x_wconf 78' lang='lat' dir='ltr'><strong>V01.1[1‚1</strong></span> <span class='ocrx_word' id='word_1_334' title='bbox 902 2976 914 2999; x_wconf 72' lang='lat'>1</span> 
     </span>
    </p>
   </div>
   <div class='ocr_carea' id='block_1_12' title="bbox 1721 186 1888 227">
    <p class='ocr_par' dir='ltr' id='par_1_17' title="bbox 1721 186 1888 227">
     <span class='ocr_line' id='line_1_40' title="bbox 1721 186 1888 227; baseline 0.006 -1"><span class='ocrx_word' id='word_1_335' title='bbox 1721 186 1790 226; x_wconf 74' lang='lat'>[43</span> <span class='ocrx_word' id='word_1_336' title='bbox 1810 186 1888 227; x_wconf 79' lang='lat' dir='ltr'>M·]</span> 
     </span>
    </p>
   </div>
   <div class='ocr_carea' id='block_1_13' title="bbox 1702 616 1745 640">
    <p class='ocr_par' dir='ltr' id='par_1_18' title="bbox 1702 616 1745 640">
     <span class='ocr_line' id='line_1_41' title="bbox 1702 616 1745 640; baseline -0.023 0"><span class='ocrx_word' id='word_1_337' title='bbox 1702 616 1745 640; x_wconf 87' lang='lat'>12</span> 
     </span>
    </p>
   </div>
   <div class='ocr_carea' id='block_1_14' title="bbox 1697 874 1869 958">
    <p class='ocr_par' dir='ltr' id='par_1_19' title="bbox 1697 874 1869 958">
     <span class='ocr_line' id='line_1_42' title="bbox 1697 874 1869 906; baseline 0.012 -2"><span class='ocrx_word' id='word_1_338' title='bbox 1697 874 1767 904; x_wconf 80' lang='lat' dir='ltr'>Insr</span> <span class='ocrx_word' id='word_1_339' title='bbox 1762 886 1788 906; x_wconf 67' lang='grc' dir='ltr'>τι</span> <span class='ocrx_word' id='word_1_340' title='bbox 1804 886 1822 905; x_wconf 87' lang='lat' dir='ltr'>v</span> <span class='ocrx_word' id='word_1_341' title='bbox 1826 886 1869 906; x_wconf 79' lang='lat' dir='ltr'>er.</span> 
     </span>
     <span class='ocr_line' id='line_1_43' title="bbox 1698 927 1748 958; baseline 0 0"><span class='ocrx_word' id='word_1_342' title='bbox 1698 927 1748 958; x_wconf 81' lang='lat'>¹5·</span> 
     </span>
    </p>
   </div>
   <div class='ocr_carea' id='block_1_15' title="bbox 1702 1179 1827 1215">
    <p class='ocr_par' dir='ltr' id='par_1_20' title="bbox 1702 1179 1827 1215">
     <span class='ocr_line' id='line_1_44' title="bbox 1702 1179 1827 1215; baseline -0.016 -2"><span class='ocrx_word' id='word_1_343' title='bbox 1702 1179 1827 1215; x_wconf 67' lang='lat'>13‚14</span> 
     </span>
    </p>
   </div>
  </div>
 </body>
</html>
