<?xml version="1.0" encoding="UTF-8"?>
<!DOCTYPE html PUBLIC "-//W3C//DTD XHTML 1.0 Transitional//EN"
    "http://www.w3.org/TR/xhtml1/DTD/xhtml1-transitional.dtd">
<html xmlns="http://www.w3.org/1999/xhtml" xml:lang="en" lang="en">
 <head>
  <title>
</title>
<meta http-equiv="Content-Type" content="text/html;charset=utf-8" />
  <meta name='ocr-system' content='tesseract 3.04.00' />
  <meta name='ocr-capabilities' content='ocr_page ocr_carea ocr_par ocr_line ocrx_word'/>
</head>
<body>
  <div class='ocr_page' id='page_1' title='image "./operacyrilli05cyriuoft/operacyrilli05cyriuoft_0565.png"; bbox 0 0 2012 3272; ppageno 0'>
   <div class='ocr_carea' id='block_1_1' title="bbox 29 1055 76 1080">
    <p class='ocr_par' dir='ltr' id='par_1_1' title="bbox 29 1055 76 1080">
     <span class='ocr_line' id='line_1_1' title="bbox 29 1055 76 1080; baseline -0.021 0"><span class='ocrx_word' id='word_1_1' title='bbox 29 1055 76 1080; x_wconf 86' lang='lat'>10</span> 
     </span>
    </p>
   </div>
   <div class='ocr_carea' id='block_1_2' title="bbox 29 1601 77 1640">
    <p class='ocr_par' dir='ltr' id='par_1_2' title="bbox 29 1601 77 1640">
     <span class='ocr_line' id='line_1_2' title="bbox 29 1601 77 1640; baseline 0 0"><span class='ocrx_word' id='word_1_2' title='bbox 29 1601 77 1640; x_wconf 85' lang='lat'>15</span> 
     </span>
    </p>
   </div>
   <div class='ocr_carea' id='block_1_3' title="bbox 32 2018 80 2043">
    <p class='ocr_par' dir='ltr' id='par_1_3' title="bbox 32 2018 80 2043">
     <span class='ocr_line' id='line_1_3' title="bbox 32 2018 80 2043; baseline 0 0"><span class='ocrx_word' id='word_1_3' title='bbox 32 2018 80 2043; x_wconf 87' lang='lat'>20</span> 
     </span>
    </p>
   </div>
   <div class='ocr_carea' id='block_1_4' title="bbox 461 137 1617 179">
    <p class='ocr_par' dir='ltr' id='par_1_4' title="bbox 461 137 1617 179">
     <span class='ocr_line' id='line_1_4' title="bbox 461 137 1617 179; baseline 0 -1"><span class='ocrx_word' id='word_1_4' title='bbox 461 139 532 179; x_wconf 75' lang='lat' dir='ltr'>DE</span> <span class='ocrx_word' id='word_1_5' title='bbox 568 138 916 179; x_wconf 75' lang='lat' dir='ltr'><strong>DOGMATUM</strong></span> <span class='ocrx_word' id='word_1_6' title='bbox 957 137 1311 178; x_wconf 79' lang='lat' dir='ltr'><strong>SOLUTIONE.</strong></span> <span class='ocrx_word' id='word_1_7' title='bbox 1595 141 1617 178; x_wconf 84' lang='lat'><strong>5</strong></span> 
     </span>
    </p>
   </div>
   <div class='ocr_carea' id='block_1_5' title="bbox 1624 141 1670 178">
    <p class='ocr_par' dir='ltr' id='par_1_5' title="bbox 1624 141 1670 178">
     <span class='ocr_line' id='line_1_5' title="bbox 1624 141 1647 178; textangle 90"><span class='ocrx_word' id='word_1_8' title='bbox 1624 141 1647 178; x_wconf 54' lang='grc' dir='ltr'>ΕΓ(</span> 
     </span>
     <span class='ocr_line' id='line_1_6' title="bbox 1656 141 1670 178; textangle 90"><span class='ocrx_word' id='word_1_9' title='bbox 1656 141 1670 178; x_wconf 66' lang='grc' dir='ltr'>.-ι</span> 
     </span>
    </p>
   </div>
   <div class='ocr_carea' id='block_1_6' title="bbox 86 375 1678 430">
    <p class='ocr_par' dir='ltr' id='par_1_6' title="bbox 86 375 1678 430">
     <span class='ocr_line' id='line_1_7' title="bbox 86 375 1678 430; baseline -0.001 -12"><span class='ocrx_word' id='word_1_10' title='bbox 86 376 273 418; x_wconf 88' lang='grc' dir='ltr'>Ἔκτισεν</span> <span class='ocrx_word' id='word_1_11' title='bbox 294 378 313 416; x_wconf 84' lang='grc' dir='ltr'>ὁ</span> <span class='ocrx_word' id='word_1_12' title='bbox 338 376 442 419; x_wconf 82' lang='grc' dir='ltr'>Θεὸς</span> <span class='ocrx_word' id='word_1_13' title='bbox 462 378 503 418; x_wconf 90' lang='grc' dir='ltr'>ἐκ</span> <span class='ocrx_word' id='word_1_14' title='bbox 524 380 596 429; x_wconf 83' lang='grc' dir='ltr'>γῆς</span> <span class='ocrx_word' id='word_1_15' title='bbox 617 378 685 418; x_wconf 82' lang='grc' dir='ltr'>τὸν</span> <span class='ocrx_word' id='word_1_16' title='bbox 707 379 911 430; x_wconf 82' lang='grc' dir='ltr'>ἄνθρωπον</span> <span class='ocrx_word' id='word_1_17' title='bbox 936 382 957 399; x_wconf 74' lang='grc'>“</span> <span class='ocrx_word' id='word_1_18' title='bbox 975 377 1035 417; x_wconf 89' lang='grc' dir='ltr'>καὶ</span> <span class='ocrx_word' id='word_1_19' title='bbox 1058 377 1306 429; x_wconf 80' lang='grc' dir='ltr'>ἐνεφύσησεν</span> <span class='ocrx_word' id='word_1_20' title='bbox 1327 378 1380 418; x_wconf 79' lang='grc' dir='ltr'>εἰς</span> <span class='ocrx_word' id='word_1_21' title='bbox 1402 375 1444 416; x_wconf 90' lang='grc' dir='ltr'>τὸ</span> <span class='ocrx_word' id='word_1_22' title='bbox 1467 377 1678 428; x_wconf 86' lang='grc' dir='ltr'>πρόσωπον</span> 
     </span>
    </p>
   </div>
   <div class='ocr_carea' id='block_1_7' title="bbox 151 448 1680 502">
    <p class='ocr_par' dir='ltr' id='par_1_7' title="bbox 151 448 1680 502">
     <span class='ocr_line' id='line_1_8' title="bbox 151 448 1680 502; baseline 0 -12"><span class='ocrx_word' id='word_1_23' title='bbox 151 455 173 472; x_wconf 83' lang='grc'><strong>“</strong></span> <span class='ocrx_word' id='word_1_24' title='bbox 197 450 312 490; x_wconf 83' lang='grc' dir='ltr'>αὐτοῦ</span> <span class='ocrx_word' id='word_1_25' title='bbox 344 450 467 500; x_wconf 78' lang='grc' dir='ltr'>πνοὴν</span> <span class='ocrx_word' id='word_1_26' title='bbox 497 453 591 501; x_wconf 86' lang='grc' dir='ltr'>ζωῆς</span> <span class='ocrx_word' id='word_1_27' title='bbox 622 451 682 491; x_wconf 87' lang='grc' dir='ltr'>καὶ</span> <span class='ocrx_word' id='word_1_28' title='bbox 713 450 865 502; x_wconf 85' lang='grc' dir='ltr'>ἐγένετο</span> <span class='ocrx_word' id='word_1_29' title='bbox 888 453 908 490; x_wconf 90' lang='grc' dir='ltr'>ὁ</span> <span class='ocrx_word' id='word_1_30' title='bbox 929 451 1129 502; x_wconf 79' lang='grc' dir='ltr'>ἄνθρωπος</span> <span class='ocrx_word' id='word_1_31' title='bbox 1158 451 1212 492; x_wconf 86' lang='grc' dir='ltr'>εἰς</span> <span class='ocrx_word' id='word_1_32' title='bbox 1239 449 1376 502; x_wconf 79' lang='grc' dir='ltr'>ψυχὴν</span> <span class='ocrx_word' id='word_1_33' title='bbox 1406 448 1573 497; x_wconf 83' lang='grc' dir='ltr'>ζῶσαν.”</span> <span class='ocrx_word' id='word_1_34' title='bbox 1618 451 1680 490; x_wconf 86' lang='grc' dir='ltr'>καὶ</span> 
     </span>
    </p>
   </div>
   <div class='ocr_carea' id='block_1_8' title="bbox 147 523 1682 1019">
    <p class='ocr_par' dir='ltr' id='par_1_8' title="bbox 147 523 1682 1019">
     <span class='ocr_line' id='line_1_9' title="bbox 148 523 1681 577; baseline 0.001 -13"><span class='ocrx_word' id='word_1_35' title='bbox 148 525 186 564; x_wconf 79' lang='grc' dir='ltr'>οἱ</span> <span class='ocrx_word' id='word_1_36' title='bbox 212 524 285 574; x_wconf 80' lang='grc' dir='ltr'>μὲν</span> <span class='ocrx_word' id='word_1_37' title='bbox 306 523 378 564; x_wconf 84' lang='grc' dir='ltr'>ὑπὸ</span> <span class='ocrx_word' id='word_1_38' title='bbox 401 527 469 564; x_wconf 82' lang='grc' dir='ltr'>τοῦ</span> <span class='ocrx_word' id='word_1_39' title='bbox 495 524 772 576; x_wconf 85' lang='grc' dir='ltr'>ἐμφυσήματος</span> <span class='ocrx_word' id='word_1_40' title='bbox 801 524 871 575; x_wconf 77' lang='grc' dir='ltr'>τὴν</span> <span class='ocrx_word' id='word_1_41' title='bbox 891 524 1029 577; x_wconf 74' lang='grc' dir='ltr'>ψυχὴν</span> <span class='ocrx_word' id='word_1_42' title='bbox 1049 523 1214 576; x_wconf 82' lang='grc' dir='ltr'>λέγουσι</span> <span class='ocrx_word' id='word_1_43' title='bbox 1243 525 1607 576; x_wconf 83' lang='grc' dir='ltr'>δεδημιουργῆσθαι,</span> <span class='ocrx_word' id='word_1_44' title='bbox 1630 525 1681 566; x_wconf 84' lang='grc' dir='ltr'>ὡς</span> 
     </span>
     <span class='ocr_line' id='line_1_10' title="bbox 147 596 1680 652; baseline -0.001 -15"><span class='ocrx_word' id='word_1_45' title='bbox 147 597 223 638; x_wconf 84' lang='grc' dir='ltr'>ὑπὸ</span> <span class='ocrx_word' id='word_1_46' title='bbox 259 601 401 650; x_wconf 85' lang='grc' dir='ltr'>χειρῶν</span> <span class='ocrx_word' id='word_1_47' title='bbox 441 597 484 637; x_wconf 82' lang='grc' dir='ltr'>τὸ</span> <span class='ocrx_word' id='word_1_48' title='bbox 525 601 647 649; x_wconf 81' lang='grc' dir='ltr'>σῶμα·</span> <span class='ocrx_word' id='word_1_49' title='bbox 694 600 731 638; x_wconf 81' lang='grc' dir='ltr'>οἱ</span> <span class='ocrx_word' id='word_1_50' title='bbox 767 599 809 638; x_wconf 76' lang='grc' dir='ltr'>δὲ·</span> <span class='ocrx_word' id='word_1_51' title='bbox 845 598 903 638; x_wconf 82' lang='grc' dir='ltr'>ὅτι</span> <span class='ocrx_word' id='word_1_52' title='bbox 939 596 983 637; x_wconf 81' lang='grc' dir='ltr'>τὸ</span> <span class='ocrx_word' id='word_1_53' title='bbox 1020 597 1230 649; x_wconf 84' lang='grc' dir='ltr'>ἐμφύσημα</span> <span class='ocrx_word' id='word_1_54' title='bbox 1267 598 1392 637; x_wconf 84' lang='grc' dir='ltr'>ἐκεῖνο</span> <span class='ocrx_word' id='word_1_55' title='bbox 1431 597 1541 650; x_wconf 81' lang='grc' dir='ltr'>ψυχὴ</span> <span class='ocrx_word' id='word_1_56' title='bbox 1578 598 1680 652; x_wconf 74' lang='grc' dir='ltr'>αὐτῷ</span> 
     </span>
     <span class='ocr_line' id='line_1_11' title="bbox 148 670 1680 725; baseline 0 -15"><span class='ocrx_word' id='word_1_57' title='bbox 148 671 326 724; x_wconf 83' lang='grc' dir='ltr'>γέγονεν·</span> <span class='ocrx_word' id='word_1_58' title='bbox 380 673 416 711; x_wconf 79' lang='grc' dir='ltr'>οἱ</span> <span class='ocrx_word' id='word_1_59' title='bbox 457 673 499 711; x_wconf 83' lang='grc' dir='ltr'>δὲ</span> <span class='ocrx_word' id='word_1_60' title='bbox 534 672 658 724; x_wconf 84' lang='grc' dir='ltr'>ἕτεροι</span> <span class='ocrx_word' id='word_1_61' title='bbox 693 671 813 712; x_wconf 85' lang='grc' dir='ltr'>πάλιν</span> <span class='ocrx_word' id='word_1_62' title='bbox 848 672 907 711; x_wconf 85' lang='grc' dir='ltr'>ὅτι</span> <span class='ocrx_word' id='word_1_63' title='bbox 938 675 989 725; x_wconf 80' lang='grc' dir='ltr'>τῷ</span> <span class='ocrx_word' id='word_1_64' title='bbox 1028 670 1222 711; x_wconf 86' lang='grc' dir='ltr'>κτισθέντι</span> <span class='ocrx_word' id='word_1_65' title='bbox 1255 671 1444 724; x_wconf 79' lang='grc' dir='ltr'>ἀνθρώπῳ</span> <span class='ocrx_word' id='word_1_66' title='bbox 1480 670 1680 725; x_wconf 83' lang='grc' dir='ltr'>ὁλοκλήρῳ</span> 
     </span>
     <span class='ocr_line' id='line_1_12' title="bbox 151 744 1682 796; baseline 0.002 -11"><span class='ocrx_word' id='word_1_67' title='bbox 151 744 311 795; x_wconf 77' lang='grc' dir='ltr'>ζωτικὴν</span> <span class='ocrx_word' id='word_1_68' title='bbox 348 745 487 786; x_wconf 82' lang='grc' dir='ltr'>δέδωκε</span> <span class='ocrx_word' id='word_1_69' title='bbox 523 746 684 796; x_wconf 85' lang='grc' dir='ltr'>δύναμιν</span> <span class='ocrx_word' id='word_1_70' title='bbox 721 745 763 785; x_wconf 84' lang='grc' dir='ltr'>τὸ</span> <span class='ocrx_word' id='word_1_71' title='bbox 795 746 1006 796; x_wconf 87' lang='grc' dir='ltr'>ἐμφύσημα</span> <span class='ocrx_word' id='word_1_72' title='bbox 1039 746 1176 785; x_wconf 86' lang='grc' dir='ltr'>ἐκεῖνο·</span> <span class='ocrx_word' id='word_1_73' title='bbox 1224 745 1341 785; x_wconf 84' lang='grc' dir='ltr'>ἄλλοι</span> <span class='ocrx_word' id='word_1_74' title='bbox 1371 746 1413 785; x_wconf 82' lang='grc' dir='ltr'>δὲ</span> <span class='ocrx_word' id='word_1_75' title='bbox 1445 746 1503 785; x_wconf 85' lang='grc' dir='ltr'>ὅτι</span> <span class='ocrx_word' id='word_1_76' title='bbox 1536 747 1555 785; x_wconf 89' lang='grc' dir='ltr'>ὁ</span> <span class='ocrx_word' id='word_1_77' title='bbox 1592 749 1682 788; x_wconf 82' lang='grc' dir='ltr'>νοῦς</span> 
     </span>
     <span class='ocr_line' id='line_1_13' title="bbox 151 818 1682 872; baseline -0.001 -13"><span class='ocrx_word' id='word_1_78' title='bbox 151 820 236 859; x_wconf 87' lang='grc' dir='ltr'>ἐστὶ</span> <span class='ocrx_word' id='word_1_79' title='bbox 267 818 311 859; x_wconf 83' lang='grc' dir='ltr'>τὸ</span> <span class='ocrx_word' id='word_1_80' title='bbox 345 820 554 871; x_wconf 83' lang='grc' dir='ltr'>ἐμφύσημα</span> <span class='ocrx_word' id='word_1_81' title='bbox 583 822 710 868; x_wconf 80' lang='grc' dir='ltr'>τοῦτο,</span> <span class='ocrx_word' id='word_1_82' title='bbox 745 819 807 859; x_wconf 81' lang='grc' dir='ltr'>καὶ</span> <span class='ocrx_word' id='word_1_83' title='bbox 845 820 1041 871; x_wconf 82' lang='grc' dir='ltr'>διώρισται</span> <span class='ocrx_word' id='word_1_84' title='bbox 1076 821 1142 869; x_wconf 85' lang='grc' dir='ltr'>τῆς</span> <span class='ocrx_word' id='word_1_85' title='bbox 1176 821 1320 872; x_wconf 76' lang='grc' dir='ltr'>ψυχῆς,</span> <span class='ocrx_word' id='word_1_86' title='bbox 1361 819 1421 858; x_wconf 87' lang='grc' dir='ltr'>καὶ</span> <span class='ocrx_word' id='word_1_87' title='bbox 1452 820 1566 858; x_wconf 78' lang='grc' dir='ltr'>τοῦτό</span> <span class='ocrx_word' id='word_1_88' title='bbox 1597 821 1682 859; x_wconf 89' lang='grc' dir='ltr'>ἐστι</span> 
     </span>
     <span class='ocr_line' id='line_1_14' title="bbox 150 891 1682 945; baseline 0 -13"><span class='ocrx_word' id='word_1_89' title='bbox 150 892 194 932; x_wconf 83' lang='grc' dir='ltr'>τὸ</span> <span class='ocrx_word' id='word_1_90' title='bbox 220 891 299 932; x_wconf 82' lang='grc' dir='ltr'>κατ’</span> <span class='ocrx_word' id='word_1_91' title='bbox 324 893 465 941; x_wconf 82' lang='grc' dir='ltr'>εἰκόνα,</span> <span class='ocrx_word' id='word_1_92' title='bbox 499 894 549 934; x_wconf 87' lang='grc' dir='ltr'>ὡς</span> <span class='ocrx_word' id='word_1_93' title='bbox 580 894 621 933; x_wconf 84' lang='grc' dir='ltr'>ἐκ</span> <span class='ocrx_word' id='word_1_94' title='bbox 652 896 766 945; x_wconf 83' lang='grc' dir='ltr'>τριῶν</span> <span class='ocrx_word' id='word_1_95' title='bbox 792 893 936 933; x_wconf 90' lang='grc' dir='ltr'>τούτων</span> <span class='ocrx_word' id='word_1_96' title='bbox 968 894 1228 933; x_wconf 84' lang='grc' dir='ltr'>συνίστασθαι</span> <span class='ocrx_word' id='word_1_97' title='bbox 1262 892 1332 932; x_wconf 85' lang='grc' dir='ltr'>τὸν</span> <span class='ocrx_word' id='word_1_98' title='bbox 1363 893 1579 943; x_wconf 79' lang='grc' dir='ltr'>ἄνθρωπον,</span> <span class='ocrx_word' id='word_1_99' title='bbox 1614 894 1682 932; x_wconf 82' lang='grc' dir='ltr'>νοῦ</span> 
     </span>
     <span class='ocr_line' id='line_1_15' title="bbox 152 966 1682 1019; baseline 0 -13"><span class='ocrx_word' id='word_1_100' title='bbox 152 966 212 1006; x_wconf 82' lang='grc' dir='ltr'>καὶ</span> <span class='ocrx_word' id='word_1_101' title='bbox 243 969 375 1019; x_wconf 80' lang='grc' dir='ltr'>ψυχῆς</span> <span class='ocrx_word' id='word_1_102' title='bbox 407 967 468 1006; x_wconf 86' lang='grc' dir='ltr'>καὶ</span> <span class='ocrx_word' id='word_1_103' title='bbox 500 967 679 1017; x_wconf 83' lang='grc' dir='ltr'>σώματος</span> <span class='ocrx_word' id='word_1_104' title='bbox 711 968 929 1015; x_wconf 80' lang='grc' dir='ltr'>ἰδιαζόντως</span> <span class='ocrx_word' id='word_1_105' title='bbox 961 968 1003 1006; x_wconf 89' lang='grc' dir='ltr'>ἐν</span> <span class='ocrx_word' id='word_1_106' title='bbox 1031 967 1184 1007; x_wconf 86' lang='grc' dir='ltr'>ἑνώσει.</span> <span class='ocrx_word' id='word_1_107' title='bbox 1228 966 1288 1006; x_wconf 84' lang='grc' dir='ltr'>καὶ</span> <span class='ocrx_word' id='word_1_108' title='bbox 1319 967 1418 1006; x_wconf 86' lang='grc' dir='ltr'>’ίὸιον</span> <span class='ocrx_word' id='word_1_109' title='bbox 1451 968 1517 1016; x_wconf 83' lang='grc' dir='ltr'>τῆς</span> <span class='ocrx_word' id='word_1_110' title='bbox 1548 966 1682 1006; x_wconf 78' lang='grc' dir='ltr'>οὐσίας</span> 
     </span>
    </p>
   </div>
   <div class='ocr_carea' id='block_1_9' title="bbox 150 1038 1265 1092">
    <p class='ocr_par' dir='ltr' id='par_1_9' title="bbox 150 1038 1265 1092">
     <span class='ocr_line' id='line_1_16' title="bbox 150 1038 1265 1092; baseline -0.002 -12"><span class='ocrx_word' id='word_1_111' title='bbox 150 1043 218 1080; x_wconf 81' lang='grc' dir='ltr'>τοῦ</span> <span class='ocrx_word' id='word_1_112' title='bbox 251 1042 358 1080; x_wconf 79' lang='grc' dir='ltr'>Θεοῦ</span> <span class='ocrx_word' id='word_1_113' title='bbox 388 1038 410 1089; x_wconf 80' lang='grc' dir='ltr'>ἢ</span> <span class='ocrx_word' id='word_1_114' title='bbox 440 1040 651 1092; x_wconf 84' lang='grc' dir='ltr'>ἀλλότριον</span> <span class='ocrx_word' id='word_1_115' title='bbox 681 1039 724 1079; x_wconf 84' lang='grc' dir='ltr'>τὸ</span> <span class='ocrx_word' id='word_1_116' title='bbox 756 1040 967 1092; x_wconf 87' lang='grc' dir='ltr'>ἐμφύσημα</span> <span class='ocrx_word' id='word_1_117' title='bbox 996 1041 1111 1080; x_wconf 78' lang='grc' dir='ltr'>τοῦτό</span> <span class='ocrx_word' id='word_1_118' title='bbox 1143 1041 1265 1079; x_wconf 84' lang='grc' dir='ltr'>ἐστιν.</span> 
     </span>
    </p>
   </div>
   <div class='ocr_carea' id='block_1_10' title="bbox 712 1211 1062 1248">
    <p class='ocr_par' dir='ltr' id='par_1_10' title="bbox 712 1211 1062 1248">
     <span class='ocr_line' id='line_1_17' title="bbox 712 1211 1062 1248; baseline 0.003 -1"><span class='ocrx_word' id='word_1_119' title='bbox 712 1211 1062 1248; x_wconf 77' lang='grc' dir='ltr'><strong>ΕΠΙΛΎΣΙΣ.</strong></span> 
     </span>
    </p>
   </div>
   <div class='ocr_carea' id='block_1_11' title="bbox 94 1331 1682 1484">
    <p class='ocr_par' dir='ltr' id='par_1_11' title="bbox 94 1331 1682 1484">
     <span class='ocr_line' id='line_1_18' title="bbox 168 1331 1682 1400; baseline -0.003 -15"><span class='ocrx_word' id='word_1_120' title='bbox 168 1333 245 1385; x_wconf 77' lang='grc' dir='ltr'>Τὰ</span> <span class='ocrx_word' id='word_1_121' title='bbox 290 1334 435 1387; x_wconf 81' lang='grc' dir='ltr'>οὕτως</span> <span class='ocrx_word' id='word_1_122' title='bbox 473 1332 617 1400; x_wconf 77' lang='grc' dir='ltr'>ἰσχνὰ</span> <span class='ocrx_word' id='word_1_123' title='bbox 655 1334 731 1383; x_wconf 82' lang='grc' dir='ltr'>καὶ</span> <span class='ocrx_word' id='word_1_124' title='bbox 769 1333 851 1382; x_wconf 84' lang='grc' dir='ltr'>οὐκ</span> <span class='ocrx_word' id='word_1_125' title='bbox 894 1332 1083 1398; x_wconf 83' lang='grc' dir='ltr'>εὐτριβῆ</span> <span class='ocrx_word' id='word_1_126' title='bbox 1129 1336 1224 1382; x_wconf 81' lang='grc' dir='ltr'>τῶν</span> <span class='ocrx_word' id='word_1_127' title='bbox 1268 1331 1556 1398; x_wconf 77' lang='grc' dir='ltr'>ζητημάτων,</span> <span class='ocrx_word' id='word_1_128' title='bbox 1599 1331 1682 1382; x_wconf 84' lang='grc' dir='ltr'>οὐκ</span> 
     </span>
     <span class='ocr_line' id='line_1_19' title="bbox 94 1413 1682 1484; baseline -0.002 -18"><span class='ocrx_word' id='word_1_129' title='bbox 94 1414 385 1484; x_wconf 77' lang='grc' dir='ltr'>ἀποφάσεως</span> <span class='ocrx_word' id='word_1_130' title='bbox 421 1419 563 1466; x_wconf 80' lang='grc' dir='ltr'>δεῖται</span> <span class='ocrx_word' id='word_1_131' title='bbox 602 1417 901 1481; x_wconf 80' lang='grc' dir='ltr'>δογματικῆς,</span> <span class='ocrx_word' id='word_1_132' title='bbox 927 1413 1266 1481; x_wconf 83' lang='grc' dir='ltr'>ἐπαπορήσεως</span> <span class='ocrx_word' id='word_1_133' title='bbox 1302 1413 1350 1464; x_wconf 81' lang='grc' dir='ltr'>δέ</span> <span class='ocrx_word' id='word_1_134' title='bbox 1383 1419 1574 1477; x_wconf 81' lang='grc' dir='ltr'>μᾶλλον</span> <span class='ocrx_word' id='word_1_135' title='bbox 1606 1414 1682 1463; x_wconf 73' lang='grc' dir='ltr'>καὶ</span> 
     </span>
    </p>
   </div>
   <div class='ocr_carea' id='block_1_12' title="bbox 1700 316 1906 420">
    <p class='ocr_par' dir='ltr' id='par_1_12' title="bbox 1700 316 1906 420">
     <span class='ocr_line' id='line_1_20' title="bbox 1700 316 1720 340; baseline 0 0"><span class='ocrx_word' id='word_1_136' title='bbox 1700 316 1720 340; x_wconf 82' lang='lat' dir='ltr'><strong>C</strong></span> 
     </span>
     <span class='ocr_line' id='line_1_21' title="bbox 1700 379 1906 420; baseline -0.01 0"><span class='ocrx_word' id='word_1_137' title='bbox 1700 379 1755 420; x_wconf 84' lang='lat' dir='ltr'>B‘.</span> <span class='ocrx_word' id='word_1_138' title='bbox 1774 387 1857 417; x_wconf 80' lang='lat' dir='ltr'><strong>Gen.</strong></span> <span class='ocrx_word' id='word_1_139' title='bbox 1873 386 1906 418; x_wconf 86' lang='lat' dir='ltr'>ii.</span> 
     </span>
    </p>
   </div>
   <div class='ocr_carea' id='block_1_13' title="bbox 1774 446 1790 456">
    <p class='ocr_par' dir='ltr' id='par_1_13' title="bbox 1774 446 1790 456">
     <span class='ocr_line' id='line_1_22' title="bbox 1774 446 1790 456; baseline 0 0"><span class='ocrx_word' id='word_1_140' title='bbox 1774 446 1790 456; x_wconf 67' lang='lat'>›-</span> 
     </span>
    </p>
   </div>
   <div class='ocr_carea' id='block_1_14' title="bbox 1777 457 1803 478">
    <p class='ocr_par' dir='ltr' id='par_1_14' title="bbox 1777 457 1803 478">
     <span class='ocr_line' id='line_1_23' title="bbox 1777 457 1803 478; baseline 0 -11"><span class='ocrx_word' id='word_1_141' title='bbox 1777 457 1803 478; x_wconf 70' lang='grc'>,.</span> 
     </span>
    </p>
   </div>
   <div class='ocr_carea' id='block_1_15' title="bbox 1702 901 1729 941">
    <p class='ocr_par' dir='ltr' id='par_1_15' title="bbox 1702 901 1729 941">
     <span class='ocr_line' id='line_1_24' title="bbox 1702 901 1729 941; baseline 0 0"><span class='ocrx_word' id='word_1_142' title='bbox 1702 901 1729 941; x_wconf 75' lang='lat' dir='ltr'><strong>d</strong></span> 
     </span>
    </p>
   </div>
   <div class='ocr_carea' id='block_1_16' title="bbox 94 1494 1724 1564">
    <p class='ocr_par' dir='ltr' id='par_1_16' title="bbox 94 1494 1724 1564">
     <span class='ocr_line' id='line_1_25' title="bbox 94 1494 1724 1564; baseline -0.002 -16"><span class='ocrx_word' id='word_1_143' title='bbox 94 1497 313 1559; x_wconf 77' lang='grc' dir='ltr'>βασοῖνου</span> <span class='ocrx_word' id='word_1_144' title='bbox 339 1503 676 1564; x_wconf 81' lang='grc' dir='ltr'>στοχαστικοῦ,</span> <span class='ocrx_word' id='word_1_145' title='bbox 697 1496 814 1560; x_wconf 81' lang='grc' dir='ltr'>μετὰ</span> <span class='ocrx_word' id='word_1_146' title='bbox 837 1502 920 1547; x_wconf 83' lang='grc' dir='ltr'>τοῦ</span> <span class='ocrx_word' id='word_1_147' title='bbox 945 1495 1009 1560; x_wconf 85' lang='grc' dir='ltr'>μὴ</span> <span class='ocrx_word' id='word_1_148' title='bbox 1031 1495 1284 1563; x_wconf 81' lang='grc' dir='ltr'>ἀνέχεσθαι</span> <span class='ocrx_word' id='word_1_149' title='bbox 1310 1496 1574 1547; x_wconf 84' lang='grc' dir='ltr'>διαπίπτειν</span> <span class='ocrx_word' id='word_1_150' title='bbox 1600 1494 1683 1546; x_wconf 82' lang='grc' dir='ltr'>τὸν</span> <span class='ocrx_word' id='word_1_151' title='bbox 1702 1524 1724 1551; x_wconf 79' lang='lat' dir='ltr'>e</span> 
     </span>
    </p>
   </div>
   <div class='ocr_carea' id='block_1_17' title="bbox 96 1576 1688 2139">
    <p class='ocr_par' dir='ltr' id='par_1_17' title="bbox 96 1576 1688 2139">
     <span class='ocr_line' id='line_1_26' title="bbox 97 1576 1681 1647; baseline -0.001 -17"><span class='ocrx_word' id='word_1_152' title='bbox 97 1579 245 1645; x_wconf 83' lang='grc' dir='ltr'>λόγον</span> <span class='ocrx_word' id='word_1_153' title='bbox 265 1580 344 1630; x_wconf 85' lang='grc' dir='ltr'>ἐᾶν</span> <span class='ocrx_word' id='word_1_154' title='bbox 363 1581 434 1647; x_wconf 83' lang='grc' dir='ltr'>ἐφ’</span> <span class='ocrx_word' id='word_1_155' title='bbox 457 1577 487 1630; x_wconf 82' lang='grc' dir='ltr'>ἃ</span> <span class='ocrx_word' id='word_1_156' title='bbox 506 1578 570 1643; x_wconf 84' lang='grc' dir='ltr'>μὴ</span> <span class='ocrx_word' id='word_1_157' title='bbox 589 1582 843 1646; x_wconf 81' lang='grc' dir='ltr'>προσῆκεν,</span> <span class='ocrx_word' id='word_1_158' title='bbox 862 1579 1007 1644; x_wconf 73' lang='grc' dir='ltr'>ἤγουν</span> <span class='ocrx_word' id='word_1_159' title='bbox 1024 1578 1114 1647; x_wconf 73' lang='grc' dir='ltr'>ἔξω</span> <span class='ocrx_word' id='word_1_160' title='bbox 1136 1577 1366 1646; x_wconf 78' lang='grc' dir='ltr'>φέρεσθαι</span> <span class='ocrx_word' id='word_1_161' title='bbox 1388 1583 1470 1629; x_wconf 83' lang='grc' dir='ltr'>τοῦ</span> <span class='ocrx_word' id='word_1_162' title='bbox 1495 1576 1681 1630; x_wconf 80' lang='grc' dir='ltr'>εἰκότος.</span> 
     </span>
     <span class='ocr_line' id='line_1_27' title="bbox 96 1658 1684 1728; baseline -0.003 -15"><span class='ocrx_word' id='word_1_163' title='bbox 96 1663 358 1728; x_wconf 74' lang='grc' dir='ltr'>γέγραπται</span> <span class='ocrx_word' id='word_1_164' title='bbox 384 1661 490 1728; x_wconf 81' lang='grc' dir='ltr'>γὰρ,</span> <span class='ocrx_word' id='word_1_165' title='bbox 519 1661 589 1712; x_wconf 79' lang='grc' dir='ltr'>ὅτι</span> <span class='ocrx_word' id='word_1_166' title='bbox 624 1669 651 1690; x_wconf 88' lang='grc'><strong>“</strong></span> <span class='ocrx_word' id='word_1_167' title='bbox 672 1662 821 1727; x_wconf 71' lang='grc' dir='ltr'>ζητῶν</span> <span class='ocrx_word' id='word_1_168' title='bbox 847 1660 980 1727; x_wconf 72' lang='grc' dir='ltr'>ζήτει,</span> <span class='ocrx_word' id='word_1_169' title='bbox 1008 1662 1085 1710; x_wconf 77' lang='grc' dir='ltr'>καὶ</span> <span class='ocrx_word' id='word_1_170' title='bbox 1115 1661 1225 1726; x_wconf 89' lang='grc' dir='ltr'>παρ’</span> <span class='ocrx_word' id='word_1_171' title='bbox 1253 1661 1354 1723; x_wconf 79' lang='grc' dir='ltr'>ἐμοὶ</span> <span class='ocrx_word' id='word_1_172' title='bbox 1381 1659 1536 1711; x_wconf 79' lang='grc' dir='ltr'>οἴκει.”</span> <span class='ocrx_word' id='word_1_173' title='bbox 1584 1658 1609 1710; x_wconf 74' lang='grc' dir='ltr'><em>ὃ</em></span> <span class='ocrx_word' id='word_1_174' title='bbox 1636 1658 1684 1710; x_wconf 79' lang='grc' dir='ltr'>δὲ</span> 
     </span>
     <span class='ocr_line' id='line_1_28' title="bbox 97 1741 1684 1812; baseline -0.002 -18"><span class='ocrx_word' id='word_1_175' title='bbox 97 1748 269 1812; x_wconf 83' lang='grc' dir='ltr'>σαφῶς</span> <span class='ocrx_word' id='word_1_176' title='bbox 295 1744 377 1794; x_wconf 77' lang='grc' dir='ltr'>οὐκ</span> <span class='ocrx_word' id='word_1_177' title='bbox 404 1744 495 1812; x_wconf 72' lang='grc' dir='ltr'>ἔφη</span> <span class='ocrx_word' id='word_1_178' title='bbox 522 1742 575 1794; x_wconf 80' lang='grc' dir='ltr'>τὸ</span> <span class='ocrx_word' id='word_1_179' title='bbox 595 1743 793 1809; x_wconf 84' lang='grc' dir='ltr'>γροίμμα</span> <span class='ocrx_word' id='word_1_180' title='bbox 817 1741 871 1793; x_wconf 75' lang='grc' dir='ltr'>τὸ</span> <span class='ocrx_word' id='word_1_181' title='bbox 899 1741 1034 1808; x_wconf 81' lang='grc' dir='ltr'>ἱερὸν,</span> <span class='ocrx_word' id='word_1_182' title='bbox 1050 1747 1151 1795; x_wconf 80' lang='grc' dir='ltr'>πῶς</span> <span class='ocrx_word' id='word_1_183' title='bbox 1177 1742 1234 1792; x_wconf 78' lang='grc' dir='ltr'>ἄν</span> <span class='ocrx_word' id='word_1_184' title='bbox 1259 1765 1329 1795; x_wconf 86' lang='grc' dir='ltr'>τις</span> <span class='ocrx_word' id='word_1_185' title='bbox 1351 1742 1567 1810; x_wconf 76' lang='grc' dir='ltr'>ἐξηγοῖτο</span> <span class='ocrx_word' id='word_1_186' title='bbox 1593 1764 1684 1791; x_wconf 87' lang='grc' dir='ltr'>σα-</span> 
     </span>
     <span class='ocr_line' id='line_1_29' title="bbox 98 1823 1684 1894; baseline -0.002 -18"><span class='ocrx_word' id='word_1_187' title='bbox 98 1829 200 1893; x_wconf 81' lang='grc' dir='ltr'>φῶς</span> <span class='ocrx_word' id='word_1_188' title='bbox 223 1847 234 1887; x_wconf 86' lang='lat'>3</span> <span class='ocrx_word' id='word_1_189' title='bbox 267 1824 363 1876; x_wconf 77' lang='grc' dir='ltr'>οἶόν</span> <span class='ocrx_word' id='word_1_190' title='bbox 389 1848 432 1876; x_wconf 89' lang='grc' dir='ltr'>τι</span> <span class='ocrx_word' id='word_1_191' title='bbox 453 1827 574 1892; x_wconf 82' lang='grc' dir='ltr'>φημὶ</span> <span class='ocrx_word' id='word_1_192' title='bbox 595 1827 642 1876; x_wconf 89' lang='grc' dir='ltr'>ἐν</span> <span class='ocrx_word' id='word_1_193' title='bbox 667 1829 734 1894; x_wconf 75' lang='grc' dir='ltr'>τῷ</span> <span class='ocrx_word' id='word_1_194' title='bbox 759 1827 841 1888; x_wconf 81' lang='grc' dir='ltr'>τῆς</span> <span class='ocrx_word' id='word_1_195' title='bbox 868 1823 1182 1888; x_wconf 79' lang='grc' dir='ltr'>κοσμοποιίας</span> <span class='ocrx_word' id='word_1_196' title='bbox 1207 1823 1385 1893; x_wconf 80' lang='grc' dir='ltr'>βιβλίῳ</span> <span class='ocrx_word' id='word_1_197' title='bbox 1406 1824 1684 1889; x_wconf 77' lang='grc' dir='ltr'>γέγραπται,</span> 
     </span>
     <span class='ocr_line' id='line_1_30' title="bbox 99 1904 1686 1975; baseline -0.002 -17"><span class='ocrx_word' id='word_1_198' title='bbox 99 1907 170 1958; x_wconf 80' lang='grc' dir='ltr'>ὅτι</span> <span class='ocrx_word' id='word_1_199' title='bbox 207 1909 255 1958; x_wconf 84' lang='grc' dir='ltr'>ἐν</span> <span class='ocrx_word' id='word_1_200' title='bbox 281 1909 404 1975; x_wconf 82' lang='grc' dir='ltr'>ἀρχῇ</span> <span class='ocrx_word' id='word_1_201' title='bbox 444 1909 662 1972; x_wconf 87' lang='grc' dir='ltr'>ἐποίησεν</span> <span class='ocrx_word' id='word_1_202' title='bbox 686 1908 711 1957; x_wconf 85' lang='grc' dir='ltr'><strong>ὁ</strong></span> <span class='ocrx_word' id='word_1_203' title='bbox 737 1906 859 1960; x_wconf 77' lang='grc' dir='ltr'>Θεὸς</span> <span class='ocrx_word' id='word_1_204' title='bbox 894 1905 976 1958; x_wconf 80' lang='grc' dir='ltr'>τὸν</span> <span class='ocrx_word' id='word_1_205' title='bbox 1003 1905 1201 1972; x_wconf 79' lang='grc' dir='ltr'>οὐρανὸν</span> <span class='ocrx_word' id='word_1_206' title='bbox 1227 1908 1303 1956; x_wconf 80' lang='grc' dir='ltr'>καὶ</span> <span class='ocrx_word' id='word_1_207' title='bbox 1340 1904 1425 1969; x_wconf 86' lang='grc' dir='ltr'>τὴν</span> <span class='ocrx_word' id='word_1_208' title='bbox 1459 1908 1566 1970; x_wconf 81' lang='grc' dir='ltr'>γῆν.</span> <span class='ocrx_word' id='word_1_209' title='bbox 1610 1907 1686 1955; x_wconf 76' lang='grc' dir='ltr'>καὶ</span> 
     </span>
     <span class='ocr_line' id='line_1_31' title="bbox 100 1986 1688 2059; baseline -0.002 -19"><span class='ocrx_word' id='word_1_210' title='bbox 100 1989 170 2041; x_wconf 79' lang='grc' dir='ltr'>ὅτι</span> <span class='ocrx_word' id='word_1_211' title='bbox 209 1989 293 2053; x_wconf 77' lang='grc' dir='ltr'>μὲν</span> <span class='ocrx_word' id='word_1_212' title='bbox 331 1991 597 2054; x_wconf 89' lang='grc' dir='ltr'>πεποίηκεν,</span> <span class='ocrx_word' id='word_1_213' title='bbox 626 1990 717 2059; x_wconf 77' lang='grc' dir='ltr'>ε”φη</span> <span class='ocrx_word' id='word_1_214' title='bbox 743 1988 798 2040; x_wconf 78' lang='grc' dir='ltr'>τὸ</span> <span class='ocrx_word' id='word_1_215' title='bbox 824 1989 1022 2056; x_wconf 71' lang='grc' dir='ltr'>γράμμα</span> <span class='ocrx_word' id='word_1_216' title='bbox 1057 1987 1110 2040; x_wconf 83' lang='grc' dir='ltr'>τὸ</span> <span class='ocrx_word' id='word_1_217' title='bbox 1151 1987 1286 2054; x_wconf 76' lang='grc' dir='ltr'>ἱερὸν,</span> <span class='ocrx_word' id='word_1_218' title='bbox 1315 1990 1390 2039; x_wconf 79' lang='grc' dir='ltr'>καὶ</span> <span class='ocrx_word' id='word_1_219' title='bbox 1430 1986 1603 2052; x_wconf 73' lang='grc' dir='ltr'>ἀληθὲς</span> <span class='ocrx_word' id='word_1_220' title='bbox 1638 1988 1688 2037; x_wconf 86' lang='grc' dir='ltr'>ἐν</span> 
     </span>
     <span class='ocr_line' id='line_1_32' title="bbox 98 2068 1688 2139; baseline -0.001 -17"><span class='ocrx_word' id='word_1_221' title='bbox 98 2071 257 2122; x_wconf 83' lang='grc' dir='ltr'>πίστει</span> <span class='ocrx_word' id='word_1_222' title='bbox 290 2077 429 2122; x_wconf 84' lang='grc' dir='ltr'>τοῦτο</span> <span class='ocrx_word' id='word_1_223' title='bbox 464 2071 707 2139; x_wconf 86' lang='grc' dir='ltr'>δεχόμεθα.</span> <span class='ocrx_word' id='word_1_224' title='bbox 751 2071 805 2122; x_wconf 81' lang='grc' dir='ltr'>τὸ</span> <span class='ocrx_word' id='word_1_225' title='bbox 839 2070 887 2122; x_wconf 80' lang='grc' dir='ltr'>δὲ</span> <span class='ocrx_word' id='word_1_226' title='bbox 922 2070 1049 2125; x_wconf 80' lang='grc' dir='ltr'>ὅπως</span> <span class='ocrx_word' id='word_1_227' title='bbox 1074 2070 1103 2135; x_wconf 80' lang='grc' dir='ltr'>ἢ</span> <span class='ocrx_word' id='word_1_228' title='bbox 1130 2070 1297 2133; x_wconf 87' lang='grc' dir='ltr'>πόθεν,</span> <span class='ocrx_word' id='word_1_229' title='bbox 1325 2068 1354 2134; x_wconf 79' lang='grc' dir='ltr'>ἢ</span> <span class='ocrx_word' id='word_1_230' title='bbox 1380 2069 1483 2121; x_wconf 87' lang='grc' dir='ltr'>τίνα</span> <span class='ocrx_word' id='word_1_231' title='bbox 1511 2069 1688 2135; x_wconf 86' lang='grc' dir='ltr'>τρόπον</span> 
     </span>
    </p>
   </div>
   <div class='ocr_carea' id='block_1_18' title="bbox 102 2227 1689 2882">
    <p class='ocr_par' dir='ltr' id='par_1_18' title="bbox 102 2227 1689 2880">
     <span class='ocr_line' id='line_1_33' title="bbox 153 2227 1687 2274; baseline -0.001 -11"><span class='ocrx_word' id='word_1_232' title='bbox 153 2240 183 2263; x_wconf 90' lang='lat'>1.</span> <span class='ocrx_word' id='word_1_233' title='bbox 211 2228 265 2263; x_wconf 85' lang='lat' dir='ltr'>Ita</span> <span class='ocrx_word' id='word_1_234' title='bbox 282 2230 326 2263; x_wconf 92' lang='lat' dir='ltr'>A.</span> <span class='ocrx_word' id='word_1_235' title='bbox 345 2230 431 2273; x_wconf 85' lang='grc' dir='ltr'>πρὸς</span> <span class='ocrx_word' id='word_1_236' title='bbox 453 2229 529 2264; x_wconf 84' lang='grc' dir='ltr'>τοὺς</span> <span class='ocrx_word' id='word_1_237' title='bbox 550 2229 713 2274; x_wconf 82' lang='grc' dir='ltr'>λεγοντας</span> <span class='ocrx_word' id='word_1_238' title='bbox 730 2228 1039 2274; x_wconf 84' lang='grc' dir='ltr'>δεδημιουργῆσθαι</span> <span class='ocrx_word' id='word_1_239' title='bbox 1055 2228 1115 2272; x_wconf 88' lang='grc' dir='ltr'>τὴν</span> <span class='ocrx_word' id='word_1_240' title='bbox 1131 2228 1282 2273; x_wconf 78' lang='grc' dir='ltr'>ψυχὴν</span> <span class='ocrx_word' id='word_1_241' title='bbox 1267 2229 1333 2262; x_wconf 86' lang='grc' dir='ltr'>υπὸ</span> <span class='ocrx_word' id='word_1_242' title='bbox 1350 2230 1410 2262; x_wconf 78' lang='grc' dir='ltr'>τοῦ</span> <span class='ocrx_word' id='word_1_243' title='bbox 1429 2227 1687 2273; x_wconf 81' lang='grc' dir='ltr'>ἐμφυσηματος,</span> 
     </span>
     <span class='ocr_line' id='line_1_34' title="bbox 102 2274 1688 2320; baseline -0.003 -9"><span class='ocrx_word' id='word_1_244' title='bbox 102 2276 147 2311; x_wconf 84' lang='grc' dir='ltr'>ὡς</span> <span class='ocrx_word' id='word_1_245' title='bbox 166 2276 250 2320; x_wconf 75' lang='grc' dir='ltr'>ὑπὲρ</span> <span class='ocrx_word' id='word_1_246' title='bbox 281 2275 359 2320; x_wconf 78' lang='grc' dir='ltr'>[ὑπὸ</span> <span class='ocrx_word' id='word_1_247' title='bbox 379 2276 424 2309; x_wconf 93' lang='lat' dir='ltr'>D.</span> <span class='ocrx_word' id='word_1_248' title='bbox 445 2275 583 2320; x_wconf 86' lang='lat' dir='ltr'>Migne]</span> <span class='ocrx_word' id='word_1_249' title='bbox 611 2279 733 2320; x_wconf 84' lang='grc' dir='ltr'>χειρῶν</span> <span class='ocrx_word' id='word_1_250' title='bbox 759 2277 797 2309; x_wconf 85' lang='grc' dir='ltr'>τὸ</span> <span class='ocrx_word' id='word_1_251' title='bbox 823 2278 934 2319; x_wconf 83' lang='grc' dir='ltr'>σῶμα·</span> <span class='ocrx_word' id='word_1_252' title='bbox 970 2290 1022 2309; x_wconf 86' lang='grc' dir='ltr'>και</span> <span class='ocrx_word' id='word_1_253' title='bbox 1048 2276 1133 2319; x_wconf 84' lang='grc' dir='ltr'>πρὸς</span> <span class='ocrx_word' id='word_1_254' title='bbox 1155 2276 1233 2310; x_wconf 81' lang='grc' dir='ltr'>τοὺς</span> <span class='ocrx_word' id='word_1_255' title='bbox 1255 2274 1544 2316; x_wconf 77' lang='grc' dir='ltr'>ἀποτεινομενους,</span> <span class='ocrx_word' id='word_1_256' title='bbox 1569 2274 1620 2308; x_wconf 84' lang='grc' dir='ltr'>ὅτι</span> <span class='ocrx_word' id='word_1_257' title='bbox 1649 2276 1688 2308; x_wconf 82' lang='grc' dir='ltr'>τὸ</span> 
     </span>
     <span class='ocr_line' id='line_1_35' title="bbox 102 2321 1687 2367; baseline -0.002 -10"><span class='ocrx_word' id='word_1_258' title='bbox 102 2322 289 2367; x_wconf 81' lang='grc' dir='ltr'>ἐμφύσημα</span> <span class='ocrx_word' id='word_1_259' title='bbox 314 2323 431 2362; x_wconf 84' lang='grc' dir='ltr'>εκεῖνο,</span> <span class='ocrx_word' id='word_1_260' title='bbox 452 2322 549 2367; x_wconf 79' lang='grc' dir='ltr'>ψυχὴ</span> <span class='ocrx_word' id='word_1_261' title='bbox 575 2323 663 2367; x_wconf 79' lang='grc' dir='ltr'>αὐτῷ</span> <span class='ocrx_word' id='word_1_262' title='bbox 688 2322 820 2367; x_wconf 81' lang='grc' dir='ltr'>γέγονε.</span> <span class='ocrx_word' id='word_1_263' title='bbox 853 2336 906 2356; x_wconf 85' lang='grc' dir='ltr'>και</span> <span class='ocrx_word' id='word_1_264' title='bbox 931 2323 1016 2366; x_wconf 85' lang='grc' dir='ltr'>πρὸς</span> <span class='ocrx_word' id='word_1_265' title='bbox 1039 2321 1183 2365; x_wconf 82' lang='grc' dir='ltr'>ἑτέρους,</span> <span class='ocrx_word' id='word_1_266' title='bbox 1201 2321 1252 2355; x_wconf 82' lang='grc' dir='ltr'>ὅτι</span> <span class='ocrx_word' id='word_1_267' title='bbox 1270 2324 1316 2367; x_wconf 79' lang='grc' dir='ltr'>τῷ</span> <span class='ocrx_word' id='word_1_268' title='bbox 1335 2321 1504 2355; x_wconf 87' lang='grc' dir='ltr'>κτισθέντι</span> <span class='ocrx_word' id='word_1_269' title='bbox 1522 2321 1687 2367; x_wconf 82' lang='grc' dir='ltr'>ἀνθρώπῳ</span> 
     </span>
     <span class='ocr_line' id='line_1_36' title="bbox 103 2356 1686 2426; baseline -0.001 -23"><span class='ocrx_word' id='word_1_270' title='bbox 103 2369 292 2415; x_wconf 84' lang='grc' dir='ltr'>ὁλοκλήρῳ,</span> <span class='ocrx_word' id='word_1_271' title='bbox 323 2369 461 2413; x_wconf 81' lang='grc' dir='ltr'>ζωτικὴν</span> <span class='ocrx_word' id='word_1_272' title='bbox 490 2368 613 2403; x_wconf 91' lang='grc' dir='ltr'>δεδωκε</span> <span class='ocrx_word' id='word_1_273' title='bbox 646 2368 785 2413; x_wconf 87' lang='grc' dir='ltr'>δύναμιν</span> <span class='ocrx_word' id='word_1_274' title='bbox 814 2369 919 2402; x_wconf 84' lang='grc' dir='ltr'>ἐκεῖνο</span> <span class='ocrx_word' id='word_1_275' title='bbox 952 2370 991 2401; x_wconf 85' lang='grc' dir='ltr'>τὸ</span> <span class='ocrx_word' id='word_1_276' title='bbox 1020 2367 1220 2426; x_wconf 79' lang='grc' dir='ltr'>ἐμφύσημα,</span> <span class='ocrx_word' id='word_1_277' title='bbox 1244 2368 1405 2413; x_wconf 84' lang='grc' dir='ltr'>λεγοντες</span> <span class='ocrx_word' id='word_1_278' title='bbox 1432 2367 1609 2413; x_wconf 87' lang='grc' dir='ltr'>[λεγοντας</span> <span class='ocrx_word' id='word_1_279' title='bbox 1638 2356 1686 2401; x_wconf 94' lang='lat' dir='ltr'>D.</span> 
     </span>
     <span class='ocr_line' id='line_1_37' title="bbox 103 2412 1687 2461; baseline -0.001 -11"><span class='ocrx_word' id='word_1_280' title='bbox 103 2415 241 2461; x_wconf 84' lang='lat' dir='ltr'>Migne]</span> <span class='ocrx_word' id='word_1_281' title='bbox 262 2417 315 2450; x_wconf 85' lang='grc' dir='ltr'>καὶ</span> <span class='ocrx_word' id='word_1_282' title='bbox 338 2430 388 2450; x_wconf 91' lang='grc' dir='ltr'>οτι</span> <span class='ocrx_word' id='word_1_283' title='bbox 406 2418 423 2449; x_wconf 86' lang='grc' dir='ltr'>ὁ</span> <span class='ocrx_word' id='word_1_284' title='bbox 441 2418 517 2451; x_wconf 85' lang='grc' dir='ltr'>νοῦς</span> <span class='ocrx_word' id='word_1_285' title='bbox 540 2416 614 2449; x_wconf 86' lang='grc' dir='ltr'>ἐστὶ</span> <span class='ocrx_word' id='word_1_286' title='bbox 632 2416 670 2449; x_wconf 88' lang='grc' dir='ltr'>τὸ</span> <span class='ocrx_word' id='word_1_287' title='bbox 688 2415 876 2460; x_wconf 83' lang='grc' dir='ltr'>ἐμφύσημα</span> <span class='ocrx_word' id='word_1_288' title='bbox 895 2417 1007 2454; x_wconf 79' lang='grc' dir='ltr'>τοῦτο,</span> <span class='ocrx_word' id='word_1_289' title='bbox 1026 2415 1079 2449; x_wconf 82' lang='grc' dir='ltr'>καὶ</span> <span class='ocrx_word' id='word_1_290' title='bbox 1097 2415 1273 2459; x_wconf 83' lang='grc' dir='ltr'>διώρισται</span> <span class='ocrx_word' id='word_1_291' title='bbox 1291 2416 1350 2458; x_wconf 85' lang='grc' dir='ltr'>τῆς</span> <span class='ocrx_word' id='word_1_292' title='bbox 1366 2415 1495 2459; x_wconf 78' lang='grc' dir='ltr'>ψυχῆς.</span> <span class='ocrx_word' id='word_1_293' title='bbox 1525 2415 1579 2448; x_wconf 86' lang='grc' dir='ltr'>καὶ</span> <span class='ocrx_word' id='word_1_294' title='bbox 1596 2412 1687 2448; x_wconf 77' lang='grc' dir='ltr'>τουτ’</span> 
     </span>
     <span class='ocr_line' id='line_1_38' title="bbox 105 2460 1687 2508; baseline -0.001 -12"><span class='ocrx_word' id='word_1_295' title='bbox 105 2461 220 2508; x_wconf 80' lang='grc' dir='ltr'>[τοῦτο</span> <span class='ocrx_word' id='word_1_296' title='bbox 240 2463 286 2496; x_wconf 89' lang='lat' dir='ltr'>D.</span> <span class='ocrx_word' id='word_1_297' title='bbox 289 2461 333 2507; x_wconf 84' lang='lat'>]&#39;</span> <span class='ocrx_word' id='word_1_298' title='bbox 322 2464 397 2497; x_wconf 84' lang='grc' dir='ltr'>ε’στι</span> <span class='ocrx_word' id='word_1_299' title='bbox 414 2464 453 2496; x_wconf 82' lang='grc' dir='ltr'>τὸ</span> <span class='ocrx_word' id='word_1_300' title='bbox 470 2460 540 2497; x_wconf 79' lang='grc' dir='ltr'>κατ’</span> <span class='ocrx_word' id='word_1_301' title='bbox 558 2462 681 2503; x_wconf 82' lang='grc' dir='ltr'>εἰκόνα,</span> <span class='ocrx_word' id='word_1_302' title='bbox 700 2463 744 2498; x_wconf 86' lang='grc' dir='ltr'>ὡς</span> <span class='ocrx_word' id='word_1_303' title='bbox 767 2462 802 2496; x_wconf 83' lang='grc' dir='ltr'>ἐκ</span> <span class='ocrx_word' id='word_1_304' title='bbox 826 2465 927 2507; x_wconf 85' lang='grc' dir='ltr'>τριῶν</span> <span class='ocrx_word' id='word_1_305' title='bbox 943 2463 1002 2496; x_wconf 90' lang='grc' dir='ltr'>τὸν</span> <span class='ocrx_word' id='word_1_306' title='bbox 1018 2461 1196 2506; x_wconf 68' lang='grc' dir='ltr'>ἄνθρωπον</span> <span class='ocrx_word' id='word_1_307' title='bbox 1212 2461 1339 2496; x_wconf 85' lang='grc' dir='ltr'>τούτων</span> <span class='ocrx_word' id='word_1_308' title='bbox 1356 2461 1598 2501; x_wconf 82' lang='grc' dir='ltr'>συνίστασθαι,</span> <span class='ocrx_word' id='word_1_309' title='bbox 1617 2462 1687 2495; x_wconf 84' lang='grc' dir='ltr'>σώ-</span> 
     </span>
     <span class='ocr_line' id='line_1_39' title="bbox 102 2507 1687 2554; baseline -0.001 -11"><span class='ocrx_word' id='word_1_310' title='bbox 102 2524 208 2553; x_wconf 86' lang='grc' dir='ltr'>ματος</span> <span class='ocrx_word' id='word_1_311' title='bbox 233 2508 286 2543; x_wconf 82' lang='grc' dir='ltr'>καῖ</span> <span class='ocrx_word' id='word_1_312' title='bbox 308 2511 426 2554; x_wconf 77' lang='grc' dir='ltr'>ψυχῆς</span> <span class='ocrx_word' id='word_1_313' title='bbox 449 2510 503 2543; x_wconf 87' lang='grc' dir='ltr'>καὶ</span> <span class='ocrx_word' id='word_1_314' title='bbox 527 2511 596 2549; x_wconf 89' lang='grc' dir='ltr'>νοῦ,</span> <span class='ocrx_word' id='word_1_315' title='bbox 621 2509 838 2552; x_wconf 79' lang='grc' dir='ltr'>ἷδιάζοντος’</span> <span class='ocrx_word' id='word_1_316' title='bbox 822 2524 856 2543; x_wconf 90' lang='grc' dir='ltr'>εν</span> <span class='ocrx_word' id='word_1_317' title='bbox 873 2510 1004 2543; x_wconf 82' lang='grc' dir='ltr'>ἑνὼσει.</span> <span class='ocrx_word' id='word_1_318' title='bbox 1034 2522 1087 2542; x_wconf 87' lang='grc' dir='ltr'>και</span> <span class='ocrx_word' id='word_1_319' title='bbox 1105 2508 1133 2542; x_wconf 87' lang='grc' dir='ltr'>εἷ</span> <span class='ocrx_word' id='word_1_320' title='bbox 1154 2508 1240 2542; x_wconf 83' lang='grc' dir='ltr'>ἰ’διον</span> <span class='ocrx_word' id='word_1_321' title='bbox 1256 2509 1314 2552; x_wconf 84' lang='grc' dir='ltr'>τῆς</span> <span class='ocrx_word' id='word_1_322' title='bbox 1331 2510 1391 2542; x_wconf 85' lang='grc' dir='ltr'>τοῦ</span> <span class='ocrx_word' id='word_1_323' title='bbox 1413 2510 1502 2541; x_wconf 84' lang='grc' dir='ltr'>Θεοῦ</span> <span class='ocrx_word' id='word_1_324' title='bbox 1519 2507 1649 2548; x_wconf 86' lang='grc' dir='ltr'>ουσίας,</span> <span class='ocrx_word' id='word_1_325' title='bbox 1667 2507 1687 2551; x_wconf 84' lang='grc' dir='ltr'>ἢ</span> 
     </span>
     <span class='ocr_line' id='line_1_40' title="bbox 103 2554 1686 2601; baseline -0.001 -12"><span class='ocrx_word' id='word_1_326' title='bbox 103 2555 320 2601; x_wconf 82' lang='grc' dir='ltr'>ἀλλότριόν’</span> <span class='ocrx_word' id='word_1_327' title='bbox 303 2570 378 2590; x_wconf 87' lang='grc' dir='ltr'>εστι</span> <span class='ocrx_word' id='word_1_328' title='bbox 395 2558 495 2590; x_wconf 87' lang='grc' dir='ltr'>τοῦτο</span> <span class='ocrx_word' id='word_1_329' title='bbox 512 2557 550 2590; x_wconf 89' lang='grc' dir='ltr'>τὸ</span> <span class='ocrx_word' id='word_1_330' title='bbox 569 2555 756 2601; x_wconf 86' lang='grc' dir='ltr'>ἐμφύσημα</span> <span class='ocrx_word' id='word_1_331' title='bbox 774 2556 821 2590; x_wconf 89' lang='lat' dir='ltr'>D.</span> <span class='ocrx_word' id='word_1_332' title='bbox 840 2555 906 2589; x_wconf 91' lang='lat' dir='ltr'>Ed.</span> <span class='ocrx_word' id='word_1_333' title='bbox 1102 2567 1114 2588; x_wconf 94' lang='lat'>1</span> <span class='ocrx_word' id='word_1_334' title='bbox 1126 2567 1154 2589; x_wconf 92' lang='lat'>1.</span> <span class='ocrx_word' id='word_1_335' title='bbox 1182 2555 1235 2589; x_wconf 85' lang='lat' dir='ltr'>Ita</span> <span class='ocrx_word' id='word_1_336' title='bbox 1252 2555 1391 2599; x_wconf 81' lang='lat' dir='ltr'>reposui</span> <span class='ocrx_word' id='word_1_337' title='bbox 1408 2566 1449 2588; x_wconf 88' lang='lat' dir='ltr'>ex</span> <span class='ocrx_word' id='word_1_338' title='bbox 1466 2554 1624 2598; x_wconf 83' lang='lat' dir='ltr'>margine</span> <span class='ocrx_word' id='word_1_339' title='bbox 1641 2555 1686 2588; x_wconf 95' lang='lat' dir='ltr'>A.</span> 
     </span>
     <span class='ocr_line' id='line_1_41' title="bbox 103 2601 1689 2648; baseline -0.001 -12"><span class='ocrx_word' id='word_1_340' title='bbox 103 2604 227 2648; x_wconf 86' lang='grc' dir='ltr'>κεφαλ.</span> <span class='ocrx_word' id='word_1_341' title='bbox 244 2601 289 2644; x_wconf 81' lang='grc' dir='ltr'>β’.</span> <span class='ocrx_word' id='word_1_342' title='bbox 310 2603 356 2637; x_wconf 93' lang='lat' dir='ltr'>D.</span> <span class='ocrx_word' id='word_1_343' title='bbox 375 2602 441 2636; x_wconf 89' lang='lat' dir='ltr'>Ed.</span> <span class='ocrx_word' id='word_1_344' title='bbox 683 2614 736 2637; x_wconf 87' lang='lat'>12.</span> <span class='ocrx_word' id='word_1_345' title='bbox 762 2601 1110 2646; x_wconf 79' lang='grc' dir='ltr'>ουτως-ζητημάτων</span> <span class='ocrx_word' id='word_1_346' title='bbox 1126 2602 1193 2636; x_wconf 88' lang='lat' dir='ltr'>hoc</span> <span class='ocrx_word' id='word_1_347' title='bbox 1211 2601 1332 2636; x_wconf 82' lang='lat' dir='ltr'>ordine</span> <span class='ocrx_word' id='word_1_348' title='bbox 1349 2601 1393 2635; x_wconf 89' lang='lat' dir='ltr'>A.</span> <span class='ocrx_word' id='word_1_349' title='bbox 1412 2604 1479 2635; x_wconf 85' lang='grc' dir='ltr'>τῶν</span> <span class='ocrx_word' id='word_1_350' title='bbox 1496 2601 1689 2644; x_wconf 82' lang='grc' dir='ltr'>ζητημάτων</span> 
     </span>
     <span class='ocr_line' id='line_1_42' title="bbox 102 2646 1687 2694; baseline -0.001 -12"><span class='ocrx_word' id='word_1_351' title='bbox 102 2654 182 2683; x_wconf 84' lang='lat' dir='ltr'>ante</span> <span class='ocrx_word' id='word_1_352' title='bbox 200 2649 304 2684; x_wconf 77' lang='grc' dir='ltr'>οὕτως</span> <span class='ocrx_word' id='word_1_353' title='bbox 320 2649 519 2694; x_wconf 81' lang='lat' dir='ltr'>transponit</span> <span class='ocrx_word' id='word_1_354' title='bbox 536 2648 603 2684; x_wconf 89' lang='lat' dir='ltr'>Ed.</span> <span class='ocrx_word' id='word_1_355' title='bbox 835 2660 888 2692; x_wconf 88' lang='lat'><strong>14.</strong></span> <span class='ocrx_word' id='word_1_356' title='bbox 914 2651 1147 2694; x_wconf 83' lang='grc' dir='ltr'>στοχαστικοῦ</span> <span class='ocrx_word' id='word_1_357' title='bbox 1165 2649 1207 2682; x_wconf 91' lang='grc' dir='ltr'>Α.</span> <span class='ocrx_word' id='word_1_358' title='bbox 1227 2649 1458 2693; x_wconf 85' lang='grc' dir='ltr'>στοχαστικῆς</span> <span class='ocrx_word' id='word_1_359' title='bbox 1476 2647 1542 2682; x_wconf 83' lang='lat' dir='ltr'>Ed.</span> <span class='ocrx_word' id='word_1_360' title='bbox 1614 2646 1687 2681; x_wconf 83' lang='grc' dir='ltr'>ἀνε-</span> 
     </span>
     <span class='ocr_line' id='line_1_43' title="bbox 102 2694 1687 2741; baseline -0.002 -12"><span class='ocrx_word' id='word_1_361' title='bbox 102 2696 228 2741; x_wconf 85' lang='grc' dir='ltr'>χεσθαι</span> <span class='ocrx_word' id='word_1_362' title='bbox 246 2696 434 2730; x_wconf 85' lang='grc' dir='ltr'>διαπίπτειν</span> <span class='ocrx_word' id='word_1_363' title='bbox 448 2697 506 2729; x_wconf 85' lang='grc' dir='ltr'>τὸν</span> <span class='ocrx_word' id='word_1_364' title='bbox 526 2697 632 2740; x_wconf 84' lang='grc' dir='ltr'>λόγον</span> <span class='ocrx_word' id='word_1_365' title='bbox 647 2695 715 2730; x_wconf 90' lang='lat' dir='ltr'>hoc</span> <span class='ocrx_word' id='word_1_366' title='bbox 733 2695 855 2730; x_wconf 85' lang='lat' dir='ltr'>ordine</span> <span class='ocrx_word' id='word_1_367' title='bbox 872 2696 915 2730; x_wconf 93' lang='lat' dir='ltr'>A.</span> <span class='ocrx_word' id='word_1_368' title='bbox 938 2696 1122 2740; x_wconf 82' lang='grc' dir='ltr'>ἀνέχεσθαι</span> <span class='ocrx_word' id='word_1_369' title='bbox 1139 2698 1220 2740; x_wconf 73' lang='lat' dir='ltr'>post</span> <span class='ocrx_word' id='word_1_370' title='bbox 1236 2697 1343 2740; x_wconf 86' lang='grc' dir='ltr'>λόγον</span> <span class='ocrx_word' id='word_1_371' title='bbox 1369 2694 1558 2728; x_wconf 86' lang='grc' dir='ltr'>διαπίπτειν</span> <span class='ocrx_word' id='word_1_372' title='bbox 1574 2699 1687 2726; x_wconf 84' lang='lat' dir='ltr'>trans-</span> 
     </span>
     <span class='ocr_line' id='line_1_44' title="bbox 103 2740 1689 2787; baseline -0.003 -11"><span class='ocrx_word' id='word_1_373' title='bbox 103 2742 202 2786; x_wconf 85' lang='lat' dir='ltr'>ponit</span> <span class='ocrx_word' id='word_1_374' title='bbox 221 2742 288 2776; x_wconf 88' lang='lat' dir='ltr'>Ed.</span> <span class='ocrx_word' id='word_1_375' title='bbox 426 2751 478 2786; x_wconf 93' lang='lat'><strong>15.</strong></span> <span class='ocrx_word' id='word_1_376' title='bbox 504 2742 560 2776; x_wconf 86' lang='grc' dir='ltr'>εὰν</span> <span class='ocrx_word' id='word_1_377' title='bbox 577 2742 621 2776; x_wconf 92' lang='lat' dir='ltr'>A.</span> <span class='ocrx_word' id='word_1_378' title='bbox 686 2742 827 2787; x_wconf 87' lang='grc' dir='ltr'>φερεται</span> <span class='ocrx_word' id='word_1_379' title='bbox 843 2742 886 2777; x_wconf 92' lang='lat' dir='ltr'>A.</span> <span class='ocrx_word' id='word_1_380' title='bbox 891 2742 937 2776; x_wconf 93' lang='lat' dir='ltr'>D.</span> <span class='ocrx_word' id='word_1_381' title='bbox 956 2742 1125 2787; x_wconf 86' lang='grc' dir='ltr'>φερεσθαι</span> <span class='ocrx_word' id='word_1_382' title='bbox 1142 2742 1270 2775; x_wconf 83' lang='lat' dir='ltr'>retinui</span> <span class='ocrx_word' id='word_1_383' title='bbox 1288 2753 1330 2775; x_wconf 78' lang='lat' dir='ltr'>ex</span> <span class='ocrx_word' id='word_1_384' title='bbox 1348 2740 1416 2775; x_wconf 85' lang='lat' dir='ltr'>Ed.</span> <span class='ocrx_word' id='word_1_385' title='bbox 1532 2748 1603 2784; x_wconf 62' lang='lat' dir='ltr'><strong>›I7.</strong></span> <span class='ocrx_word' id='word_1_386' title='bbox 1628 2753 1689 2772; x_wconf 86' lang='grc' dir='ltr'>ουκ</span> 
     </span>
     <span class='ocr_line' id='line_1_45' title="bbox 104 2786 1689 2846; baseline -0.002 -22.998"><span class='ocrx_word' id='word_1_387' title='bbox 104 2789 172 2833; x_wconf 75' lang='grc' dir='ltr'>ἔφη</span> <span class='ocrx_word' id='word_1_388' title='bbox 189 2791 228 2823; x_wconf 90' lang='grc' dir='ltr'>τὸ</span> <span class='ocrx_word' id='word_1_389' title='bbox 245 2789 383 2834; x_wconf 84' lang='grc' dir='ltr'>γράμμα</span> <span class='ocrx_word' id='word_1_390' title='bbox 400 2789 438 2822; x_wconf 86' lang='grc' dir='ltr'>τὸ</span> <span class='ocrx_word' id='word_1_391' title='bbox 457 2789 546 2833; x_wconf 86' lang='grc' dir='ltr'>ἱερὸν</span> <span class='ocrx_word' id='word_1_392' title='bbox 560 2788 627 2822; x_wconf 93' lang='lat' dir='ltr'>hoc</span> <span class='ocrx_word' id='word_1_393' title='bbox 645 2788 767 2823; x_wconf 83' lang='lat' dir='ltr'>ordine</span> <span class='ocrx_word' id='word_1_394' title='bbox 781 2790 824 2823; x_wconf 90' lang='lat' dir='ltr'>A.</span> <span class='ocrx_word' id='word_1_395' title='bbox 842 2790 901 2823; x_wconf 84' lang='grc' dir='ltr'>οὐκ</span> <span class='ocrx_word' id='word_1_396' title='bbox 918 2789 986 2834; x_wconf 80' lang='grc' dir='ltr'>ἔφη</span> <span class='ocrx_word' id='word_1_397' title='bbox 1000 2795 1079 2846; x_wconf 84' lang='lat' dir='ltr'>post</span> <span class='ocrx_word' id='word_1_398' title='bbox 1098 2789 1187 2832; x_wconf 83' lang='grc' dir='ltr'>ἱερὸν</span> <span class='ocrx_word' id='word_1_399' title='bbox 1200 2794 1244 2823; x_wconf 86' lang='lat' dir='ltr'>tr.</span> <span class='ocrx_word' id='word_1_400' title='bbox 1260 2787 1327 2822; x_wconf 90' lang='lat' dir='ltr'>Ed.</span> <span class='ocrx_word' id='word_1_401' title='bbox 1392 2787 1548 2831; x_wconf 82' lang='grc' dir='ltr'>ἐξηγοῖτο</span> <span class='ocrx_word' id='word_1_402' title='bbox 1566 2786 1689 2830; x_wconf 81' lang='grc' dir='ltr'>σαφῶς</span> 
     </span>
     <span class='ocr_line' id='line_1_46' title="bbox 105 2834 1689 2882; baseline -0.003 -13"><span class='ocrx_word' id='word_1_403' title='bbox 105 2834 172 2869; x_wconf 86' lang='lat' dir='ltr'>hoc</span> <span class='ocrx_word' id='word_1_404' title='bbox 190 2835 311 2869; x_wconf 81' lang='lat' dir='ltr'>ordine</span> <span class='ocrx_word' id='word_1_405' title='bbox 334 2836 373 2869; x_wconf 85' lang='lat' dir='ltr'>A.</span> <span class='ocrx_word' id='word_1_406' title='bbox 595 2836 648 2869; x_wconf 85' lang='grc'>18</span> <span class='ocrx_word' id='word_1_407' title='bbox 671 2835 707 2870; x_wconf 81' lang='grc' dir='ltr'>ἐν</span> <span class='ocrx_word' id='word_1_408' title='bbox 723 2838 769 2882; x_wconf 80' lang='grc' dir='ltr'>τῷ</span> <span class='ocrx_word' id='word_1_409' title='bbox 787 2837 846 2880; x_wconf 87' lang='grc' dir='ltr'>τῆς</span> <span class='ocrx_word' id='word_1_410' title='bbox 863 2849 1085 2879; x_wconf 88' lang='grc' dir='ltr'>κοσμοποιιας</span> <span class='ocrx_word' id='word_1_411' title='bbox 1101 2836 1216 2880; x_wconf 79' lang='grc' dir='ltr'>βιβλῳ</span> <span class='ocrx_word' id='word_1_412' title='bbox 1233 2834 1423 2880; x_wconf 80' lang='grc' dir='ltr'>γέγραπται</span> <span class='ocrx_word' id='word_1_413' title='bbox 1440 2834 1483 2866; x_wconf 92' lang='lat' dir='ltr'>A.</span> <span class='ocrx_word' id='word_1_414' title='bbox 1500 2845 1689 2877; x_wconf 79' lang='grc' dir='ltr'>γεγραπται</span> 
     </span>
    </p>
   </div>
   <div class='ocr_carea' id='block_1_19' title="bbox 104 2871 1689 2973">
    <p class='ocr_par' dir='ltr' id='par_1_19' title="bbox 104 2871 1689 2973">
     <span class='ocr_line' id='line_1_47' title="bbox 104 2871 1689 2961; baseline -0.003 -46"><span class='ocrx_word' id='word_1_415' title='bbox 104 2895 193 2961; x_wconf 50' lang='lat' dir='ltr'>{nli</span> <span class='ocrx_word' id='word_1_416' title='bbox 156 2884 203 2927; x_wconf 83' lang='grc' dir='ltr'>τῷ</span> <span class='ocrx_word' id='word_1_417' title='bbox 219 2882 347 2928; x_wconf 80' lang='grc' dir='ltr'>βιβλίῳ</span> <span class='ocrx_word' id='word_1_418' title='bbox 365 2883 423 2926; x_wconf 85' lang='grc' dir='ltr'>τῆς</span> <span class='ocrx_word' id='word_1_419' title='bbox 441 2881 667 2926; x_wconf 81' lang='grc' dir='ltr'>κοσμογονίας</span> <span class='ocrx_word' id='word_1_420' title='bbox 684 2871 760 2916; x_wconf 88' lang='lat' dir='ltr'>Ed.</span> <span class='ocrx_word' id='word_1_421' title='bbox 957 2893 1011 2927; x_wconf 91' lang='lat'>19.</span> <span class='ocrx_word' id='word_1_422' title='bbox 1038 2883 1056 2915; x_wconf 88' lang='grc' dir='ltr'>ὁ</span> <span class='ocrx_word' id='word_1_423' title='bbox 1073 2887 1296 2926; x_wconf 85' lang='lat' dir='ltr'>assumptum</span> <span class='ocrx_word' id='word_1_424' title='bbox 1313 2892 1354 2915; x_wconf 85' lang='lat' dir='ltr'>ex</span> <span class='ocrx_word' id='word_1_425' title='bbox 1372 2880 1414 2913; x_wconf 90' lang='lat' dir='ltr'>A.</span> <span class='ocrx_word' id='word_1_426' title='bbox 1420 2879 1479 2919; x_wconf 65' lang='lat' dir='ltr'>D„</span> <span class='ocrx_word' id='word_1_427' title='bbox 1498 2878 1639 2912; x_wconf 82' lang='lat' dir='ltr'>exhibet</span> <span class='ocrx_word' id='word_1_428' title='bbox 1655 2883 1689 2911; x_wconf 84' lang='lat' dir='ltr'>et</span> 
     </span>
     <span class='ocr_line' id='line_1_48' title="bbox 147 2940 238 2973; baseline 0.025 -12"><span class='ocrx_word' id='word_1_429' title='bbox 147 2940 238 2973; x_wconf 76' lang='lat' dir='ltr'><strong>lgne.</strong></span> 
     </span>
    </p>
   </div>
   <div class='ocr_carea' id='block_1_20' title="bbox 1747 1679 1888 1753">
    <p class='ocr_par' dir='ltr' id='par_1_20' title="bbox 1747 1679 1888 1753">
     <span class='ocr_line' id='line_1_49' title="bbox 1747 1679 1888 1711; baseline 0.014 -2"><span class='ocrx_word' id='word_1_430' title='bbox 1747 1679 1801 1711; x_wconf 84' lang='lat' dir='ltr'>Es.</span> <span class='ocrx_word' id='word_1_431' title='bbox 1821 1679 1888 1711; x_wconf 76' lang='lat' dir='ltr'><strong>xxi,</strong></span> 
     </span>
     <span class='ocr_line' id='line_1_50' title="bbox 1751 1733 1799 1753; baseline 0 0"><span class='ocrx_word' id='word_1_432' title='bbox 1751 1733 1799 1753; x_wconf 78' lang='lat'>12.</span> 
     </span>
    </p>
   </div>
  </div>
 </body>
</html>
