2012 3272
42 606 63 644 5

18 1018 63 1043 10

17 1422 61 1459 15

15 1872 62 1897 20

479 151 635 193 RESP.
668 151 750 192 AD
781 151 893 192 TIB.
928 150 1277 192 SOCIOSQUE.
1588 153 1671 192 597

87 260 363 326 Μονογενὴς
401 266 484 311 τοῦ
511 264 636 312 Θεοῦ
663 258 835 327 Λόγος,
865 262 940 311 καὶ
980 259 1282 325 ἀγριαίνοντα
1321 262 1404 323 τῆς
1444 260 1673 325 ἁμαρτίας

84 342 166 394 τὸν
208 342 351 407 νόμον
392 342 474 393 τὸν
514 344 562 393 ἐν
596 347 694 396 τοῖς
734 340 935 405 με’λεσιν
966 342 1098 405 ἡμῶν
1130 343 1212 391 οὐκ
1253 341 1318 392 ε”τι
1358 340 1674 392 νεανιεύεσθαι

84 427 414 493 συγκεχώρηκε
455 426 560 476 καθ’
590 425 738 489 ἡμῶν.
795 427 870 475 καὶ
909 430 1047 476 τοῦτο
1087 423 1262 492 διδάξει
1302 427 1476 491 σαφῶς
1503 424 1528 473 ὁ
1553 446 1673 474 παν-

84 507 277 573 άριστος
305 511 500 560 Παῦλος
532 506 735 573 γράφων
777 514 803 536 “
824 506 895 557 Τὸ
931 505 1024 572 γὰρ
1051 504 1282 556 ἀδύνατον
1308 510 1391 556 τοῦ
1430 503 1594 569 νόμου,
1626 506 1674 555 ἐν

84 597 111 619 “
137 587 174 659 ᾧ
199 587 384 653 ἠσθένει
419 586 494 638 διὰ
519 591 601 651 τῆς
627 586 820 653 σαρκὸς,
847 589 872 638 ὁ
901 587 1023 641 Θεὸς
1048 586 1131 638 τὸν
1158 588 1324 637 ἑαυτοῦ
1352 585 1451 638 υἱὸν
1477 586 1675 655 πέμψας

85 678 112 701 “
137 673 185 722 ἐν
213 670 470 734 ὁμοιώματι
491 668 671 734 σαρκὸς
697 670 925 735 ἁμαρτίας
952 671 1029 720 καὶ
1055 671 1161 735 περὶ
1186 669 1415 735 ἁμαρτίας
1440 668 1676 734 κατέκρινε
1695 693 1716 719 e

85 761 111 783 ‘⁶
138 752 223 816 τὴν
257 752 489 818 ἁμαρτίαν
531 753 578 802 ἐν
620 754 679 819 τῇ
723 753 883 817 σαρκὶ,
921 752 997 802 ἵνα
1037 751 1092 802 τὸ
1137 751 1366 815 δικαίωμα
1406 756 1489 802 τοῦ
1533 749 1678 814 νόμου

84 842 111 864 “
137 836 372 901 πληρωθῇ
404 835 452 884 ἐν
480 834 589 897 ἡμῖν
618 838 714 887 τοῖς
740 832 805 898 μὴ
833 833 952 884 κατὰ
979 833 1137 900 σάρκα
1162 838 1519 899 περιπατοῦσιν,
1546 832 1678 883 ἀλλὰ

84 924 111 947 “
136 915 255 967 κατὰ
273 916 502 973 πνεῦμα.”
545 914 863 980 περιεσόμεθα
883 917 1039 967 τοίνυν
1056 920 1151 966 τῶν
1172 915 1395 983 ἐμφύτων
1412 914 1678 979 κινημάτων

85 999 167 1050 οὐκ
192 1002 252 1052 εἰς
278 996 421 1056 ἅπαν,
452 996 555 1048 οὐδὲ
592 999 846 1052 ὁλοτελῶς·
901 997 1149 1064 τετήρηται
1175 997 1269 1064 γὰρ
1292 1003 1429 1048 τοῦτο
1455 999 1514 1065 τῇ
1541 1020 1671 1060 παμ-

82 1079 292 1148 μακαρίᾳ
318 1079 410 1147 ζωῇ
442 1083 499 1147 τῇ
535 1078 734 1131 ε”σεσθαι
766 1081 1139 1148 προσδοκωμένῃ
1170 1079 1288 1131 κατὰ
1314 1080 1397 1131 τὸν
1424 1083 1568 1130 αἰῶνα.
1594 1078 1678 1129 τὸν

82 1161 342 1226 μέλλοντα·
405 1161 642 1225 δυνάμεθα
687 1162 735 1213 δὲ
784 1162 1215 1229 κατανδραίζεσθαι,
1258 1165 1333 1213 καὶ
1374 1160 1677 1226 ἐπιπλήττειν

82 1249 178 1298 τοῖς
216 1246 299 1308 τῆς
333 1243 514 1310 σαρκὸς
551 1243 793 1308 κινήμασι,
824 1248 950 1296 Θεοῦ
976 1245 1383 1311 συμπράττοντος,
1410 1247 1485 1295 καὶ
1511 1243 1598 1307 τὴν
1624 1244 1680 1313 ἐξ

1736 520 1832 550 Rom.

1737 564 1805 594 viii.
1824 573 1852 603 3,
1867 576 1897 602 4.

83 1327 234 1394 ὕψους
272 1326 382 1390 ἡμῖν
413 1332 730 1393 χορηγοῦντος
765 1326 979 1389 δύναμιν.
1036 1329 1111 1378 καὶ
1151 1328 1379 1393 ἁδροτέρα
1419 1326 1504 1389 μὲν
1545 1328 1826 1378 ε’στῖναὸὃο
1846 1344 1895 1377 Α.

82 1411 130 1460 ἐν
155 1414 251 1463 τοῖς
274 1411 567 1478 ῥᾳθυμοῦσιν
592 1410 619 1473 ἡ
647 1410 879 1472 ἐπιθυμία,
907 1412 982 1460 καὶ
1008 1409 1105 1460 οἷον
1132 1408 1566 1478 κατεξουσιάζουσα
1592 1412 1676 1473 τῆς

82 1492 235 1542 αὐτῶν
260 1492 468 1557 καρδίας·
520 1491 721 1557 ἀδρανὴς
749 1491 796 1542 δὲ
836 1493 912 1542 καὶ
946 1492 1118 1560 ῥᾳδίως
1145 1492 1458 1556 ἐπιτιμωμε’νη
1486 1493 1562 1542 καὶ
1594 1493 1669 1542 ε’κ-

81 1574 356 1639 πεμπομένη
383 1579 465 1624 τοῦ
499 1579 579 1624 νοῦ
607 1575 655 1624 ἐν
680 1579 776 1628 τοῖς
815 1573 897 1624 τὸν
923 1578 1047 1625 θεῖον
1073 1573 1237 1641 ε”χουσι
1277 1574 1448 1642 φόβον.
1502 1573 1674 1640 γε’γρα-

80 1678 195 1706 πται
232 1655 327 1722 γὰρ
366 1655 437 1707 ὅτι
478 1656 552 1706 “ὁ
592 1654 745 1723 φόβος
784 1655 961 1722 Κυρίου
1001 1655 1186 1721 ἁγνὸς,”
1223 1655 1482 1720 τουτέστιν,
1522 1657 1669 1722 ἁγνο-
1734 1666 1789 1697 ΡΞ·
1807 1667 1897 1698 xviii.

81 1736 227 1790 ποιός.

1739 1719 1787 1740 10.

1691 1820 1711 1840 a
1729 1817 1789 1851 393
1808 1811 1852 1843 A·

84 1860 190 1913 Πρὸς
220 1861 309 1904 τοὺς
340 1860 535 1914 λέγοντας
567 1863 615 1902 Εἰ
650 1861 851 1915 ἐνεδέχετο
884 1863 1103 1913 ἁμαρτῆσαι
1135 1862 1309 1914 Χριστὸν
1340 1861 1569 1915 φορέσαντα
1602 1862 1672 1913 τὴν
1694 1864 1769 1906 IF'.

499 1936 687 1986 ὁμοίωσιν
707 1938 774 1976 τοῦ
793 1934 920 1987 Ἀδὰμ
941 1937 1003 1976 διὰ
1023 1935 1093 1987 τὴν
1114 1935 1256 1988 σάρκα.

699 2055 1049 2093 ΕΠΙΛΎΣΙΣ.

154 2152 404 2204 Ἀσύνετοι
446 2153 493 2204 δὲ
533 2158 781 2208 παντελῶς
823 2158 866 2205 οἱ
906 2157 982 2205 καὶ
1020 2153 1163 2205 αὐτὸν
1200 2157 1551 2219 πλημμελῆσαι
1589 2154 1673 2206 τὸν

133 2288 163 2312 Ι.
188 2279 247 2311 τοῦ
267 2278 355 2311 Θεοῦ
373 2278 483 2322 Λόγος
499 2276 567 2312 hoc
584 2277 706 2312 ordine
724 2277 815 2313 A.C.
893 2281 951 2323 τῆς
976 2279 1140 2324 ἁμαρτίας
1162 2281 1221 2314 τὸν
1237 2282 1339 2324 νόμον
1355 2280 1422 2314 hoc
1440 2280 1562 2314 ordine
1580 2280 1671 2315 A.C.

82 2325 141 2359 τὸν
159 2325 260 2368 νόμον
276 2325 334 2367 τῆς
350 2323 513 2368 ἁμαρτίας
531 2323 598 2358 Ed.
834 2336 867 2369 3.
894 2328 1132 2372 συγκεχώρηκε
1150 2326 1228 2361 καθ’
1246 2326 1340 2370 ἡμῶν
1356 2327 1423 2362 hoc
1440 2327 1562 2361 ordine
1580 2327 1670 2363 A.C.

82 2383 116 2413 4.
140 2370 435 2415 γράφων-νόμου
452 2370 519 2404 hoc
537 2370 659 2404 ordine
677 2370 766 2405 A.C.
784 2373 931 2417 γράφων
948 2379 1027 2417 post
1044 2375 1146 2417 νόμου
1164 2374 1362 2418 transponit
1380 2374 1447 2409 Ed.
1544 2383 1578 2419 5.
1605 2376 1671 2408 ‹5—

81 2417 223 2462 πέμψας
240 2417 307 2451 hoc
325 2417 446 2451 ordine
464 2416 554 2451 A.C.
572 2419 590 2451 ὁ
609 2419 694 2454 Θεὸς
711 2424 791 2463 post
808 2419 950 2465 πέμψας
970 2421 1168 2464 transponit
1187 2420 1253 2454 Ed.
1443 2421 1477 2455 8.
1503 2421 1669 2465 πληρωθῇ

84 2464 118 2498 ἐν
135 2464 213 2508 ἡμῖν
230 2463 296 2497 hoc
314 2463 435 2497 ordine
452 2463 543 2498 A.C.
768 2476 801 2509 9.
827 2466 1079 2511 περιγενώμεθα
1098 2466 1140 2501 C.
1367 2477 1419 2501 10.
1445 2467 1671 2511 τετήρηται-

83 2511 148 2554 ζωῇ
167 2510 234 2544 hoc
251 2510 373 2544 ordine
390 2510 478 2545 A.C.
496 2512 596 2545 τοῦτο
612 2511 679 2557 γὰρ
696 2513 735 2555 τῇ
753 2526 790 2546 π.
809 2512 873 2556 ζωῇ
892 2512 1068 2557 τετήρηται
1087 2513 1153 2547 Ed.
1316 2524 1370 2548 11.
1394 2514 1540 2548 ἔσεσθαι
1556 2528 1669 2558 προσ-

83 2556 252 2601 δοκωμένῃ
270 2556 336 2590 hoc
354 2556 476 2591 Ordine
493 2557 581 2592 A.C.
677 2569 730 2592 12.
758 2558 1058 2602 κατανδραΐζεσθαι
1077 2560 1172 2594 A.D.
1191 2560 1283 2594 Vulc
1303 2587 1310 2596 .
1329 2560 1607 2606 κατανδρίζεσθαι
1627 2561 1669 2595 C.

83 2603 372 2647 κατανδρίσασθαι
391 2603 458 2637 Ed.
530 2603 748 2648 ἐπιπλήττειν
763 2607 834 2640 τοῖς
850 2607 908 2650 τῆς
926 2607 1052 2650 σαρκὸς
1069 2606 1135 2641 hoc
1153 2606 1275 2641 ordine
1292 2607 1382 2642 A.C.
1511 2617 1561 2652 15.
1590 2621 1669 2642 κατ-

83 2650 332 2692 εξουσιάζουσα
348 2651 406 2693 τῆς
422 2651 530 2684 αὐτῶν
547 2650 614 2685 hoc
632 2651 754 2685 ordine
771 2652 861 2686 A.C.
962 2652 1016 2687 16.
1042 2653 1195 2697 ἀδρανεῖς
1214 2653 1295 2698 (Sic)
1317 2653 1358 2687 C.
1467 2662 1521 2698 17.
1547 2654 1669 2699 ἔχουσι

83 2697 198 2741 φόβον
226 2696 293 2730 hoc
320 2696 442 2730 ordine
468 2696 557 2730 A.C.
621 2697 747 2732 Statim
776 2698 964 2743 γέγραπται
990 2699 1056 2744 γὰρ
1086 2699 1175 2734 A.C.
1208 2702 1262 2734 καὶ
1289 2700 1355 2745 γὰρ
1384 2699 1572 2746 γέγραπται
1600 2699 1670 2734 Ed.

86 2743 140 2777 18.
167 2744 280 2787 φόβος
298 2741 378 2776 CJ'.
397 2743 497 2786 νόμος
515 2742 582 2777 Ed.
634 2743 758 2778 Statim
776 2747 836 2779 τοῦ
853 2745 950 2779 addit
969 2746 1009 2780 C.
1060 2746 1116 2780 De
1133 2747 1178 2781 A.
1196 2746 1283 2780 nihil
1299 2747 1429 2782 notavi.
1535 2756 1591 2780 20.
1618 2744 1668 2779 11¹¹

83 2789 223 2834 reposui
241 2800 259 2822 e
276 2794 312 2822 Γ.
331 2789 383 2822 ΙΒ’
401 2789 542 2823 exhibet
558 2790 591 2823 A
608 2802 680 2835 mg.
883 2803 938 2826 22.
964 2792 1122 2828 ἐπίλυσις
1139 2793 1279 2837 reposui
1296 2805 1314 2827 e
1332 2799 1368 2828 Γ.
1386 2794 1510 2839 κεφαλ.
1529 2807 1582 2837 κγ.
1599 2792 1668 2827 Ed.

86 2845 141 2879 23.
167 2837 468 2879 πλημμελῆσαι-
484 2836 757 2880 ὑποτοπήσαντες
775 2837 819 2872 A.
846 2839 905 2872 οὐκ
930 2836 991 2873 οἶδ’
1011 2838 1102 2875 ὅπως
1126 2840 1184 2874 τὸν
1211 2841 1362 2885 Χριστὸν
1393 2838 1670 2883 ὑποτυπήσαντες

86 2894 330 2937 πλημμελῆσαι
354 2892 519 2927 δύνασθαι
546 2893 613 2928 Ed.
641 2894 725 2929 Post
750 2895 1026 2940 ὑποτοπήσαντες
1058 2904 1127 2955 (53
1166 2905 1227 2937 ³3
1264 2896 1398 2934 zu<
1425 2890 1535 2938 ..δῷ
1572 2877 1667 2935 d

88 2945 289 3015 (οιῖᾲ-Ζῧᾶ
317 2958 487 2997 ΓΕΔ-ικ
506 2960 627 3006 (τούκ
645 2958 720 2996 οἶδα
737 2961 803 3007 ἐγὼ
822 2962 859 3006 ἐξ
877 2962 916 2997 οὗ
934 2962 1136 3008 ἐκνεύοντες)
1156 2969 1191 2999 Γ.
