2017 3252
325 136 410 174 554
766 134 814 174 Β.
849 134 1093 174 CYRILLI
1125 134 1469 174 ALEXANDR.

280 251 306 290 b
327 240 375 291 δὲ
407 240 606 307 μέτοχον
643 241 1032 306 ἀποδεδειγμένον
1056 247 1139 291 τοῦ
1173 242 1296 292 θείου
1325 242 1599 305 Πνεύματος
1626 241 1650 292 δ
1678 243 1752 292 καὶ
1779 243 1902 292 ἀπο-

102 328 185 359 Gssfl-
203 327 246 357 Vi·
325 322 562 385 βέβληκεν
590 321 665 372 διὰ
699 321 783 385 τὴν
810 323 1055 385 ἁμαρτίαν.
1108 322 1199 389 ἔφη
1235 321 1328 387 γὰρ
1363 345 1455 374 που
1482 325 1506 374 ὁ
1533 322 1654 376 &eds
1681 322 1751 374 ὅτι
1786 329 1812 353 “
1831 323 1906 373 Οὐ

104 381 134 411 3⁹
328 409 354 432 ‘⁶
380 402 443 465 μὴ
479 404 731 470 καταμείνῃ
769 402 823 453 τὸ
853 403 1046 466 Πνεῦμά
1079 426 1169 466 μου
1204 405 1252 453 ἐν
1291 408 1385 457 τοῖς
1424 404 1686 469 ἀνθρώποις
1726 403 1907 456 τούτοις

328 491 355 513 “
381 484 456 534 διὰ
498 484 551 534 τὸ
590 482 703 534 εἶναι
737 483 902 536 αὐτοὺς
941 483 1163 549 σάρκας,”
1201 484 1429 546 τουτέστι,
1465 483 1585 548 μόνα
1624 489 1816 553 φρονεῖν
1848 483 1907 535 τὰ

109 628 156 649 ω’
328 645 635 696 λαιώσασθαι
672 644 731 696 τὰ
764 644 919 697 πάντα
957 647 1006 696 ἐν
1032 650 1098 714 τῷ
1124 650 1343 715 Χριστῷ,
1373 647 1617 697 τουτέστιν
1643 650 1704 701 εἷς
1738 646 1792 697 τὸ
1827 648 1906 711 ἀρ-

329 731 463 794 χαῖον
495 729 762 793 ἀναγαγεῖν,
787 727 841 778 τὸ
877 726 1097 778 ἀποπτὰν
1124 730 1198 778 καὶ
1231 729 1564 796 ἀποφοιτῆσαν
1589 728 1720 791 ἡμῶν
1737 725 1910 793 ”Αγιον

289 828 310 854 e
332 812 526 871 Πνεῦμα
574 807 721 860 πάλιν
766 809 876 872 ἡμῖν
919 810 1270 867 ἀποκαθιστῶν,
1316 815 1455 860 τοῦτο
1498 808 1766 877 ἐνεφύσησε
1816 812 1911 860 τοῖς

328 890 477 954 ἁγίοις
516 888 819 952 ἀποστόλοις,
853 889 1006 955 λέγων
1044 896 1070 919 ‘⁶
1098 889 1282 950 Λάβετε
1319 894 1514 954 Πνεῦμα
1533 888 1750 955 “Ἀγιον.”
1795 891 1909 939 ἀνα-

329 971 495 1024 νέωσις
537 970 631 1036 γὰρ
673 974 757 1035 τῆς
801 970 998 1038 ἀρχαίας
1036 972 1207 1034 ἐκείνης
1246 974 1433 1038 δωρεᾶς,
1471 972 1547 1022 καὶ
1581 977 1664 1022 τοῦ
1698 970 1911 1022 δοθέντος

328 1053 437 1116 ἡμῖν
478 1051 831 1121 ἐμφυσήματος,
875 1051 929 1102 τὸ
980 1052 1055 1102 διὰ
1099 1056 1316 1118 Χριστοῦ
1359 1053 1564 1118 γέγονεν,
1608 1055 1912 1120 ἀναμορφοῦν

329 1134 449 1197 ἡμᾶς
469 1137 531 1186 εἰς
556 1131 796 1199 ἁγιασμόν
816 1132 900 1184 τὸν
925 1138 1127 1199 πρῶτον,
1148 1136 1223 1184 καὶ
1250 1134 1527 1200 ἀνακομίζον
1552 1132 1637 1198 τὴν
1663 1133 1914 1199 ἀνθρώπου

331 1215 493 1283 φύσιν,
519 1217 581 1268 ὡς
607 1216 655 1265 ἐν
678 1216 871 1282 ἀπαρχῇ
903 1219 997 1269 τοῖς
1024 1215 1172 1280 ἁγίοις
1207 1213 1510 1277 ἀποστόλοις,
1536 1218 1598 1269 εἷς
1628 1214 1711 1266 τὸν
1737 1213 1914 1265 ἄνωθεν

331 1298 406 1347 καὶ
431 1297 479 1347 ἐν
504 1296 669 1365 πρώτῃ
695 1298 964 1363 κατασκευῇ
992 1296 1186 1347 δοθέντα
1213 1296 1322 1360 ἡμῖν
1347 1295 1604 1362 ἁγιασμόν.

109 1389 228 1430 [371ιὶ
243 1388 311 1482 ss']
333 1439 382 1478 E,
416 1437 432 1454 el
603 1438 614 1453 X
720 1438 729 1453 2
778 1439 789 1454 ⁵
826 1439 835 1454 Ι
964 1438 975 1455 Χ
1008 1438 1027 1479 ἕ
1198 1438 1209 1453 Χ
1298 1438 1338 1478 θ’
1368 1439 1378 1453 t
1573 1438 1589 1451 'R
1675 1437 1685 1452 θ
1727 1439 1736 1453 Ι
1764 1452 1772 1462 .
1903 1438 1912 1453 N

305 1475 312 1483 ,
370 1456 381 1479 ι
413 1455 547 1490 ετερον
574 1456 618 1479 το
649 1456 719 1479 κατ
755 1456 883 1480 εικονα
915 1456 977 1479 και
1029 1455 1140 1491 τερον
1170 1456 1214 1478 το
1247 1455 1294 1478 κα
1360 1440 1545 1489 ομοίωσιν
1569 1456 1592 1488 η
1618 1455 1759 1479 rav-rot)
1815 1443 1914 1489 φασι

105 888 136 918 S.
152 888 251 918 Jmin.

105 942 149 961 xx
181 940 195 960 2
203 941 229 961 2.

409 1514 493 1565 γὰρ,
514 1514 573 1553 ὅτι
603 1512 646 1552 τὸ
675 1512 749 1563 μέν
772 1512 868 1552 Κατ’
892 1513 1023 1553 εἰκόνα
1055 1513 1258 1563 ἐλάβομεν
1289 1512 1399 1554 εὐθὺς
1427 1512 1658 1560 κτισθέντες,
1682 1511 1725 1551 τὸ
1748 1510 1790 1552 δέ
1810 1511 1911 1552 Καθ’

409 1587 605 1636 ὁμοίωσιν,
632 1586 689 1635 οὔ,
722 1585 925 1636 τετήρηται
955 1587 997 1625 δὲ
1029 1584 1116 1637 παρ’
1149 1586 1239 1637 ἡμῖν
1270 1587 1324 1628 εἷς
1353 1587 1473 1625 αἰῶνα
1501 1584 1569 1625 τὸν
1589 1585 1798 1636 μέλλοντα.
1842 1583 1914 1634 διὸ,

109 1663 270 1713 {fidorum
409 1659 519 1711 φησὶ,
538 1658 756 1711 γέγραπται
784 1664 809 1681 “
822 1658 950 1699 ’Ὀταν
972 1660 992 1698 6
1008 1658 1178 1710 Χριστὸς
1199 1659 1418 1714 φανερωθῇ,
1437 1659 1560 1709 ὅμοιοι
1579 1659 1680 1713 αὐτῷ
1702 1657 1914 1709 ἐσόμεθα.”

107 1716 194 1780 16116112]
208 1749 229 1780 i,
294 1763 315 1789 e
410 1734 470 1773 καὶ
492 1731 614 1773 πάλιν
636 1734 795 1785 εἴρηται,
818 1733 940 1785 φησίν
962 1737 985 1754 “
1006 1732 1242 1783 Ποιήσωμεν
1263 1733 1466 1784 ἄνθρωπον
1493 1732 1571 1772 κατ’
1596 1732 1726 1772 εἰκόνα
1748 1732 1811 1772 καὶ
1833 1735 1914 1772 καθ’

113 1792 162 1824 ²6·
411 1810 433 1828 “
452 1807 638 1856 ὁμοίωσιν
657 1804 890 1857 ἡμετέραν,”
913 1806 973 1846 καὶ
993 1807 1089 1857 μετὰ
1109 1805 1180 1856 τὴν
1201 1809 1268 1846 τοῦ
1290 1806 1495 1857 ἀνθρώπου
1519 1805 1769 1857 δημιουργίαν
1790 1806 1914 1857 εἴρηκε

110 1898 230 1937 1b‚27‚
411 1883 434 1901 “
454 1878 527 1918 Καὶ
559 1878 741 1928 ἐποίησεν
769 1880 789 1918 6
813 1878 915 1921 Θεὸς
946 1878 1014 1919 τὸν
1045 1879 1264 1930 ἄνθρωπον,
1299 1877 1379 1918 κατ’
1403 1878 1535 1918 εἰκόνα
1566 1879 1704 1918 ἑαυτοῦ
1731 1879 1916 1927 ἐποίησεν

409 1956 433 1975 “
453 1951 609 2001 αὐτὸν,”
644 1951 847 2002 σιωπήσας
889 1953 1056 1992 ἐνταῦθα
1091 1952 1136 1991 τό
1172 1951 1272 1992 Καθ’
1310 1952 1510 2003 ὁμοίωσιν,
1548 1951 1612 1991 ἵνα
1652 1952 1765 2006 δείξῃ,
1803 1951 1914 2002 φησὶ,

408 2023 521 2075 μήπω
542 2025 639 2077 ἡμᾶς
670 2028 782 2066 τοῦτο
810 2024 1004 2078 δεδέχθαι,
1027 2027 1258 2077 τετηρῆσθαι
1280 2026 1321 2065 δὲ
1345 2025 1437 2075 ἡμῖν
1459 2026 1502 2065 ἐν
1522 2026 1566 2075 τῇ
1592 2024 1759 2078 μακαρίᾳ
1788 2025 1915 2079 ἐκείνῃ

412 2099 501 2154 ζωῇ·

385 2211 414 2235 1.
439 2199 827 2244 μέτοχον--Πνεὺματος
851 2200 918 2235 1100
936 2200 1056 2234 ordine
1074 2201 1117 2234 A.
1141 2201 1200 2234 τοῦ
1226 2200 1317 2235 θείου
1340 2199 1530 2243 πνεύματος
1553 2199 1833 2244 ἀποδεδειγμένον
1856 2198 1913 2242 με’-

333 2261 437 2291 τοχον
455 2246 521 2280 Ed.
595 2246 812 2290 ἀποβέβληκε
839 2247 893 2281 διὰ
914 2247 974 2290 τὴν
989 2247 1152 2291 ἁμαρτίαν
1169 2247 1235 2281 hoc
1254 2247 1375 2280 ordine
1393 2247 1435 2280 A.
1454 2246 1691 2289 ἀποβέβληκεν
1711 2252 1791 2290 post
1808 2245 1913 2289 ἁμαρ-

333 2293 407 2326 τίαν
425 2293 621 2337 transponit
641 2293 707 2327 Ed.
946 2305 978 2328 2.
1005 2296 1023 2327 ὁ
1041 2300 1263 2337 assumptum
1281 2305 1322 2326 ex
1340 2296 1383 2326 A.
1606 2303 1639 2336 3.
1666 2292 1852 2336 καταμείνει
1869 2292 1913 2324 Α.

334 2352 367 2381 4.
392 2338 449 2383 τὰ]
473 2343 510 2379 -1-
531 2340 589 2382 τῆς
608 2339 674 2373 Ed.
979 2349 1012 2384 5.
1039 2340 1152 2383 ἐπειδὴ
1171 2340 1213 2373 Α.
1220 2340 1265 2373 D.
1285 2339 1419 2373 επειδὰν
1436 2338 1502 2373 Ed.
1574 2339 1915 2381 ηὐδόκησεν-πάντα

333 2386 401 2418 hoc
425 2385 546 2419 ordine
563 2387 607 2419 A.
626 2385 812 2429 ηυδόκησεν
837 2391 916 2429 post
941 2387 1049 2420 πάντα
1066 2386 1270 2438 transponit
1290 2386 1355 2419 Ed.
1428 2386 1610 2427 ευδόκησεν
1629 2385 1674 2417 D.
1748 2382 1875 2428 πατὴρ]
1896 2386 1914 2417 ὁ

333 2431 443 2474 πατὴρ
461 2431 504 2465 Α
764 2432 797 2466 6.
823 2434 869 2478 τῷ
888 2432 985 2477 prius
1003 2433 1186 2474 omissum,
1204 2432 1239 2465 in
1257 2432 1413 2475 margine
1431 2431 1568 2475 supplet
1585 2442 1710 2464 manus
1729 2429 1849 2463 eadem
1866 2431 1912 2464 A.

334 2496 510 2530 τουτέστιν
528 2496 570 2530 A.
589 2498 691 2540 ἤγουν
709 2496 775 2530 Ed.
994 2506 1025 2541 7.
1051 2511 1104 2530 και
1121 2495 1391 2540 ἀποφοιτῆσαν(
1376 2499 1466 2538 ημῶν
1487 2486 1579 2540 [ἡμιν
1596 2495 1644 2540 Α]
1664 2495 1708 2530 Α.
1728 2494 1819 2538 ἡμῶν
1835 2501 1915 2529 ante

335 2544 389 2577 καὶ
406 2542 602 2585 transponit
622 2542 686 2576 Ed.
905 2543 938 2577 8.
964 2543 1320 2577 τοῦτο--ἀποστόλοις
1337 2542 1359 2574 11
1363 2554 1403 2576 oc
1421 2541 1542 2575 Oldine
1560 2543 1603 2575 A.
1621 2544 1691 2576 τοῖς
1706 2541 1814 2586 ἁγίοις
1830 2542 1914 2576 ἀπο-

336 2590 476 2623 στόλοις
493 2588 688 2632 ἐνεφύσησε
706 2591 806 2622 τοῦτο
829 2588 892 2623 Ed.
1157 2599 1209 2623 12.
1234 2588 1403 2634 ἁγιασμὸν
1420 2589 1478 2622 τὸν
1496 2591 1630 2630 πρῶτον
1647 2587 1713 2622 hoc
1730 2588 1851 2622 ordine
1868 2589 1914 2623 A.

336 2635 541 2677 ἀνακομὶζων
558 2634 647 2679 (sic)
664 2635 708 2668 A.
911 2644 962 2679 15.
990 2634 1031 2679 Γ]
1053 2634 1106 2668 Ita
1124 2635 1166 2669 A.
1359 2645 1411 2677 15,
1431 2634 1483 2668 16.
1512 2634 1608 2668 Haec
1627 2634 1780 2679 Εἶ-γὰρ
1798 2645 1913 2668 acces-

338 2687 459 2715 serunt
476 2693 517 2714 ex
533 2682 574 2714 A.
593 2682 686 2724 Πρὸς
703 2681 780 2716 τοὺς
797 2680 960 2725 λέγοντας
977 2681 1044 2715 Ed.
1246 2680 1298 2714 16.
1324 2681 1421 2715 εὐθὺς
1438 2680 1628 2715 κτισθέντες
1646 2680 1712 2714 hoc
1729 2679 1851 2714 ordine
1870 2681 1913 2714 A.

342 2737 394 2785 17.
421 2729 461 2760 οὔ
479 2728 519 2760 A.
539 2727 690 2770 οὐδαμῶς
709 2727 775 2762 Ed.
848 2727 885 2761 δὲ
901 2739 970 2761 om.
988 2727 1032 2761 A.
1141 2727 1195 2760 18.
1219 2726 1309 2771 φησὶ
1327 2732 1547 2771 assumptum
1564 2739 1605 2760 ex
1624 2727 1667 2760 A.
1766 2738 1820 2770 19.
1846 2727 1913 2771 φη-

338 2775 396 2808 σίν
410 2779 633 2831 assumptum
651 2785 691 2807 ex
710 2773 754 2806 A.
825 2772 1037 2818 ποιήσωμεν]
1063 2776 1098 2812 -4-
1119 2774 1177 2807 τὸν
1195 2773 1261 2807 Ed.
1287 2773 1567 2817 repugnantibus
1592 2773 1686 2808 A.D.
1758 2773 1812 2806 καὶ
1836 2772 1913 2806 καθ’

339 2820 502 2876 ὁίιιιιωσιν
519 2819 682 2864 ἡμετέραν
698 2820 741 2853 A.
761 2819 924 2863 ἡμετέραν
941 2826 1020 2853 ante
1037 2834 1089 2852 και
1107 2820 1305 2864 transponit
1323 2819 1390 2854 Ed.
1589 2830 1645 2853 20.
1671 2818 1779 2863 ε’ίρηκε
1797 2819 1850 2852 καὶ
1868 2819 1912 2853 A.

338 2866 465 2910 εἴρηται
487 2866 550 2899 Ed.
696 2877 749 2899 21.
776 2867 894 2899 ἑαυτοῦ
913 2866 955 2899 A.
960 2866 1005 2899 D.
1025 2866 1125 2899 αυτοῦ
1144 2865 1210 2899 Ε(1.
1383 2877 1437 2901 22.
1463 2866 1553 2910 φησὶ
1569 2871 1791 2910 assumptum
1809 2876 1850 2899 ex
1869 2866 1912 2899 Α.

342 2924 396 2955 23.
421 2912 504 2956 ἡμας
522 2914 621 2945 τοῦτο
638 2912 795 2957 δεδεχθαι
814 2913 879 2946 hoc
897 2924 936 2946 01
939 2912 1017 2946 (11110
1036 2912 1078 2946 A.
1098 2912 1253 2957 δεδέχθαι
1271 2926 1364 2947 τουτο
1388 2912 1472 2956 ημᾶς
1492 2912 1556 2946 Ed.

104 575 228 616 El‘¹¹·i⁴
327 564 521 631 σαρκός.
570 564 725 628 ἐπειδὴ
761 564 809 614 δὲ
848 564 1109 628 ηὐδόκησεν
1148 566 1172 615 ὁ
1212 564 1332 619 Θεὸς
1364 567 1440 616 καὶ
1468 565 1636 631 Πατὴρ
1672 567 1936 633 ἀνακεφα-;
1999 604 2001 606 -

1933 580 1951 616 υἱ

1936 990 1983 1014 10
