2012 3272
122 124 323 177 iii.9-11.
388 123 454 163 IN
493 122 833 163 EPISTOLAM
871 122 903 162 l.
943 122 1024 162 Al)
1061 123 1447 163 CORINTHIOS.
1624 127 1706 164 5259

1799 210 1800 213 =
1832 191 1879 221 M.

459 251 568 292 Θεοῦ
605 250 823 307 ΓεώρΓιον,
861 250 970 291 Θεοῦ
1009 248 1215 298 οἰκοδομή
1252 250 1362 291 ἐστε.
1725 190 1813 313 9[54
1900 191 1914 231 ]

193 352 385 418 Ἐπειδὴ
411 352 623 419 Χριστὸς
649 353 770 416 ἡμᾶς
796 351 1092 421 ἐξηγόρασεν
1118 356 1184 421 τῷ
1210 352 1345 421 τιμίῳ
1373 353 1515 403 αὐτοῦ
1547 353 1705 415 αἵματι

118 434 199 485 τὸν
225 438 307 498 τῆς
339 433 518 502 σαρκὸς
552 433 759 488 ἀνατλὰς
793 432 1010 496 θανατὸν,
1037 439 1119 485 τοῦ
1155 433 1483 500 ἀγοράσαντος
1517 434 1705 488 πάντως

117 515 274 580 ἐσμὲν,
302 517 389 584 οὐχ
427 516 608 582 ἑτέρων,
636 519 672 566 εἰ
712 518 787 566 καὶ
822 515 1079 582 γεγόνασιν
1105 519 1167 569 εἷς
1193 515 1314 578 ἡμᾶς
1340 538 1460 569 τινες
1501 516 1705 567 διιίκονοι

74 617 96 655 5
116 599 191 649 καὶ
218 596 500 648 διαλλάκται
525 599 601 648 καὶ
630 597 818 660 μεσίται
844 599 919 647 καὶ
954 598 1264 663 μυσταγωγοὶ
1303 599 1386 660 τῆς
1423 600 1532 663 παρ’
1562 598 1704 648 αὐτοῦ

116 678 319 747 χάριτος·
374 680 444 730 διὸ
478 680 565 746 οὐχ
597 679 767 744 ἑτέρων
793 677 1115 746 ὀνομαζόμεθα
1149 677 1280 729 ἀλλὰ
1315 677 1461 742 μόνου
1487 683 1705 746 Χριστοῦ

115 760 166 815 ὃς
193 763 268 812 καὶ
295 761 487 829 κυριεύει
513 761 659 824 ἡμῶν.

396 905 478 947 (Ως
517 906 652 961 σοφὸς
691 906 953 963 ἀρχιτέκτων
993 907 1188 954 (θεμέλιον
1228 906 1410 947 τέθεικα.
1726 922 1773 948 10
1789 923 1843 960 sq.

187 1008 381 1072 Ἐπειδὴ
418 1005 544 1059 οἶκον
579 1007 826 1071 ὠνόμασεν
864 1011 988 1059 Θεοῦ
1021 1007 1127 1061 τοῦς
1162 1006 1547 1069 πεπιστευκότας,
1576 1006 1697 1073 θεμέ-

45 1110 94 1135 10
113 1104 202 1142 λιον
234 1089 420 1143 εἰκότως
456 1088 668 1156 ὀνομάζει
702 1089 932 1155 Χριστόν·
986 1092 1062 1141 καὶ
1095 1093 1272 1141 πολλοὶ
1305 1088 1388 1152 μὲν
1420 1088 1701 1140 διδάσκαλοι

112 1171 340 1238 γεγόνασι
382 1171 510 1238 παρὰ
550 1173 827 1237 Κορινθίοις,
861 1172 997 1239 αὐχεῖ
1030 1171 1079 1223 δὲ
1119 1173 1144 1222 ὁ
1186 1175 1382 1224 Παῦλος
1418 1170 1472 1221 τὸ
1513 1175 1700 1236 πρῶτος

110 1251 224 1303 εἶναι
259 1258 353 1304 τῶν
381 1254 560 1316 ἄλλων,
589 1255 662 1304 καὶ
695 1252 792 1304 οἷόν
818 1277 886 1307 τις
913 1253 1104 1320 ἀπαρχὴ
1139 1257 1233 1304 τῶν
1259 1252 1701 1318 εὐαγγελισαμένων

112 1335 267 1389 αὐτοῖς
305 1334 358 1386 τὸ
385 1339 603 1401 Χριστοῦ
640 1334 918 1400 μυστήριον,
957 1334 1005 1388 ὅς
1045 1336 1147 1385 ἐστι
1187 1334 1403 1398 θεμέλιος
1441 1333 1696 1385 ἀκατάσει-

111 1439 241 1478 στος,
268 1416 448 1485 ἀνέχων
472 1416 579 1471 τοὺς
614 1416 1086 1480 ἐποικοδομουμενους
1121 1417 1261 1484 αυτῷ,
1290 1440 1365 1466 και
1402 1439 1538 1469 ναους
1577 1418 1692 1468 ὑπο-

44 1520 90 1558 15
113 1492 306 1566 φαίνων,
334 1498 868 1564 συναρμολογουμενους
903 1521 952 1549 τε
988 1498 1222 1562 ἀλλήλοις
1261 1496 1336 1548 διὰ
1374 1500 1455 1561 τῆς
1493 1500 1697 1552 πίστεως
1717 1510 1768 1585 (ἐξ
1781 1511 1864 1551 Eph-
1880 1511 1911 1542 1¹·

109 1602 184 1630 και
203 1583 262 1648 τῇ
284 1585 368 1630 τοῦ
383 1581 550 1645 Αγίου
570 1579 846 1643 Πνεύματος
863 1580 1018 1647 χάριτι
1044 1582 1390 1643 συμβαίνοντος
1417 1604 1479 1634 εις
1505 1581 1696 1649 ὁμοφυ-

107 1661 229 1728 χί·αν
267 1684 371 1727 περι
407 1663 574 1713 τούτου
607 1667 690 1713 τοῦ
729 1663 947 1725 θεμελιου
982 1662 1238 1730 ἔφασκεν
1219 1685 1244 1712 ο
1273 1660 1395 1715 Θεὸς
1427 1685 1502 1712 και
1532 1662 1699 1728 Πατὴρ

108 1742 183 1793 διὰ
221 1743 470 1813 προφήτου
512 1752 538 1773 “
560 1743 683 1795 Ἰδου
727 1743 818 1809 ἐγὼ
861 1743 1092 1807 ἐμβάλλω
1136 1747 1198 1798 εἷς
1237 1743 1297 1794 τὰ
1339 1740 1535 1807 θεμελια
1575 1743 1699 1795 Σιὼν
1718 1759 1771 1833 {33⁴
1794 1759 1906 1790 xxviii,

107 1831 135 1853 ‘⁶
159 1825 296 1876 λίθον
345 1829 586 1890 πολυτελῆ
639 1827 976 1892 ἀκρογωνιαΐον
1026 1826 1227 1888 ἔντιμον,
1282 1829 1345 1880 εἷς
1394 1848 1452 1876 τα
1503 1824 1699 1888 θεμέλια

40 1927 89 1953 20
108 1913 135 1936 “
160 1908 314 1971 αὐτῆς,
343 1909 418 1958 καὶ
445 1909 469 1958 ὁ
495 1907 735 1959 πιστεύων
761 1907 829 1959 ἐπ’
859 1909 985 1977 αὐτῷ
1012 1909 1065 1958 οὐ
1091 1906 1156 1972 μὴ
1184 1908 1552 1975 καταισχυνθῇ.”

180 1989 445 2040 Τεθεικέναι
478 1991 633 2040 τοίνυν
661 1991 686 2040 ὀ
722 1994 921 2044 Παῦλος
959 1991 1008 2040 εὖ
1046 1989 1179 2053 μάλα
1221 1991 1344 2058 φησι
1380 1989 1463 2040 τὸν
1502 1988 1698 2058 θεμέλιον

107 2070 257 2134 αὐτὸς,
285 2074 360 2122 καὶ
398 2071 630 2122 δύνασθαι
664 2070 749 2134 μὲν
774 2071 955 2137 ἑτέρους
991 2071 1340 2138 ἐπεργάζεσθαί
1374 2094 1423 2122 τε
1455 2073 1531 2122 καὶ
1567 2074 1693 2122 οἷκο-

106 2155 277 2216 δομεῖν,
304 2154 357 2203 οὐ
395 2152 488 2216 μὴν
515 2153 580 2204 ε”τι
607 2157 874 2204 καταθεῖναι
902 2176 977 2204 και
1009 2154 1166 2218 ἕτερον
1194 2152 1321 2221 ποιρέι
1360 2152 1426 2204 τόν
1466 2152 1555 2216 ἠδη
1600 2155 1690 2204 uel-
1713 2179 1778 2199 νει
1796 2177 1844 2199 11

106 2257 225 2302 μενον
264 2234 307 2290 ’ὂς
347 2235 459 2286 ἐστιν
488 2237 651 2296 Ἰησοῦς
684 2236 945 2305 Χριστός·6
949 2236 1031 2285 ιοὐ
1058 2257 1151 2301 γαρ
1185 2236 1315 2285 ἐστιν
1352 2234 1509 2299 ε’τερον
1548 2233 1696 2297 ὄνομα
1711 2245 1891 2329 ssgtaiJslz

40 2322 134 2369 25⁶⁶
161 2314 250 2367 ὑπὸ
295 2316 377 2367 τὸν
418 2316 617 2382 οὐρανὸν
657 2316 711 2367 τὸ
755 2315 1000 2380 δεδομενον
1043 2317 1091 2366 ἐν
1137 2317 1415 2378 ἄνθρωποις,
1462 2317 1511 2366 ἐν
1551 2313 1588 2384 ᾧ
1629 2317 1700 2366 δεῖ

487 2402 506 2411 Α

108 2404 134 2427 ιι
277 2401 295 2410 ’“
553 2397 578 2413 ”
632 2404 659 2427 cc
723 2396 742 2417 ἲ
846 2397 859 2414 Χ
1007 2397 1019 2412 “
1161 2399 1175 2415 x
1338 2397 1349 2412 “
1451 2398 1461 2412 '
1570 2397 1590 2418 ’ὃ
1677 2397 1689 2413 *
1779 2418 1783 2423 -

160 2401 374 2461 σωθηναι
413 2421 548 2461 ημας.
681 2402 764 2452 Εις
802 2421 895 2464 γαρ
932 2402 1052 2451 Θεος
1100 2420 1177 2448 και
1219 2401 1399 2464 Πατηρ,
1439 2397 1496 2466 εξ
1539 2420 1592 2448 ου
1636 2421 1695 2449 τα
1712 2406 1804 2480 {1152
1820 2417 1886 2437 *11¹-

153 2518 186 2551 9.
213 2505 404 2551 ὠνόμασεν]
427 2506 570 2541 ἐκάλεσε
590 2506 638 2540 Η.
820 2519 872 2540 10.
904 2507 999 2540 Haec
1018 2506 1071 2540 καὶ
1088 2506 1455 2550 πολλοὶ-Κορινθίοις
1473 2512 1694 2540 accesserunt

106 2564 146 2586 ex
168 2553 216 2587 Η.
360 2564 412 2587 12.
439 2557 572 2596 πρῶτος
590 2564 652 2597 pro
671 2552 741 2587 οἷόν
758 2568 808 2588 τις
825 2553 961 2598 ἀπαρχὴ
984 2553 1031 2587 Η.
1179 2564 1232 2597 13.
1259 2553 1371 2587 αὐτοῖς
1388 2564 1457 2586 om.
1478 2552 1527 2587 H.
1596 2553 1693 2595 θεμέ-

106 2600 191 2635 λιος·
220 2597 267 2634 εἰς
284 2613 342 2633 ουν
359 2601 377 2633 ὁ
395 2600 594 2643 θεμέλιος,
581 2599 617 2634 ός
634 2599 710 2634 ε’στι
727 2602 878 2644 Χριστός
896 2600 968 2634 des.
991 2599 1039 2634 H.
1162 2610 1217 2634 21.
1245 2599 1319 2633 Ine.
1339 2599 1381 2632 de
1399 2611 1490 2633 novo
1507 2599 1694 2633 Τεθεικέναι

106 2646 197 2690 φησὶ
214 2647 272 2680 τὸν
289 2645 478 2689 θεμέλιον’
461 2661 480 2680 ο
497 2648 628 2682 παῦλος
645 2646 698 2680 καὶ
716 2645 881 2680 δυνασθαι
902 2646 951 2680 Η.
1076 2657 1131 2679 22.
1159 2646 1362 2690 ἐργάζεσθαι
1383 2645 1432 2679 H.
1480 2660 1514 2679 τε
1534 2646 1586 2678 καὶ
1605 2646 1693 2678 οἷκο-

107 2692 222 2736 δομεῖν
239 2704 309 2726 om.
331 2692 379 2726 H.
572 2703 628 2737 23.
653 2693 702 2727 ἔτι
720 2693 908 2727 καταθεῖναι
926 2707 978 2726 και
996 2691 1127 2737 ἕτερον]
1148 2693 1201 2725 καὶ
1221 2693 1324 2726 θεῖναι
1345 2692 1454 2725 ἄλλον
1471 2692 1627 2735 θεμέλιον
1647 2691 1694 2725 Η.

109 2749 163 2780 24.
189 2738 225 2774 ὅς
249 2737 377 2773 ἐστιν’
382 2741 504 2783 Ιησοῦς
528 2740 678 2783 Χριστός
702 2745 925 2783 assumptum
952 2751 993 2772 ex
1021 2739 1068 2772 H.
1144 2738 1247 2781 ὄνομα
1273 2745 1496 2782 assumptum
1520 2751 1561 2772 ex
1582 2738 1628 2771 H
1656 2738 1693 2770 ὃν

111 2783 191 2828 (Sic)
210 2786 253 2819 A.
414 2785 468 2819 26.
496 2785 579 2828 ἡμᾶς
597 2797 668 2820 om.
687 2785 734 2843 H.
754 2791 787 2819 et
805 2785 943 2820 abbrfex
925 2797 955 2819 1
949 2792 983 2819 dt
1002 2785 1077 2820 θεὸς
1094 2800 1159 2829 γαρ
1177 2786 1223 2819 ὢν
1239 2784 1346 2829 φύσει
1363 2799 1502 2829 γεγονεν
1518 2784 1693 2827 ἅνθρωπος

109 2844 162 2863 και
183 2831 377 2876 γεγέννηται
395 2831 449 2865 διὰ
466 2833 523 2875 τῆς
540 2830 635 2876 ἁγίας
654 2832 707 2865 καὶ
732 2831 890 2866 θεοτόκου
915 2832 1035 2875 μαρίας
1061 2833 1143 2865 κατὰ
1163 2846 1284 2874 σαρκα,
1302 2832 1490 2875 μεμενηκὼς
1515 2845 1567 2863 και
1586 2830 1620 2862 ἐν
1637 2829 1692 2862 ἀν-

109 2877 296 2921 θρωπότητι
323 2880 418 2912 Θεός·
454 2880 472 2911 ὁ
497 2882 555 2911 οὐν
579 2877 781 2922 ἀρνούμενος
811 2879 867 2912 τὸν
897 2877 1054 2921 θεμέλιον
1084 2878 1136 2911 καὶ
1160 2878 1219 2920 τὴν
1246 2878 1372 2922 πέτραν
1399 2878 1527 2911 πάντως
1556 2876 1609 2910 επὶ
1635 2875 1692 2918 τὴν

109 2923 216 2966 ἶίμμον
234 2924 402 2968 οἰκοδομεῖ
419 2924 472 2958 καὶ
491 2925 636 2960 ευκόλως
654 2924 878 2960 κατασείεται·
906 2924 923 2957 ὸ
943 2926 992 2969 (p.
1010 2924 1088 2959 260
1108 2924 1143 2964 6)
1169 2924 1213 2958 H.

852 2970 955 3012 le
