2012 3272
103 153 258 193 xxm).
336 140 408 179 IN
451 140 491 179 S.
528 138 866 179 JOANNEM.
932 137 1053 177 LIB.
1092 138 1193 177 XII.
1254 138 1386 178 CA‘I’.
1422 140 1456 178 Ῑ.
1606 138 1686 179 153

102 248 352 309 ε’σομένους
391 253 580 312 καιροῖς.
637 245 694 310 ἧν
723 246 816 311 γὰρ
849 245 905 310 δή
938 269 1064 298 τινας
1105 246 1221 299 εἰκὸς
1263 246 1353 313 ἔξω
1393 249 1474 308 τῆς
1514 247 1687 299 εὐθείας

103 329 255 381 ἰόντας
295 331 418 391 ὁδοῦ,
446 332 520 379 καὶ
557 327 697 391 νόθην
724 328 974 387 εὐλοίβειαν
1006 327 1062 395 ἐξ
1097 329 1297 389 ἀμαθίας
1337 327 1687 391 ἐπιτηδεύοντας

101 411 466 474 ἀποπέμπεσθαι
504 410 589 474 τὴν
627 410 805 471 πίστιν,
841 411 893 459 οὐ
931 409 1217 475 προσίεσθαι
1256 414 1350 459 τῶν
1390 414 1562 475 νεκρῶν
1601 409 1687 472 τὴν

100 491 382 554 ἀνάστασιν,
410 493 534 557 ἥκειν
561 515 608 542 τε
643 496 703 544 εἷς
732 491 881 554 μέσον
907 492 1003 541 κατ’
1034 493 1203 541 ἐκεῖνον
1229 492 1338 554 ἡμῖν
1364 492 1580 557 ἐροῦντας
1605 490 1688 541 τὸν

59 598 81 635 5
102 574 439 638 ἀπιστήσαντα
477 573 690 637 μαθητήν
727 581 752 602 “
776 571 893 623 Ἐὰν
920 571 984 637 μὴ
1024 572 1106 623 ’ίδω
1139 575 1187 623 ἐν
1212 578 1311 626 ταῖς
1351 574 1517 639 χερσὶν
1545 573 1687 623 αὐτοῦ

103 664 129 685 “
157 654 239 707 τὸν
277 656 424 707 τύπον
458 660 552 707 τῶν
592 656 736 719 ἥλων,
777 656 851 704 καὶ
891 654 1030 713 βάλω
1069 653 1154 717 τὴν
1194 655 1325 721 χεῖρά
1369 678 1459 717 μου
1500 658 1563 707 εἷς
1603 654 1689 718 τὴν

103 746 131 767 “
153 737 365 804 πλευρὰν
410 739 565 799 αὐτοῦ,
607 738 660 787 οὐ
713 735 777 800 μὴ
822 736 1109 788 πιστεύσω.”
1181 736 1279 787 εἶτα
1319 738 1387 790 τίς
1433 735 1489 786 ἂν
1534 737 1688 790 αὐτοῖς

102 820 431 888 πληροφορίας
471 821 534 870 ἔτι
575 819 763 885 διαρκὴς
798 819 980 883 ἐγένετο
1016 818 1204 884 τρόπος,
1236 820 1318 869 οὐκ
1345 818 1479 872 ὄντος
1503 817 1588 881 μὲν
1614 820 1688 869 ἐπὶ

1750 579 1857 620 Supra

1749 633 1815 654 ver.
1831 631 1882 662 25.

103 905 191 967 γῆς
229 907 509 965 σωματικῶς
548 902 611 952 ε”τι
648 905 879 965 Χριστοῦ,
919 900 1268 965 ἀναβεβηκότος
1310 900 1356 950 δὲ
1395 905 1586 963 μᾶλλον
1626 904 1732 954 eisd

40 1007 87 1032 10
105 983 351 1048 οὐρανούς;
396 989 495 1037 πῶς
513 983 560 1034 δὲ
584 985 666 1034 οὐκ
695 982 751 1033 ἂν
778 983 1156 1046 ὑπωπτεύθησαν
1183 981 1288 1032 ἔσθ’
1311 982 1386 1032 ὅτε
1414 980 1472 1032 τὰ
1498 988 1690 1032 τοιαῦτα

104 1065 260 1132 λε’γειν
305 1067 468 1132 ὀρθῶς,
514 1065 590 1116 ὅτε
632 1065 880 1132 ζηλοῦντες
924 1065 1173 1131 ἐφαίνοντο
1219 1070 1300 1115 τοῦ
1343 1068 1563 1130 Σωτῆρος
1607 1064 1690 1114 τὸν

103 1147 330 1211 μαθητὴν,
359 1150 433 1198 καὶ
473 1150 534 1202 ὡς
575 1146 770 1214 ἄριστόν
801 1170 845 1197 τι
877 1150 1036 1214 χρῆμα
1074 1147 1128 1197 τὸ
1167 1146 1231 1211 μὴ
1270 1151 1526 1198 πιστεῦσαι
1565 1169 1683 1213 προ-

105 1230 268 1297 χείρως
304 1229 643 1298 ἐπιλεξάμενοι,
668 1230 863 1298 ἐξαιτεῖν
896 1229 942 1280 δὲ
981 1233 1172 1291 μᾶλλον
1202 1228 1319 1294 πρὸς
1358 1229 1692 1297 πληροφορίαν

107 1313 310 1380 ἀσφαλῆ
338 1312 608 1362 διετείνοντο
644 1312 704 1362 τὰ
745 1312 820 1361 καὶ
860 1312 1014 1364 αὐτοῖς
1053 1315 1148 1364 τοῖς
1188 1312 1336 1376 ἁγίοις
1375 1311 1691 1377 ἐπιδειχθέντα

38 1420 86 1458 15
106 1397 335 1456 μαθηταῖς
357 1415 368 1454 ;
413 1393 702 1460 ἀνασειράζει
733 1399 983 1459 τοιγαροῦν
1009 1394 1033 1443 ὁ
1059 1392 1272 1458 Χριστὸς
1307 1394 1381 1442 καὶ
1409 1391 1495 1454 τὴν
1521 1393 1569 1442 ἐν
1594 1397 1690 1445 τοῖς

105 1473 329 1528 τοιούτοις
373 1476 602 1539 ἐσομένην
646 1476 754 1526 ἔσθ’
797 1475 871 1525 ὅτε
910 1473 1224 1541 καταδρομὴν,
1267 1477 1342 1525 καὶ
1386 1474 1690 1539 περιστέλλει

105 1555 187 1607 τὸν
216 1555 432 1607 ὄλισθον.
478 1555 577 1624 ᾔδει
604 1556 696 1623 γὰρ
723 1556 823 1624 ᾔδει
850 1556 971 1610 Θεὸς
1000 1556 1225 1624 ὑποίρχων
1251 1555 1472 1621 ἀληθινὸς
1495 1555 1581 1620 τὴν
1606 1561 1690 1606 τοῦ

107 1637 334 1699 διαβόλου
366 1642 747 1706 φιλοκακοῦργον
783 1639 991 1703 γνώμην,
1021 1639 1094 1688 καὶ
1126 1637 1180 1688 τὸ
1220 1642 1280 1691 εἰς
1318 1638 1503 1701 ἀποίτην
1542 1637 1686 1701 εὐμή-

105 1742 264 1787 χανον.
328 1720 398 1770 διὸ
442 1722 695 1786 μακαρίους
739 1721 989 1788 ἀποφαίνει
1034 1719 1140 1772 τοῦς
1185 1722 1259 1770 καὶ
1306 1721 1413 1789 δίχα
1453 1726 1536 1770 τοῦ
1582 1723 1692 1771 ἰδεῖν

39 1830 89 1855 20
105 1800 427 1856 πιστεύοντας·
468 1801 724 1866 θαυμάσιοι
763 1802 855 1868 γὰρ
897 1802 1057 1856 ὅντως.
1114 1803 1188 1852 καὶ
1229 1802 1303 1852 διὰ
1335 1803 1475 1852 ποίαν
1507 1802 1686 1863 αἱτίαν;

105 1887 201 1936 τοῖς
237 1881 322 1947 μὲν
348 1882 441 1949 γὰρ
468 1885 516 1934 ἐν
542 1884 651 1953 ὄψει
691 1884 912 1948 κειμένοις
952 1882 1209 1944 οὐδαμόθεν
1248 1885 1517 1951 ἀμφίλογος
1557 1885 1685 1951 ὀφεί-

107 1971 239 2015 λεται
276 1965 452 2019 πίστις·
507 1964 561 2017 τὸ
602 1965 693 2032 γὰρ
729 1965 974 2031 ἐνδοιάζειν
1014 1967 1136 2018 ὅλως
1179 1967 1430 2017 ἀναπεῖθον
1469 1966 1613 2015 οὐδέν.
1668 1963 1692 2015 ὃ

106 2045 155 2096 δὲ
188 2046 252 2111 μὴ
285 2047 501 2098 τεθέαταί
530 2071 599 2101 τις
625 2052 662 2098 εὶ
693 2048 1024 2116 παραδέξαιτό,
1053 2050 1128 2098 καὶ
1156 2047 1326 2111 ἀληθὲς
1354 2045 1467 2097 εἶναι
1492 2047 1687 2098 πιστεύ-

106 2150 232 2178 σειεν
275 2127 387 2196 ὅπερ
429 2127 489 2179 ἂν
534 2134 596 2183 εἰς
636 2127 734 2181 ῶτα
774 2130 1094 2194 διακομίσειαν
1138 2135 1221 2180 τοῦ
1263 2133 1693 2194 μυσταγωγοῦντος

40 2232 88 2271 25
107 2212 148 2260 οἱ
187 2209 337 2275 λόγοι,
366 2210 731 2279 ἀξιολογωτάτῃ
769 2213 981 2275 τετίμηκε
1015 2212 1175 2262 πίστει
1210 2209 1293 2261 τὸν
1332 2210 1688 2277 κηρυττόμενον.

107 2291 272 2358 ἕψεται
298 2292 453 2342 τοίνυν
475 2294 499 2343 ὁ
523 2292 824 2359 μακαρισμὸς
848 2295 990 2344 παντὶ
1014 2297 1080 2362 τῷ
1108 2292 1377 2344 πιστεύοντι
1403 2291 1477 2343 διὰ
1497 2295 1579 2354 τῆς
1599 2296 1694 2342 τῶν

107 2373 253 2438 ἁγίων
285 2374 573 2425 ἀποστόλων
614 2378 787 2442 φωνῆς,
823 2374 865 2425 οἳ
904 2379 977 2425 καὶ
1018 2374 1244 2426 αὐτόπται
1284 2377 1358 2425 καὶ
1397 2375 1561 2440 θεωροὶ
1598 2378 1692 2424 τῶν

109 2454 484 2520 κατορθωμάτων
507 2456 733 2522 γεγόνασι
762 2458 836 2506 καὶ
857 2456 1079 2522 ὑπηρέται
1107 2462 1190 2507 τοῦ
1212 2455 1373 2522 λόγου,
1395 2454 1518 2506 καθά
1540 2460 1692 2523 φησιν

107 2536 132 2585 ὁ
160 2539 356 2589 Λουκᾶς·
409 2536 475 2590 οἷς
507 2540 581 2588 καὶ
611 2538 864 2604 προσέχειν
891 2539 1011 2601 ἡμᾶς
1037 2540 1305 2603 ἀναγκαῖον,
1334 2542 1370 2588 εὶ
1397 2540 1479 2601 τῆς
1505 2536 1691 2587 αἰωνίου

1711 1993 1733 2017 a
1758 1984 1845 2018 1111
1863 1982 1916 2017 A.

1754 2461 1786 2512 ·S.
1800 2461 1879 2512 ch.

1753 2515 1775 2535 1.
1793 2514 1820 2535 2.

40 2643 91 2678 30
108 2615 224 2682 ζωῆς
274 2617 630 2682 καθεστήκαμεν
674 2622 883 2685 ἐρασταὶ,
931 2624 1005 2670 καὶ
1049 2619 1103 2671 τὸ
1148 2622 1196 2670 ἐν
1239 2625 1340 2673 ταῖς
1385 2620 1481 2670 ἄνω
1529 2622 1736 2682 μοναΐςὶ)

108 2697 380 2763 αὐλίζεσθαι
418 2703 522 2766 περὶ
561 2706 749 2751 πολλοῦ
787 2706 1025 2752 ποιεῖσθαι
1064 2700 1405 2767 σπουδάζομεν.

156 2842 188 2877 6.
216 2842 373 2877 Adnotat
392 2843 419 2877 F
436 2844 572 2878 rubriee
591 2845 623 2878 'ln
648 2857 720 2889 mg.
740 2845 798 2878 οὐκ
824 2843 863 2887 ἦν
887 2845 923 2878 ἐν
947 2847 993 2889 τῷ
1019 2845 1218 2891 ἀντιγράφῳ
1245 2846 1298 2879 καὶ
1321 2846 1419 2886 βάλω
1446 2846 1503 2879 τὸν
1529 2845 1695 2878 δάκτυλόν

110 2902 174 2931 μου
192 2889 238 2925 εἷς
254 2891 312 2924 τὸν
328 2889 433 2925 τύπον
450 2894 516 2925 τῶν
535 2891 639 2935 ἥλων.
795 2903 828 2936 9.
854 2891 1088 2935 ἀναβεβηκότα
1107 2893 1148 2926 Ε.
1311 2904 1362 2934 14.
1389 2890 1634 2935 ἐπιδειχθέντες
1652 2891 1694 2925 Ε.

113 2945 167 2968 21.
193 2934 419 2981 ὅψει--ὀφει-
438 2938 568 2971 omittit
585 2939 851 2982 ἀσφαλῆ-τοῖς
866 2937 975 2982 ἁγίοις
992 2950 1009 2972 e
1028 2950 1135 2983 supra
1152 2945 1311 2983 repetens
1330 2939 1371 2971 E.

169 3001 258 3030 VOL.
282 3005 339 3032 HI.
894 3004 922 3030 X
