2012 3272
139 148 218 203 i.9.
265 144 267 146 ¹
454 148 522 190 IN
564 149 905 191 EPISTOLAM
948 151 1030 191 AD
1075 151 1404 192 HEBRAEOS.
1639 155 1722 195 379

1743 220 1755 261 [
1777 229 1835 251 110
1854 221 1901 250 M.
1922 220 1932 260 3

136 257 242 308 καθ’
271 257 389 321 ἡμᾶς
415 258 678 323 ἀμοιρήσας
704 260 945 324 ἁγιασμοῦ
968 281 979 320 ;
1021 261 1096 310 καὶ
1124 263 1160 309 εἰ
1192 259 1332 310 τοῦτό
1367 261 1497 310 ἐστιν
1524 261 1716 324 ἀληθὲς,

135 339 219 389 οὐκ
244 337 301 402 ἦν
328 340 556 405 ἁμαρτίας
582 340 838 406 ἐλεύθερος.

210 424 324 473 Πῶς
349 420 405 484 δὴ
433 422 514 472 οῦν
540 425 692 490 φησιν
720 424 744 473 ὁ
770 422 1056 491 σοφώτατος
1085 427 1281 477 Παῦλος
1308 422 1391 474 τὸν
1417 422 1535 474 Υὶὸν
1561 425 1714 475 ἀπαύ-

134 502 303 568 γασμά
333 525 382 553 τε
417 501 530 553 εῖναι
555 507 639 568 τῆς
666 503 808 573 δόξης
833 511 915 555 τοῦ
945 504 1148 571 Πατρὸς,
1176 508 1450 573 χαρακτῆρα
1477 505 1525 556 δὲ
1552 507 1721 569 ὁμοίως

90 599 112 637 5
133 586 216 647 τῆς
242 583 554 638 ὑποστάσεως
586 586 759 648 αὑτοῦ,
804 588 1062 655 διαμορφοῖ
1090 585 1185 653 γὰρ
1210 585 1399 640 πάντως
1426 588 1451 637 ὁ
1477 587 1720 655 χαρακτὴρ

132 666 204 733 ἐφ’
232 665 379 735 ἑαυτῷ
416 666 470 717 τὸ
503 666 781 734 ἀρχέτυπον·
837 669 1005 719 οὐκοῦν
1032 668 1134 719 οὐδὲ
1162 667 1301 721 αὐτὸς
1336 666 1468 734 ἅγιος
1495 671 1520 719 ὁ
1550 669 1718 734 Πατὴρ

132 748 252 798 κατὰ
291 748 456 817 φύσιν.
511 748 609 800 εἶτα
647 750 715 802 τίς
752 750 776 800 ὁ
811 750 1016 817 ἁγιάζων
1051 750 1223 810 αὖτόνς
1264 752 1500 818 ε’ῤῥῶσθαι
1540 750 1597 814 δὴ
1637 752 1718 801 οῦν

131 834 224 884 τοῖς
265 830 447 881 ἐκείνων
485 830 690 884 εἰπόντες
731 832 921 895 ἐμέτοις,
967 831 1102 898 ἅγιον
1138 831 1259 883 κατὰ
1299 833 1448 900 φύσιν
1490 832 1719 900 ὑπάρχειν

131 912 496 978 ὁμολογήσομεν
545 911 627 964 τὸν
677 912 795 964 Υὶὸν
846 913 1058 981 καθάπερ
1108 914 1272 975 ἀμέλει
1317 937 1392 964 και
1445 913 1586 964 αὐτὸν
1636 913 1718 965 τὸν

63 1018 111 1044 ιο
132 995 338 1061 Πατερα,
365 995 592 1060 ἡγιᾶσθαι
623 994 673 1045 δε
711 995 816 1046 τότε
848 1019 966 1046 κατα
1004 996 1162 1063 σάρκα
1201 996 1422 1062 φαμεν,’
1399 1019 1475 1046 οτε
1515 1001 1714 1046 κεκενῶ-

129 1081 245 1127 σθαι
283 1076 472 1142 λεγεται
510 1078 860 1144 κεχρηματικὼς
895 1078 1155 1144 ἄνθρωπος,
1184 1077 1221 1147 ᾧ
1259 1077 1378 1129 κατὰ
1414 1077 1601 1146 μεθεξιν
1632 1078 1717 1141 τὴν

127 1180 259 1224 παρα
291 1162 416 1209 Θεοῦ
453 1162 528 1209 καὶ
569 1160 622 1210 οὐ
661 1159 781 1211 κατὰ
821 1160 971 1228 φύσιν
1010 1161 1130 1211 ἰδίαν
1169 1183 1350 1211 ενεστιν
1393 1162 1417 1210 ὁ
1461 1158 1714 1225 ἁγιασμός.

128 1242 205 1291 καὶ
243 1240 521 1304 θαυμαστὸν
548 1241 680 1292 οὐδὲν
706 1245 743 1292 εἰ
777 1241 837 1292 τὰ
870 1245 953 1305 τῆς
992 1242 1355 1307 ἀνθρωπότητος
1386 1242 1478 1292 ’ἴδια
1505 1241 1626 1294 Θεὸς
1652 1240 1716 1291 ῶν

128 1323 153 1372 ὁ
187 1322 346 1387 Λόγος
377 1326 621 1373 οἰκειοῦται
655 1322 939 1391 φιλαγάθως
979 1345 1027 1374 τε
1065 1322 1162 1387 ἅμα
1201 1325 1277 1374 καὶ
1318 1327 1633 1385 οἰκονομικῶς.
1690 1325 1715 1373 ὁ

60 1421 106 1460 15
127 1403 220 1470 γὰρ
262 1403 386 1458 ὅλως
423 1403 509 1468 τὴν
551 1404 750 1455 κένωσιν
794 1404 1027 1469 ἐθελήσας
1067 1409 1248 1466 παθεῖν,
1289 1410 1390 1458 πῶς
1431 1403 1489 1454 ἂν
1529 1403 1714 1457 εἰκότως

125 1490 400 1552 παραιτοῖτο
435 1485 495 1537 τὰ
533 1487 705 1550 αὗτῆς;
755 1487 923 1537 οὐκοῦν
955 1491 991 1537 εἰ
1030 1486 1115 1550 μὲν
1147 1491 1299 1538 νοοῖτο
1338 1488 1444 1537 καθ’
1486 1485 1649 1537 ἑαυτὸν
1689 1487 1713 1536 ὁ

125 1569 176 1617 ἐκ
202 1571 327 1618 Θεοῦ
354 1567 545 1633 Πατρὸς
572 1566 744 1633 Λόγος,
771 1568 1040 1635 ἀπροσδεής
1071 1571 1175 1619 ἐστι
1208 1568 1385 1622 παντὸς
1416 1570 1610 1633 ἀγαθοῦ,
1638 1570 1714 1618 καὶ

125 1648 240 1700 ἰ’διον
286 1650 428 1700 αὐτοῦ
467 1654 625 1717 φαμεν
669 1648 723 1700 τὸ
755 1648 912 1716 Ἄγιον
952 1654 1163 1713 Πνεῦμα.
1216 1648 1372 1713 ἐπειδὴ
1408 1648 1456 1700 δὲ
1495 1651 1556 1702 ὡς
1596 1649 1716 1716 ε”φην

123 1730 287 1797 γέγονε
325 1730 460 1800 σὰρξ
494 1729 633 1785 αὐτὸς
667 1736 735 1801 τῷ
766 1732 865 1801 ἰδίῳ
893 1731 1135 1795 Πνεύματι
1173 1730 1257 1782 τὸν
1295 1732 1438 1782 αὐτοῦ
1475 1731 1715 1796 καταχρίει

55 1842 104 1866 20
125 1811 252 1863 ναόν·
307 1814 487 1879 ἐνεργεῖ
519 1811 612 1879 γὰρ
647 1813 671 1863 ὁ
704 1813 874 1879 Πατὴρ
911 1811 1031 1879 ἅπερ
1071 1811 1128 1863 ἂν
1167 1811 1406 1879 ἐργάζοιτο
1446 1813 1501 1863 δι’
1530 1812 1715 1866 οὐδενὸς

123 1894 279 1961 ἑτέρου
304 1893 434 1959 πλὴν
460 1894 537 1945 διὰ
562 1894 709 1959 μόνου
735 1900 818 1945 τοῦ
843 1898 962 1946 Υὶοῦ
988 1896 1037 1945 ἐν
1063 1894 1283 1962 Ἰσραήλ.
1332 1896 1500 1946 οὐκοῦν
1526 1894 1713 1960 λέγεται

121 1976 207 2039 μὲν
234 1981 401 2037 λαβεῖν
429 1974 484 2027 τὸ
514 1980 709 2039 Πνεῦμα
734 1980 1035 2040 οἰκονομικῶς
1062 1979 1124 2031 ὡς
1157 1976 1422 2043 ἄνθρωπος·
1478 1983 1505 2005 “
1522 1978 1712 2040 Ἰησοῦν
1730 1991 1818 2022 Acta
1835 1993 1891 2023 SS.

122 2064 150 2087 ‘⁶
175 2057 268 2123 γὰρ
307 2057 390 2109 τὸν
427 2056 522 2109 ἀπὸ
554 2056 785 2124 Ναζαρὲτ,
825 2060 990 2128 φησὶν,
1031 2060 1094 2112 ὡς
1135 2058 1324 2125 ἔχρισεν
1364 2056 1506 2109 αὐτὸν
1537 2059 1562 2108 ὁ
1590 2057 1711 2111 Θεὸς
1729 2035 1796 2074 Ap
1817 2047 1849 2068 X
1867 2036 1919 2075 ‘⁷³8'

123 2145 150 2171 ‘⁶
178 2141 420 2204 Πνεύματι
444 2139 581 2209 Ἁγίῳ
608 2142 684 2191 καὶ
705 2139 940 2204 δυνάμει·”
979 2142 1145 2191 δίδωσι
1172 2140 1220 2191 δὲ
1247 2142 1308 2194 ὡς
1329 2139 1449 2193 Θεὸς
1476 2138 1589 2190 αὐτὸ
1615 2144 1712 2192 τοῖς

54 2241 101 2280 25
121 2228 258 2273 τοῦτο
284 2226 448 2283 λαβεῖν
474 2222 637 2289 ἀξίοις.
684 2225 759 2272 καὶ
786 2227 902 2286 γοῦν
928 2226 1023 2274 τοῖς
1049 2222 1198 2287 ἁγίοις
1224 2221 1516 2273 ἀποστόλοις
1538 2220 1707 2286 ἐνεφύ-

120 2326 247 2368 σησε
286 2304 443 2369 λεγων
481 2310 509 2332 “
527 2303 711 2365 Λάβετε
742 2305 973 2366 Πνεῦμα
972 2301 1177 2368 Αγιον,”
1217 2302 1520 2370 προσεφώνει
1551 2300 1600 2351 δε
1634 2324 1733 2351 και
1727 2315 1758 2345 S
1773 2315 1817 2345 «Ῑυ
1800 2327 1870 2347 wan

120 2390 214 2438 τοῖς
239 2384 476 2436 Ἰουδαιων
503 2383 717 2448 δήμοις“
697 2407 722 2435 ο
754 2385 1010 2438 θεσπεσιος
1041 2382 1223 2449 Πέτρος
1260 2406 1365 2449 περι
1405 2384 1547 2433 αὐτοῦ
1587 2390 1614 2413 “
1635 2386 1710 2449 Τῇ
1727 2368 1887 2432 Xcffss.

121 2473 148 2494 “
174 2466 304 2535 δεξία
329 2467 410 2517 οῦν
435 2471 518 2517 τοῦ
545 2469 671 2517 Θεοῦ
704 2467 912 2535 ὑψωθεις
938 2465 1024 2530 τήν
1050 2488 1098 2516 τε
1124 2465 1413 2530 ἐπαγγελιαν
1437 2470 1520 2515 τοῦ
1548 2464 1705 2515 Πνεύ-
1726 2444 1793 2485 Ap
1813 2456 1843 2475 u
1857 2454 1908 2485 33·

136 2553 319 2610 6ματος
367 2545 535 2609 λαβὼν
577 2546 707 2613 παρὰ
754 2552 837 2598 τοῦ
887 2545 1078 2612 Πατρὸς
1130 2546 1281 2614 ἐξέχεε
1333 2551 1471 2596 τοῦτο
1514 2545 1539 2596 ὸ
1584 2547 1711 2609 ὑμεῖς

51 2643 102 2679 30
121 2635 148 2658 ‘⁴
172 2627 375 2690 βλέπετε
409 2630 483 2679 καὶ
511 2629 738 2680 ἀκούετε.”
793 2629 971 2681 ἀκούεις
998 2629 1046 2678 ἐν
1070 2628 1250 2680 τούτοις
1275 2629 1351 2678 καὶ
1377 2627 1510 2691 μάλα
1536 2632 1709 2695 σαφῶς

120 2711 351 2779 ὑψῶσθαί
385 2733 433 2761 τε
473 2708 614 2760 αὐτὸν
652 2713 711 2777 τῇ
750 2709 881 2778 δεξιᾷ
918 2714 1002 2760 τοῦ
1033 2712 1172 2771 Θεοῦ,
1201 2713 1369 2769 λαβεῖν
1406 2731 1455 2759 τε
1495 2707 1593 2775 ἅμα
1633 2711 1707 2758 καὶ

166 2849 199 2883 6.
226 2848 321 2894 οὐδὲ]
342 2849 377 2883 δέ
399 2849 494 2893 (err.)
516 2848 575 2883 Cr.
767 2861 800 2894 9.
827 2849 1087 2894 ὁμολογήσομεν
1112 2849 1216 2883 habet
1234 2861 1263 2883 c.
1409 2859 1464 2882 21.
1493 2847 1527 2881 ἐν
1543 2845 1704 2890 Ἰσραήλ]

120 2895 328 2940 Legendum
346 2896 492 2929 omnino
510 2895 545 2929 ἐν
568 2895 730 2939 πνεύματι
756 2902 795 2930 ut
820 2908 957 2939 semper
982 2896 1026 2930 ait
1054 2895 1091 2929 S.
1113 2895 1278 2939 Cyrillus.
1331 2894 1505 2928 Mendum
1523 2899 1644 2927 utrum
1662 2903 1705 2931 c„

119 2953 163 2975 an
182 2941 247 2976 mei
266 2942 376 2987 ipsius
395 2941 549 2976 codicem
567 2942 802 2987 negligentius
825 2942 1044 2985 conferentis,
1062 2942 1191 2976 nescio.

869 3009 987 3050 302
