1981 3267
261 133 317 172 52
664 131 714 172 B.
749 131 1025 172 CYRILLI
1067 133 1449 174 ALEXANDR.
1647 132 1762 174 xviii.
1782 144 1848 186 34.

262 244 514 306 τοιγαροῦν
552 240 769 291 Ἰουδαῖοι
811 246 1051 292 ποιοῦνται
1097 245 1298 310 Χριστῷ
1337 241 1391 293 τὸ
1431 247 1722 303 βασιλεῦσαι
1767 247 1850 292 τοῦ

263 320 483 386 Ἰσραήλ.
539 320 779 388 τοιγάρτοι
810 322 996 377 δικαίως
1026 322 1328 391 ἐξώσθησαν,
1353 322 1675 392 προσελήφθη
1701 321 1748 374 δὲ
1774 325 1850 373 καὶ

266 401 522 470 ὑπεζεύχθη
566 402 625 454 τὰ
666 403 789 468 ἔθνη,
833 406 909 454 καὶ
952 402 1041 455 ὑπὸ
1081 402 1166 467 τὴν
1206 405 1461 464 βασιλείαν
1501 405 1723 456 τέθεινται
1768 410 1850 455 τοῦ

42 495 143 525 Ps-ii·
164 496 195 526 8-
268 487 496 550 Χριστοῦ.
545 492 571 514 ‘⁶
592 484 798 549 Α’ίτησαι
837 485 931 551 γὰρ
971 486 1080 551 παρ’
1122 487 1247 549 ἐμοῦ,
1287 487 1425 554 φησὶ,
1463 488 1539 536 καὶ
1582 486 1726 537 δώσω
1770 509 1851 536 σοι

265 573 293 595 “
319 566 429 631 ε”θνη
464 565 550 631 τὴν
589 567 904 633 κληρονομίαν
942 589 1047 629 σου,
1087 569 1161 617 καὶ
1206 566 1292 630 τὴν
1327 567 1619 634 κατάσχεσίν
1656 589 1749 619 σου
1793 567 1892 625 τά5

265 655 292 677 “
317 647 498 714 πέρατα
531 650 614 712 τῆς
647 650 781 714 γῆς.”
830 647 1280 715 παροιστρήσαντος
1314 647 1407 715 γὰρ
1442 648 1541 702 ἑνὸς
1577 649 1736 703 ἔθνους
1769 654 1853 700 τοῦ

41 728 320 797 1037Αιᾶέξ
354 728 570 797 Ἰσραὴλ,
607 730 763 781 πάντα
809 729 868 782 τὰ
909 730 1019 794 ε”θνη
1066 731 1241 781 δίδοται
1278 734 1345 800 τῷ
1383 734 1597 801 Χριστῷ,
1635 733 1712 783 καὶ
1750 733 1852 782 ἀντὶ

264 816 372 875 μιᾶς
397 815 498 877 γῆς,
527 814 648 879 φημὶ
677 811 733 876 δὴ
761 815 843 876 τῆς
869 812 1122 874 Ἰουδαίων,
1150 811 1208 863 τὰ
1244 815 1327 876 τῆς
1362 812 1628 879 οἰκουμένης
1651 814 1848 879 πέρατα.

42 897 197 971 {mn-Xi-
265 895 327 947 ὡς
367 894 459 960 γὰρ
500 895 525 944 ὁ
567 893 763 948 Παῦλός
805 898 930 962 φησι
962 901 989 923 ‘⁴
1008 893 1079 946 Τὸ
1117 893 1420 961 παράπτωμα
1459 895 1613 947 αὐτῶν
1645 901 1853 949 πλοῦτος

89 965 95 972 ·
266 983 293 1005 ‘⁶
320 975 503 1041 κόσμου
529 978 606 1027 καὶ
631 975 685 1027 τὸ
713 977 899 1040 ἥττημα
924 977 1078 1027 αὐτῶν
1104 982 1313 1031 πλοῦτος
1339 977 1525 1029 ἐθνῶν.”
1874 1010 1924 1038 10

331 1057 491 1124 ‘'Orrfp
535 1058 616 1108 οῦν
649 1057 846 1122 ἀκήκοεν
878 1065 895 1110 ὁ
939 1058 1142 1113 nemim
1181 1058 1584 1125 διαγογγυζόντων
1618 1063 1712 1109 τῶν
1736 1060 1852 1111 Ἰου-

265 1141 421 1201 δαίων,
468 1143 675 1206 ἐναργῶς
718 1140 808 1204 ἠ’δη
854 1142 990 1208 φησὶ,
1033 1142 1108 1191 καὶ
1153 1142 1501 1205 ἀπολογεῖσθαι
1547 1141 1724 1192 κελεύει
1770 1141 1854 1193 τὸν

268 1221 459 1288 Κύριον,
487 1225 525 1271 εἰ
551 1220 671 1272 κατὰ
697 1222 924 1286 ἀλήθειαν
950 1221 1088 1275 αὐτὸς
1122 1221 1189 1285 εἰἠ
1224 1222 1302 1273 τῶν
1324 1219 1540 1273 Ἰουδαίων
1568 1228 1585 1274 o‘
1612 1223 1850 1284 βασιλεύς.

265 1305 446 1371 ἀγωνιᾷ
485 1303 546 1365 δέ,
588 1305 650 1357 ὡς
693 1303 825 1366 εἰκὸς,
864 1305 941 1354 καὶ
989 1303 1264 1354 κινδυνεύειν
1301 1303 1442 1354 οἴεται
1482 1303 1568 1368 τὴν
1609 1305 1855 1372 Καίσαρος

218 1384 430 1451 ὒάρχὴν,
477 1388 796 1452 φιλοπευστεῖ
841 1408 891 1436 τε
941 1387 1017 1436 καὶ
1061 1384 1135 1435 διὰ
1180 1391 1318 1436 τοῦτο
1362 1386 1485 1449 λίαν,
1531 1387 1593 1440 ὡς
1636 1386 1725 1451 ἤδη
1770 1386 1854 1452 τὴν
1877 1417 1925 1456 15

265 1466 466 1517 δέουσαν
500 1467 827 1534 ἐπανόρθωσιν
865 1469 1154 1531 ἐπικομίσων
1193 1473 1288 1521 τοῖς
1327 1469 1636 1533 δεδραμένοις,
1665 1469 1740 1520 ἵνα
1779 1471 1855 1520 καὶ

265 1548 556 1614 ἀνέγκλητον
591 1549 818 1618 ἀποδείξῃ
857 1548 943 1613 τὴν
978 1550 1373 1615 ἐπιτετραμμένην
1411 1551 1536 1619 αὐτῷ
1573 1550 1703 1618 παρὰ
1729 1552 1849 1603 Ῥω-

267 1631 417 1693 μαίων
444 1630 608 1698 ἀρχήν.

198 1797 248 1832 34
340 1791 571 1848 ἈπεκρίθΗ
604 1792 767 1834 ἸΗσοῡε
798 1792 907 1833 Ἀπὸ
947 1795 1126 1834 σεαυτοῦ
1162 1792 1208 1834 σὺ
1248 1795 1369 1834 τοῦτο
1407 1793 1556 1844 strete,
1595 1794 1619 1834 1'4‘
1658 1794 1781 1835 ἄλλοι

796 1871 916 1917 εἶπόν
956 1890 1021 1918 σοι
1059 1875 1155 1931 Περὶ
1193 1876 1323 1927 ὲμοῦ;
1877 1894 1926 1919 20

345 1987 702 2055 Κατειρηκότος,
731 1991 897 2057 φησιν,
924 1990 1131 2055 ἐναργῶς
1170 1988 1354 2042 οὐδενὸς
1392 1991 1466 2040 ἐπὶ
1504 1991 1685 2044 τούτοις
1719 1993 1850 2054 ἐμοῦ,

227 2069 412 2122 οπόθεν
441 2071 533 2136 ὀίρα
570 2094 649 2122 σοι
684 2071 902 2135 πρόεισιν
937 2072 961 2121 ὁ
996 2074 1101 2137 περὶ
1134 2070 1313 2122 τούτων
1346 2070 1522 2136 λόγος;
1569 2074 1679 2122 ἀλλ’
1709 2074 1849 2124 οὐδα-

265 2152 410 2214 μόθεν
450 2151 725 2222 ἀμφίβολον
765 2153 836 2204 ὅτι
880 2156 963 2217 τῆς
999 2154 1240 2204 Ἰουδαίων
1278 2154 1522 2207 κακονοίας
1561 2154 1614 2205 τὸ
1659 2155 1855 2221 κακούρ-

266 2257 412 2300 γημα,
455 2236 530 2285 καὶ
582 2236 607 2285 ὁ
659 2234 825 2302 πικρὸς
874 2237 1037 2286 οὑτοσὶ
1083 2235 1412 2286 διεσκεύασται
1456 2234 1609 2289 δόλος·
1665 2237 1718 2287 οὐ
1760 2236 1854 2304 γὰρ

267 2315 431 2380 δήπου,
473 2319 639 2385 φησὶν,
675 2317 763 2385 ἔσῃ
801 2316 887 2381 μὲν
926 2316 1064 2370 αὐτὸς
1103 2316 1342 2381 δικαστὴς,
1383 2316 1472 2384 ε”σῃ
1512 2317 1560 2368 δὲ
1601 2320 1675 2369 καὶ
1714 2317 1854 2383 κατή-
1876 2343 1924 2383 25

267 2419 422 2463 γορος.
490 2396 649 2449 ἐλάλει
701 2398 750 2449 δὲ
797 2401 928 2450 ταυτὶ
971 2398 1200 2464 Χριστὸς,
1242 2402 1305 2452 εἷς
1348 2399 1523 2453 ἐννοίας
1567 2400 1855 2466 ἀνακομίζων

271 2479 500 2542 Πιλάτον,
527 2482 590 2533 ὡς
616 2481 699 2531 οὐκ
726 2478 784 2531 ἂν
809 2479 952 2531 αὐτόν
977 2503 1021 2531 τι
1049 2480 1265 2531 διαλάθοι
1292 2483 1366 2531 καὶ
1399 2485 1493 2532 τῶν
1518 2481 1855 2550 ἀφανεστέρων

269 2563 344 2611 καὶ
385 2562 433 2611 ἐν
466 2562 766 2631 παραβύστῳ
804 2562 1251 2625 κατεσκευασμένων
1285 2585 1332 2612 τε
1370 2564 1445 2612 καὶ
1484 2563 1747 2629 εἰρημένων,
1779 2564 1854 2615 ἵνα

224 2653 250 2692 d
270 2641 440 2693 λοιπὸν
484 2641 710 2706 ἐννοήσας
755 2642 841 2707 τὴν
888 2642 1000 2709 ὑπὲρ
1051 2643 1301 2709 ἄνθρωπον
1343 2642 1506 2712 φύσιν,
1548 2644 1855 2710 ὀκνηρότερόν

268 2748 369 2779 πως
407 2724 465 2775 ἴοι
504 2724 622 2790 πρὸς
663 2726 920 2790 ὑπουργίαν
958 2728 1040 2789 τῆς
1075 2729 1169 2775 τῶν
1206 2724 1555 2790 προσαγόντων
1592 2724 1849 2790 ὠμότητος,
1874 2749 1925 2787 30

314 2875 380 2909 6-8
400 2877 507 2911 citant
527 2875 618 2909 Catt.
639 2877 672 2909 in
695 2876 798 2910 Ps.ii.
908 2888 941 2920 9.
968 2878 1013 2910 Τὸ
1035 2883 1258 2921 assumptum
1279 2888 1319 2910 ex
1340 2876 1380 2910 Ε.
1493 2877 1547 2910 26.
1575 2875 1629 2921 δὲ]
1655 2881 1689 2917 ÷
1713 2878 1765 2911 καὶ
1787 2877 1852 2913 Ed.

267 2923 375 2956 invito
396 2923 436 2956 E.
511 2923 556 2957 εἷς
575 2922 701 2957 ε’ννοιίις
718 2923 925 2967 ιῖνακομίζων
945 2924 1095 2958 Πιλάτου
1113 2930 1192 2968 post
1210 2924 1392 2968 εἰρημένων
1411 2924 1487 2966 (28)
1507 2924 1705 2968 transponit
1724 2924 1766 2958 E.
