2012 3272
103 127 170 153 xx.
198 124 262 167 15.
470 116 542 156 IN
583 115 627 157 S.
661 114 1003 156 JOANNEM.
1066 113 1192 154 LIB.
1225 112 1329 153 XII.
1611 110 1691 150 115

105 224 166 275 ὡς
192 222 387 277 τεθνεὼς
426 225 646 287 δηλονότι
674 228 749 276 καὶ
782 223 1020 288 ἀνήκεστα
1045 221 1225 283 παθὼν,
1254 224 1328 271 καὶ
1363 218 1481 287 πρὸς
1512 218 1694 271 τούτοις
1712 230 1913 267 a1083A.

104 303 168 353 ἔτι
208 309 301 355 τῶν
338 307 595 368 μνημάτων
628 305 1027 369 ἐκκεκομισμένος.
1084 302 1241 367 ἐπειδὴ
1275 301 1322 355 δὲ
1358 301 1418 368 ζῶ
1455 303 1532 352 καὶ
1567 299 1691 366 πάρ-

104 408 208 449 ειμι,
240 392 447 452 παρεῖσα
480 388 586 442 τοὺς
621 389 762 455 γόους
797 387 1055 455 μεταχώρει
1090 385 1208 451 πρὸς
1244 385 1480 448 εὐθυμίαν.
1529 384 1695 433 οὐκοῦν

105 467 159 518 τὸ
199 473 385 535 θρηνεῖν
422 471 823 537 περιστέλλοντος
861 470 890 534 ἡ
930 469 1174 536 ἐρώτησις.
1228 468 1317 518 ἔδει
1356 465 1451 533 γὰρ
1490 464 1579 516 ἐ’δει
1620 466 1694 514 καὶ

65 551 272 602 5τούτου
310 558 393 604 τοῦ
432 553 601 619 μέρους
638 552 971 620 ἐπανορθωτὴν
1002 551 1226 617 γενέσθαι
1263 549 1345 600 τὸν
1376 548 1566 615 Κύριον.
1621 544 1696 596 διὰ

106 632 190 696 μὲν
231 633 324 700 γὰρ
362 633 447 699 τὴν
480 637 526 686 ἐν
562 634 721 699 Ἀδὰμ
765 633 1047 702 παράβασιν
1091 632 1211 698 πρὸς
1255 631 1375 695 ὅλην
1419 630 1573 696 εἴρητο
1614 632 1697 679 τοῦ

107 716 358 782 ἀνθρώπου
394 717 479 781 τὴν
507 718 669 784 φύσιν,
697 719 759 771 ὡς
785 720 833 768 ἐν
860 719 1052 783 ἀπαρχῇ
1085 720 1168 766 τοῦ
1206 714 1369 780 γένους
1403 716 1470 782 τῷ
1505 711 1694 780 πρώτῳ,

106 796 160 849 τό
201 806 227 828 “
249 802 318 863 Γῆ
346 798 388 849 εἶ
423 804 499 850 καὶ
531 805 593 854 εἷς
628 803 719 866 γῆν
746 798 1029 866 ἀπελεύσῃ,”
1066 797 1186 863 πρὸς
1213 797 1271 847 δέ
1297 819 1349 860 γε
1389 794 1475 859 τὴν
1501 799 1699 860 γυναῖκα
1760 796 1843 882 (1³92n.
1862 794 1910 827 iii.

108 885 183 930 καὶ
222 884 388 945 ἱδικῶς,
425 881 479 932 τό
518 890 544 911 “
570 882 657 933 Ἐν
692 881 865 935 λύπαις
901 880 1011 950 τέξῃ
1044 878 1221 931 τέκνα.”
1271 879 1439 929 οὐκοῦν
1464 875 1518 927 τὸ
1544 864 1813 927 mov-bno}
1831 892 1879 925 16.

42 984 92 1010 10
108 967 202 1014 τεῖν
236 966 284 1014 ἐν
315 965 486 1018 λύπαις
519 967 579 1019 ὡς
619 967 667 1016 ἐν
705 964 836 1034 τάξει
875 966 1037 1027 ποινῆς
1076 964 1361 1029 ἐπεκρεμᾶτο
1400 963 1458 1029 τῇ
1494 957 1695 1024 γυναικί.

110 1044 167 1110 ἧν
194 1046 275 1096 οῦν
302 1048 557 1113 ἀναγκαῖον
585 1046 660 1099 διὰ
685 1050 768 1112 τῆς
793 1053 876 1098 τοῦ
902 1044 1308 1098 καταδικάσαντος
1336 1045 1511 1112 φωνῆς,
1537 1039 1591 1092 τὸ
1618 1041 1701 1103 τῆς

112 1129 309 1195 ἀρχαίας
348 1131 519 1195 ἐκείνης
558 1132 675 1197 ἀρᾶς
713 1130 1008 1181 ἀναλύεσθαι
1051 1126 1214 1194 βάρος,
1254 1129 1566 1194 ἀφαιροῦντος
1612 1121 1701 1186 ἤδη

110 1217 194 1262 τοῦ
234 1215 455 1278 Σωτῆρος
493 1214 626 1278 ἡμῶν
661 1217 881 1280 Χριστοῦ
920 1213 996 1262 καὶ
1037 1213 1121 1274 τῆς
1160 1209 1352 1274 θηλείας
1391 1206 1445 1258 τὸ
1487 1203 1703 1271 δάκρυον,

111 1298 302 1356 μᾶλλον
343 1295 391 1346 δὲ
424 1295 601 1349 παντὸς
635 1301 719 1346 τοῦ
758 1298 961 1359 θηλειῶν
995 1292 1173 1360 γένους,
1216 1293 1277 1344 ὡς
1318 1292 1368 1341 ἐν
1410 1291 1602 1355 ἀπαρχῇ
1644 1284 1703 1354 τῇ

46 1395 94 1432 15
115 1376 331 1442 Μαριάμ.
385 1377 548 1444 πρώτη
583 1377 676 1444 γὰρ
703 1378 819 1441 αὕτη
853 1379 1099 1443 γυναικῶν,
1126 1378 1192 1443 τῷ
1229 1377 1312 1424 τοῦ
1341 1373 1562 1436 Σωτῆρος
1599 1370 1698 1420 ε’πι-

114 1458 439 1526 στυγνάσασα
477 1460 628 1522 πάθει,
656 1464 729 1511 καὶ
769 1458 928 1523 λύπην
967 1462 1193 1519 λαβοῦσα
1231 1454 1317 1519 τὴν
1356 1455 1425 1505 ἐπ’
1455 1454 1593 1520 αὐτῶ,
1621 1453 1745 1514 τῆςο

115 1548 198 1592 τοῦ
220 1542 398 1593 κλαίειν
418 1542 779 1606 ἀνακοπτούσης
798 1541 979 1610 ἠξιώθη
1003 1541 1179 1607 φωνῆς,
1200 1534 1514 1598 διικνουμένης
1535 1537 1706 1597 δηλον-

117 1622 187 1674 ότι
213 1627 295 1687 τῆς
320 1631 404 1675 τοῦ
443 1625 592 1691 λόγου
618 1623 856 1688 δυνάμεως
881 1625 957 1674 καὶ
983 1626 1044 1675 εἷς
1074 1620 1201 1673 ἅπαν
1228 1618 1283 1670 τὸ
1323 1622 1526 1683 θηλειῶν
1558 1615 1706 1681 γένος,

116 1705 242 1772 ε’ίπερ
283 1706 596 1772 ἐπαλγύνοιτο
636 1711 732 1760 τοῖς
778 1704 898 1756 κατὰ
937 1708 1154 1770 Χριστοῦ
1203 1699 1483 1764 τολμήμασι
1521 1697 1607 1762 τὴν
1645 1700 1708 1749 εἰς

46 1810 97 1834 20
117 1787 260 1839 αὐτὸν
287 1789 535 1853 τιμήσασα
570 1789 748 1851 πίστιν,
776 1789 851 1839 καὶ
886 1787 1140 1852 μονονουχὶ
1171 1782 1225 1835 τὸ
1254 1785 1301 1834 ἐν
1328 1786 1544 1851 ψαλμοῖς
1568 1780 1708 1830 ἐκεῖνο

117 1870 329 1937 λέγουσα
363 1878 388 1901 “
410 1872 535 1939 Οὐχὶ
571 1869 679 1925 τοὺς
713 1868 972 1935 μισοῦντάς
1008 1891 1064 1919 σε
1093 1866 1237 1932 Κύριε
1275 1866 1501 1929 ἐμίσησα,
1528 1865 1602 1914 καὶ
1634 1862 1708 1911 ἐπὶ
1769 1870 1914 1945 Ξέχνὶἰί

119 1960 145 1982 “
171 1959 267 2007 τοῖς
317 1955 499 2021 ἐχθροῖς
551 1976 643 2004 σου
698 1950 1018 2022 ἐξετηκόμην;
1081 1946 1262 2000 τέλειον
1314 1952 1457 2012 μῖσος
1515 1945 1709 2008 ἐμίσουν
1772 1938 1889 1993 21222.
1918 1936 1926 1944 ⁰

120 2043 147 2065 ‘⁶
172 2035 352 2099 αὐτοὺς,
388 2041 447 2089 εἷς
483 2034 677 2103 ἐχθροὺς
712 2032 926 2100 ἐγένοντό
961 2032 1081 2097 μοι.”

192 2119 332 2169 Ἀλλ’
364 2120 387 2169 ὁ
414 2117 498 2181 μὲν
528 2118 698 2184 Κύριος
724 2117 856 2181 ἡμῶν
881 2115 1069 2180 Ἰησοῦς
1101 2115 1126 2164 ὁ
1155 2112 1370 2178 Χριστὸς
1405 2117 1488 2163 τοῦ
1525 2114 1711 2177 θρηνεῖν
1735 2118 1763 2159 d

50 2221 100 2259 25
121 2200 445 2252 ἀπαλλάττων
472 2199 616 2263 αὐτὴν
640 2198 701 2250 τὰ
726 2197 919 2249 τοιαῦτά
946 2202 1112 2265 φησιν,
1133 2196 1161 2259 ἡ
1190 2196 1238 2246 δὲ
1264 2199 1357 2245 τῶν
1384 2193 1606 2259 γηπόνων
1633 2191 1713 2242 ἕνα

122 2281 376 2348 νομίζουσα
411 2282 492 2333 τὸν
534 2286 777 2331 λαλοῦντα
816 2279 1057 2346 ὑπάρχειν,
1106 2276 1439 2340 μετακομίσειν
1491 2275 1540 2324 εῦ
1579 2272 1714 2337 μάλα

124 2365 378 2429 προθύμως
402 2371 484 2416 τοῦ
513 2366 733 2429 Σωτῆρος
766 2361 822 2413 τὸ
861 2362 1095 2429 λείψανον
1122 2361 1195 2427 ἐφ’
1225 2358 1406 2424 ἑτέρους
1442 2358 1715 2422 ὑπισχνεῖτο

124 2447 308 2509 τόπους,
336 2452 373 2497 εἱ
405 2446 737 2513 παραδειχθείη
765 2444 923 2506 μόνον,
952 2443 1070 2494 ὅπου
1102 2465 1189 2508 περ
1217 2441 1358 2492 αὐτὸν
1384 2438 1714 2502 μετατέθεικεν.

125 2531 254 2581 οὔπω
280 2527 374 2595 γὰρ
401 2533 600 2579 συνεῖσα
625 2525 680 2578 τὸ
710 2525 831 2592 μέγα
858 2528 942 2589 τῆς
973 2524 1286 2576 ἀναστάσεως
1311 2520 1589 2586 μυστήριον,
1615 2522 1716 2571 ταῖς

55 2632 104 2668 30
124 2617 184 2666 εἷς
211 2617 348 2663 τοῦτο
376 2610 637 2663 καλούσαις
665 2609 891 2677 ὑποψίαις
917 2607 1168 2669 ἐβάλλετο.
1218 2604 1598 2669 δυσμαθέστεραι
1623 2599 1717 2667 γάρ

176 2793 207 2816 2.
228 2782 408 2826 μνημάτων
421 2780 462 2814 Ε.
480 2779 649 2824 μνημείων
661 2778 729 2813 Ed.
747 2780 807 2812 τοῦ
825 2777 986 2821 μνημείου
1004 2789 1035 2812 a.
1074 2776 1200 2810 Statim
1218 2772 1496 2817 ἐκκεκοσμιμένος
1510 2771 1552 2805 Ε.
1611 2779 1644 2814 5.
1662 2768 1720 2802 ε’π-

131 2829 282 2873 ορθωτὴν
300 2841 330 2861 a.
670 2838 722 2860 10.
750 2826 981 2870 ἐπεκρεμμᾶτο
1001 2824 1042 2858 Ε.
1378 2831 1431 2854 12.
1458 2819 1672 2860 ἀναιροῦντος
1690 2826 1722 2849 a.

135 2876 187 2909 18.
215 2875 261 2910 εἷς
279 2880 503 2918 assumptum
522 2885 564 2907 ex
583 2873 625 2907 E.
910 2882 965 2905 20.
991 2870 1168 2914 τιμήσασα
1186 2869 1216 2903 Ε
1234 2868 1332 2913 prius
1351 2867 1468 2910 script.
1488 2865 1525 2898 F.
1544 2863 1610 2897 Ed.
1625 2860 1721 2904 τιμή-

135 2936 242 2956 σασαι
261 2921 290 2955 Ε
311 2933 352 2955 ex
371 2932 460 2956 corr.
481 2919 548 2954 Ed.
567 2931 640 2965 mg.
821 2929 878 2952 21.
904 2917 955 2951 ἰ’σ.
972 2917 1140 2963 λέγουσαι
1158 2915 1225 2950 Ed.
1244 2926 1317 2959 mg.
1341 2913 1494 2958 λέγουσα
1511 2909 1617 2944 habet
1634 2908 1672 2942 F.

899 2985 973 3022 (22
