2012 3272
129 131 322 154 CHRISTUS

129 238 592 288 Catechumenigradatim
607 240 765 276 docendi
777 242 850 277 192
861 254 892 277 e.

128 302 246 340 Cerae
273 317 378 341 cerae
406 304 629 352 conjunctae
649 305 894 341 conferuntur

180 368 322 406 Christi
340 368 497 417 Corpori
514 382 671 417 corpora
686 375 816 405 nostra
830 383 893 417 per

181 433 455 470 Eucharistiam
476 435 678 483 conjuncta
699 437 775 471 863
792 447 813 470 a
826 435 862 470 b.

127 496 285 535 Certant
313 499 337 534 ii
367 499 430 546 qui
460 499 497 535 in
532 505 637 547 parte
671 505 817 535 tantum
846 499 889 535 M

182 566 230 600 22
253 564 315 601 fin.
339 567 388 601 23
410 564 489 600 init.

125 626 299 665 Charitas
347 629 394 665 ad
440 629 579 665 festum
634 628 890 677 peragendum

177 694 341 741 pertinet
364 697 438 731 742
457 707 476 730 c
515 693 706 742 quomodo
735 693 888 729 manda-

178 763 261 794 tum
280 771 422 795 novum
445 762 521 796 750
543 759 579 800 (1,
603 761 676 795 751
723 771 789 794 cur
809 771 888 794 om-

178 823 283 859 nium
303 824 493 871 praecellit
515 826 700 860 752-754
741 823 828 859 facit
850 829 890 859 ut

178 900 222 924 ea
252 901 345 936 quae
375 888 450 924 sint
479 888 637 924 aliorum
668 900 889 935 quaeramus

180 955 269 990 842.

125 1017 329 1054 Charitatis
356 1018 571 1067 conjunctio
598 1023 772 1054 nostrum
792 1017 890 1054 inter

177 1095 246 1118 nos
298 1083 517 1126 arctissima,
563 1082 684 1119 Patris
733 1082 763 1118 F
765 1083 889 1131 iliique

177 1147 337 1184 Unionis
358 1148 484 1196 imago
506 1150 582 1185 972
605 1148 628 1184 b
643 1160 661 1184 c
676 1147 712 1184 (1.

123 1212 298 1249 Chrisma
331 1213 547 1259 κατηχήσεως
581 1218 618 1249 et
648 1211 888 1260 perfectionis

176 1277 212 1313 in
235 1277 467 1325 Baptismate
488 1277 629 1314 Sancto
653 1279 729 1313 683
752 1289 784 1312 e.

123 1342 328 1380 Christiani
355 1342 533 1390 baptizati
557 1355 626 1378 nec
648 1341 789 1378 Christi
811 1342 885 1377 Eu-

175 1407 372 1444 charistiae
385 1408 596 1456 participes,
612 1420 633 1443 a
646 1408 722 1443 vita
736 1413 887 1443 aeterna

175 1472 318 1521 seipsos
339 1472 544 1509 excludunt
566 1475 642 1509 324
657 1486 687 1515 e,
711 1476 804 1510 325.

122 1537 358 1574 Christianus
379 1550 518 1574 nomen
537 1550 678 1574 novum
698 1539 738 1573 M
763 1540 824 1574 49.

121 1600 344 1639 Christianis
391 1602 489 1639 vires
538 1603 722 1652 pleniores
774 1615 886 1650 quam

173 1667 198 1703 J
203 1667 328 1703 udaeis
341 1667 503 1714 antiquis
517 1667 704 1704 ministrat
712 1667 886 1703 Christus

174 1731 219 1767 M
243 1735 291 1768 59
319 1733 374 1781 [p.
393 1733 504 1780 270].

121 1795 304 1834 Cmusro
326 1809 413 1832 cum
433 1797 664 1833 manendum
684 1802 740 1833 est
760 1800 834 1834 130
852 1810 884 1840 e,

177 1863 253 1898 384
270 1874 301 1903 e,
324 1864 399 1898 385
439 1868 619 1910 tanquam
649 1862 887 1911 Praeceptori

175 1925 255 1963 Soli
295 1927 576 1963 adhaerendum
617 1929 692 1963 384
732 1940 754 1963 a
785 1927 809 1963 b
865 1940 885 1964 e

174 1991 370 2028 Nazareth
387 1992 467 2028 fore
488 1992 661 2040 opinatus
686 1994 759 2029 132
782 1992 819 2028 b.

121 2055 295 2092 Christus
313 2056 577 2092 universorum
600 2057 780 2106 gaudium
805 2057 883 2093 lae-

174 2120 330 2168 titiaque
364 2124 436 2158 135
458 2121 494 2167 b,
525 2124 599 2158 201
629 2122 653 2158 (1
699 2122 885 2157 bonorum

175 2185 347 2221 omnium
374 2186 459 2222 fons
488 2186 532 2221 M
564 2188 613 2223 82
666 2198 732 2233 per
761 2186 884 2230 Quem

176 2249 303 2285 omnia
319 2250 592 2298 jucundissima
607 2250 655 2286 ad
673 2262 741 2286 nos
759 2253 835 2287 555
850 2263 883 2293 c,

176 2315 294 2352 909b
334 2314 603 2351 miraculorum
630 2314 778 2351 initium
809 2327 884 2350 non

175 2385 309 2427 sponte
347 2379 413 2416 sed
449 2385 570 2416 matre
608 2385 766 2428 rogante
795 2379 885 2416 facit

179 2445 252 2480 135
284 2444 340 2480 de
392 2457 458 2480 cur
497 2444 770 2493 Hierosolymis
809 2445 883 2480 dis-

175 2509 275 2545 cedit
316 2521 383 2545 cur
420 2522 593 2546 reversus
633 2511 709 2547 206
731 2523 763 2552 e,
791 2513 881 2552 207,

174 2574 223 2610 cf.
256 2576 330 2611 271
363 2586 396 2616 e,
435 2577 525 2617 272,
566 2577 641 2612 288
674 2588 694 2611 a
722 2575 759 2616 b,
805 2578 881 2613 395

172 2637 198 2675 J
203 2638 407 2674 udaeorum
425 2639 681 2687 rejectionem,
704 2640 882 2677 Gentium

174 2703 409 2739 vocationem
449 2703 571 2740 innuit
610 2707 686 2741 327
716 2706 752 2746 b,
794 2708 881 2747 396,

176 2770 266 2807 403,
284 2769 374 2807 404,
391 2769 468 2804 675
486 2780 505 2804 c
519 2768 543 2803 d
579 2769 679 2817 typis
699 2770 884 2806 indicatur

177 2834 253 2869 396
275 2844 307 2872 c,
332 2834 407 2868 397
465 2838 503 2868 et
539 2833 751 2870 labentibus
789 2834 884 2871 bene

175 2896 264 2933 facit
286 2899 362 2934 204
379 2909 399 2933 c
432 2896 652 2934 laetificatur
673 2898 885 2936 obedientia

209 2972 300 3001 VOL.
324 2972 389 3001 III.

673 116 882 152 INDEX
941 117 1184 154 RERUM.

1651 121 1728 155 617

1020 246 1149 277 nostra
1174 243 1247 277 201
1273 252 1291 276 e
1326 253 1394 288 pro
1414 240 1582 276 bonitate
1602 252 1731 288 preces

1019 318 1094 341 non
1114 310 1309 353 exspectat
1329 305 1394 341 sed
1410 304 1601 352 praevenit
1618 307 1694 341 207
1710 317 1731 340 c

1017 376 1171 406 naturae
1191 375 1342 406 nostrae
1362 370 1640 417 corruptionem
1662 382 1729 405 ex-

1017 435 1120 483 pellit
1143 437 1219 471 212
1242 435 1266 470 (1
1306 447 1383 470 non
1412 434 1539 470 Homo
1569 434 1730 481 simplex

1019 503 1094 536 273
1109 512 1142 541 e,
1162 502 1238 536 274
1254 512 1286 541 a,
1302 501 1378 536 928
1394 511 1414 535 c
1433 498 1730 546 Theophorusve

1017 564 1057 600 M
1080 567 1129 601 88
1172 565 1228 600 Eo
1250 564 1376 600 debita
1397 563 1496 600 Laus
1515 563 1557 600 M
1580 566 1644 600 85.

961 629 1134 667 Christus
1155 635 1211 666 est
1227 629 1303 674 Qui
1323 629 1394 665 olei
1414 629 1607 678 lecythum
1624 628 1729 665 Eliae

1017 694 1225 742 Prophetae
1277 694 1408 730 diebus
1465 694 1729 742 multiplicavit

1016 762 1092 796 280
1108 772 1127 795 e
1156 759 1286 795 mundi
1307 759 1418 807 hujus
1435 759 1592 807 principi
1611 759 1727 794 latere

1013 824 1130 860 voluit
1152 826 1227 861 282
1250 824 1272 860 b
1312 823 1488 871 Seipsum
1518 829 1558 859 ut
1588 824 1728 859 Panem

1013 889 1076 925 dat
1090 889 1136 925 ad
1150 888 1311 925 Suorum
1326 889 1469 925 animas
1483 889 1726 925 nutriendum

1014 956 1091 991 276
1112 954 1135 990 b
1174 954 1316 1002 gloriae
1340 953 1637 990 contemnendae
1659 966 1723 989 ex-

1012 1019 1154 1067 emplar
1175 1022 1253 1056 286
1271 1031 1303 1060 e,
1326 1021 1403 1056 287
1426 1032 1448 1055 a
1485 1018 1725 1067 interrogan-

1012 1084 1114 1120 tibus
1147 1084 1317 1120 tentandi
1351 1097 1464 1120 causa
1497 1084 1725 1131 respondere

1012 1162 1088 1185 non
1114 1149 1230 1195 solet;
1262 1149 1292 1185 si
1322 1149 1535 1197 respondet,
1557 1149 1605 1185 ad
1633 1161 1723 1184 con-

1011 1214 1290 1250 demnationem
1314 1216 1389 1250 309
1412 1226 1444 1249 c.

958 1278 1152 1314 Christum
1178 1279 1430 1315 adulabuntur
1454 1278 1551 1315 forte
1571 1278 1723 1327 quidam

1011 1343 1069 1380 die
1098 1344 1232 1380 ultima
1262 1346 1337 1381 297
1358 1344 1382 1379 (1
1418 1356 1488 1380 nec
1516 1343 1722 1391 intempes-

1010 1408 1084 1444 tive
1104 1409 1310 1456 benignum
1331 1409 1428 1444 Eum
1447 1408 1621 1445 Judicem
1642 1421 1722 1444 cer-

1010 1479 1100 1509 nent
1140 1476 1216 1511 298
1257 1486 1278 1509 a
1324 1474 1470 1521 Regem
1509 1473 1724 1510 habuerunt

1010 1538 1144 1575 Judaei
1167 1540 1242 1575 648
1266 1538 1424 1575 (1-649
1446 1551 1476 1574 c.

957 1601 1130 1640 Christus
1177 1604 1392 1639 nominatus
1449 1603 1537 1651 quia
1586 1608 1722 1639 unctus

1012 1670 1087 1705 393
1106 1668 1130 1704 d
1162 1674 1299 1704 unctus
1320 1668 1509 1716 quomodo
1530 1669 1609 1705 998
1622 1680 1654 1710 c,
1676 1667 1721 1703 M

1011 1735 1060 1769 92
1078 1733 1140 1769 fin.
1177 1733 1366 1782 quomodo
1388 1733 1498 1769 sciret
1519 1733 1722 1780 reprobare

1009 1798 1164 1842 malum,
1207 1798 1345 1847 eligere
1382 1798 1525 1834 bonum
1565 1800 1638 1834 411
1663 1797 1687 1833 d
1703 1810 1723 1833 e

1011 1862 1061 1899 Se
1089 1863 1304 1904 humilians,
1335 1863 1546 1899 exaltatur:
1576 1875 1659 1905 nos,
1691 1863 1722 1898 si

1009 1927 1152 1975 seipsos
1180 1927 1438 1969 humiliemus,
1471 1933 1508 1963 et
1541 1927 1722 1964 exaltabit

1011 1994 1087 2029 287
1118 2004 1138 2028 c
1158 1992 1182 2028 d
1245 2005 1309 2028 eos
1341 1993 1564 2041 quibuscum
1593 1998 1651 2028 est
1674 1993 1720 2028 ab

1009 2057 1112 2093 omni
1142 2057 1391 2105 trepidatione
1416 2063 1453 2094 et
1481 2057 1647 2105 periculo
1676 2057 1719 2092 li-

1008 2122 1115 2158 berat
1135 2125 1209 2159 291
1229 2135 1249 2158 c
1262 2123 1285 2158 d
1322 2135 1398 2158 non
1419 2122 1546 2158 statim
1566 2122 1720 2157 veniens

1009 2186 1075 2222 sed
1094 2187 1130 2222 in
1163 2187 1338 2222 extremis
1367 2187 1582 2234 inopinatus
1604 2189 1678 2223 291
1699 2199 1719 2222 e

1007 2263 1075 2298 pro
1122 2251 1230 2286 nobis
1278 2263 1422 2298 passus,
1465 2263 1542 2287 non
1590 2251 1718 2286 Homo

1008 2315 1131 2351 solum
1170 2316 1235 2352 sed
1269 2316 1371 2352 Deus
1406 2317 1507 2353 1060
1538 2315 1563 2351 (1
1619 2314 1719 2357 Rex,

1007 2380 1153 2416 etiamsi
1187 2393 1263 2416 non
1301 2380 1553 2416 confiteantur
1582 2379 1607 2416 J
1613 2379 1720 2415 udaei

1011 2448 1112 2482 1062
1134 2458 1156 2481 a
1194 2445 1347 2493 periculi
1369 2445 1492 2481 omnis
1511 2444 1648 2481 solutio
1663 2444 1718 2480 la-

1006 2511 1213 2558 borumque
1229 2515 1378 2557 praeter
1398 2522 1503 2557 spem
1523 2509 1717 2545 Perfector

1007 2575 1310 2623 exspectantibus
1341 2575 1438 2610 Eum
1470 2576 1545 2611 292
1567 2573 1591 2609 b
1627 2573 1718 2609 Vita

1006 2640 1136 2676 Vitam
1157 2639 1329 2687 Seipsum
1354 2639 1524 2675 fidelibus
1554 2639 1617 2674 dat
1638 2641 1716 2674 350

1008 2717 1072 2750 ac,
1091 2706 1165 2741 361
1183 2717 1214 2745 c,
1234 2706 1309 2741 362
1326 2704 1363 2746 b,
1383 2706 1458 2740 363
1473 2704 1496 2739 b
1513 2716 1565 2745 ce
1593 2703 1631 2737 in
1648 2714 1714 2737 no-

1007 2769 1065 2805 bis
1085 2781 1151 2817 per
1170 2771 1369 2818 mysticam
1391 2768 1578 2815 eulogiam
1601 2768 1677 2803 364
1692 2766 1717 2801 d

1007 2834 1047 2870 in
1065 2834 1187 2876 nobis,
1207 2847 1277 2870 nos
1297 2834 1334 2869 in
1356 2834 1453 2869 Eum
1475 2834 1549 2869 365
1572 2844 1605 2874 a,
1627 2831 1676 2867 ib.
1695 2843 1715 2867 c

1007 2911 1077 2936 nos
1096 2898 1340 2935 transformat
1363 2898 1401 2934 in
1422 2896 1472 2934 Se
1494 2898 1569 2934 366
1591 2909 1611 2933 e
1647 2908 1715 2944 per

873 2974 949 3011 41<
