2012 3272
134 140 217 181 xiv.
242 154 263 182 2
286 156 372 195 sqq.
435 142 504 182 IN
539 143 624 184 ΕΡ.
656 144 691 184 Ι.
729 145 812 185 AD
849 145 1236 191 CORINTHIOS.
1287 149 1402 192 LIB.
1427 152 1479 192 V.
1631 155 1711 194 291

1784 220 1824 262 67
1843 221 1892 253 M.
1910 221 1922 263 ]

132 255 159 278 “
186 250 352 303 ὕδατος
378 250 562 316 §ah-ros·
605 259 743 304 τοῦτο
770 254 817 304 δὲ
855 253 992 318 εἶπεν,
1025 259 1161 323 φησὶ,
1190 259 1294 322 περὶ
1329 265 1412 309 τοῦ
1440 259 1715 324 Πνεύματος
1755 220 1768 262 [

132 337 158 359 ‘⁶
184 331 237 380 οῦ
275 331 479 393 ἔμελλον
506 334 769 396 λαμβάνειν
796 340 838 387 οἱ
871 337 1169 391 πιστεύοντες
1209 344 1271 393 εἷς
1312 339 1498 391 αὑτόν.”
1540 345 1614 392 καὶ
1650 343 1714 406 μὴ

130 412 395 480 θαυμάσῃς·
459 418 495 464 εἰ
542 416 634 481 γοῖρ
683 418 815 467 ἐστιν
858 417 997 472 αὐτὸς
1046 425 1071 448 “
1098 420 1122 469 ὃ
1167 420 1379 484 ποταμὸς
1425 429 1508 473 τοῦ
1549 426 1712 486 Θεοῦ,”
1733 439 1786 469 I‘s-
1803 439 1937 470 lxiv-10-

129 492 246 543 κατὰ
273 494 358 557 τὴν
383 501 465 545 τοῦ
490 495 768 562 ψάλλοντος
791 499 967 567 φωνὴν,
988 501 1011 549 ὁ
1038 500 1226 567 πλήρης
1253 502 1448 566 ὑδάτων,
1469 505 1493 553 ὁ
1520 506 1710 572 χειμάρ-
1732 525 1936 567 1'0.xxxv.9.

87 586 109 624 5
128 575 237 641 ῥους
271 578 353 638 τῆς
388 581 583 645 τρυφῆς,
610 577 663 629 ὃν
688 578 888 644 ποτίζειν
913 582 1102 646 λε’γεται
1129 581 1236 636 τοὺς
1261 585 1546 649 ἀγαπῶντας
1571 586 1714 637 αὑτὸν

129 657 154 706 ὁ
183 655 304 709 Θεὸς
343 659 417 707 καὶ
447 658 628 726 Πατὴρ,
656 665 756 714 πῶς
791 662 873 712 οὐκ
906 661 996 713 ἐ’δει
1021 663 1074 714 τὸ
1103 667 1298 728 Πνεῦμα
1329 667 1470 718 αὐτοῦ
1500 665 1632 731 πόμα
1664 692 1713 719 τε

129 739 204 787 καὶ
246 740 368 803 ὕδωρ
395 745 604 791 νοεῖσθαι
642 740 695 793 τὸ
731 741 987 807 ζωοποιόνς
1023 745 1189 795 οὐκοῦν
1215 750 1277 799 εἷς
1304 746 1498 812 ἑνότητα
1540 757 1709 814 κεκλη-

129 818 258 882 μένοι
296 819 372 870 διὰ
410 827 492 871 τοῦ
519 822 807 886 Πνεύματος,
840 825 1105 889 σύσσωμοί
1139 850 1188 877 τε
1226 828 1473 893 γεγονότες
1500 834 1714 901 Χριστῷ,

129 903 211 964 τῆς
236 900 423 966 ἀγάπης
449 901 531 952 τὸν
557 903 828 969 σύνδεσμον
856 906 1138 974 τηρήσωμεν
1164 910 1361 976 ἀῤῥαγῆ.

61 1204 109 1229 10
527 1193 807 1243 ΤΟΜΟΣ
860 1196 901 1243 Ε
952 1197 1207 1246 ΛΟΓΟΣ
1259 1199 1314 1247 Β.

123 1385 176 1426 ‘O
204 1385 281 1444 Γὰρ
308 1389 454 1431 λαλῶν
481 1391 664 1450 Γλώοσῌ,
687 1393 762 1434 οὐκ
789 1393 1035 1451 ἀνθρώποις
1062 1393 1198 1447 λαλεῖ,
1225 1396 1336 1438 ἀλλὰ
1364 1400 1426 1453 τῷ
1448 1398 1545 1454 Θεῷ
1570 1402 1712 1446 κ.τ.λ.
1734 1380 1916 1488 ἕξῗῖᾆιὸι·

201 1511 488 1580 Ἐξίστησιν
515 1515 680 1570 αὐτοῦς
717 1523 800 1568 τοῦ
838 1521 1006 1585 χρῆναι
1046 1520 1243 1586 νομίζειν
1268 1519 1328 1575 ὥς
1367 1522 1470 1572 ἐστι
1496 1522 1552 1586 δὴ
1584 1527 1710 1586 μᾶλ-

126 1598 215 1643 λον
240 1594 358 1659 πρὸς
395 1596 602 1650 εὐκλείας
637 1599 779 1662 αὐτῆς
813 1605 896 1649 τοῦ
924 1602 1233 1666 διερμηνεύειν
1264 1601 1322 1652 τὰ
1357 1608 1632 1671 προφητῶν,
1659 1603 1713 1655 τὸ

126 1674 381 1739 γλώσσαις
419 1682 599 1728 λαλεῖν·
648 1681 1057 1745 προϋποκειμένων
1095 1682 1188 1749 γὰρ
1220 1686 1268 1734 ἐν
1300 1684 1409 1747 ἡμῖν
1440 1686 1515 1735 καὶ
1552 1708 1714 1751 προτι-

63 1776 109 1815 15
127 1756 353 1820 μωμένων
384 1759 588 1813 πίστεώς
628 1783 675 1810 τε
715 1763 790 1812 καὶ
829 1762 1019 1816 ἐλπίδος
1058 1766 1133 1814 καὶ
1171 1763 1266 1828 μὴν
1292 1768 1367 1816 καὶ
1407 1765 1592 1832 ἀγάπης
1631 1770 1714 1829 τῆς

127 1840 189 1890 εἰς
217 1837 342 1889 Θεόν
379 1862 430 1890 τε
469 1842 544 1890 καὶ
579 1841 830 1910 ἀδελφοὺς,
858 1844 958 1908 ἥτις
992 1846 1068 1895 καὶ
1107 1844 1285 1900 παντὸς
1323 1853 1406 1897 τοῦ
1447 1847 1592 1910 νόμου
1630 1848 1714 1911 τὴν

126 1917 378 1985 πλήρωσιν
405 1920 511 1988 ἔχει,
539 1924 925 1989 προσεπαγέσθω
953 1924 1011 1976 τὰ
1037 1926 1186 1992 ἕτερα·
1229 1926 1334 1978 τότε
1372 1927 1463 1994 γὰρ
1498 1929 1602 1980 τότε
1637 1931 1712 1980 καὶ

127 2002 236 2051 λίαν
262 2002 335 2052 ἐπὶ
361 2008 523 2069 καιροῦ
550 2006 624 2054 καὶ
653 2005 807 2055 αὐτῶν
833 2005 1041 2069 ἐσόμεθα
1066 2012 1160 2057 τῶν
1178 2009 1309 2074 παρὰ
1327 2013 1452 2060 Θεοῦ
1471 2010 1710 2077 χαρισμά-
1730 2028 1787 2062 68
1810 2027 1871 2063 Μ.

126 2103 220 2132 των
245 2084 614 2147 μεμεστωμένοι,
644 2088 719 2136 καὶ
746 2085 829 2140 τὰς
856 2086 931 2137 διὰ
957 2093 1041 2138 τοῦ
1070 2089 1348 2151 Πνεύματος
1374 2090 1707 2156 καταπλουτή-

61 2183 110 2208 20
127 2185 276 2227 σομεν
307 2164 498 2230 δωρεάς·
554 2165 608 2216 τὸ
647 2169 956 2235 προφητεύειν
983 2169 1221 2220 δύνασθαί
1255 2176 1390 2239 φημι,
1417 2172 1630 2223 τουτέστι
1658 2172 1712 2223 τὸ

127 2246 433 2310 διερμηνεύειν
462 2246 522 2297 τὰ
561 2253 836 2316 προφητῶν.
876 2250 1288 2316 ε’νηνθρωπηκότος
1328 2252 1420 2319 γὰρ
1460 2251 1595 2321 ἅπαξ
1628 2259 1712 2304 τοῦ

129 2328 446 2392 Μονογενοῦς,
492 2329 727 2383 παθόντος
771 2353 822 2381 τε
867 2333 943 2381 καὶ
984 2331 1310 2399 ἐγηγερμένον,
1356 2335 1432 2385 καὶ
1474 2337 1556 2398 τῆς
1600 2336 1707 2385 καθ’

176 2476 229 2500 10.
257 2466 312 2500 Ita
330 2468 379 2502 H.
571 2479 624 2503 12.
653 2469 726 2504 Ine.
743 2469 882 2514 Ἐπειδὴ
900 2471 986 2515 μέγα
1004 2471 1173 2516 ἐφρόνουν
1191 2473 1221 2506 οἶ
1238 2473 1279 2507 τὰ
1296 2473 1491 2518 χαρίσματα
1508 2477 1575 2507 τῶν
1591 2475 1708 2518 γλώσ·-

127 2525 198 2545 σων
213 2514 378 2551 λαβόντες
395 2514 449 2547 καὶ
466 2517 564 2548 τοῦτο
581 2517 715 2559 μᾶλλον
732 2517 875 2561 ἐχρῆντο
893 2518 1124 2562 φιλοκομπίας
1140 2519 1298 2563 ἀφορμὴν
1315 2520 1490 2564 δεχόμενοι
1503 2521 1541 2554 τὸ
1557 2523 1709 2563 σημεῖον,

126 2558 342 2602 παρημέλουν
360 2561 395 2593 δέ
416 2563 476 2594 τοῦ
494 2561 714 2606 εὐαγγελικοῦ
732 2562 954 2608 κηρύγματος·
983 2564 1291 2608 ἀποσεμνυνόμενοι
1316 2566 1350 2599 δὲ
1373 2567 1417 2601 ὡς
1437 2568 1524 2611 ἔφην
1543 2568 1595 2601 ε’πὶ
1618 2570 1709 2613 μόνῳ

127 2606 172 2649 τῷ
190 2604 352 2640 δύνασθαι
370 2608 549 2650 γλώσσαις
568 2610 698 2650 λαλεῖν,
716 2609 838 2643 τούτου
856 2624 892 2643 τε
909 2611 962 2643 καὶ
979 2612 1082 2652 μόνου
1095 2612 1178 2652 μετὰ
1196 2613 1233 2645 τὸ
1251 2613 1423 2646 ποιεῖσθαι
1436 2613 1486 2646 δεῖ
1499 2613 1579 2655 (Sic)
1592 2611 1708 2658 ᾤοντο,

127 2650 277 2685 διδάσκει
295 2654 312 2685 ὁ
330 2654 468 2688 Παῦλος
485 2654 536 2687 ὅτι
557 2656 720 2697 κρεῖσσον
742 2658 801 2689 τοῦ
822 2657 941 2689 λαλεῖν
957 2659 1137 2701 γλώσσαις
1158 2659 1196 2691 τὸ
1220 2658 1289 2692 δεῖν
1306 2660 1376 2693 τοῖς
1398 2658 1516 2703 ὄχλοις
1532 2660 1573 2692 τὰ
1591 2660 1626 2693 ἐκ
1643 2664 1709 2693 τῶν

126 2695 229 2740 ἁγίων
244 2700 430 2743 προφητῶν
448 2700 668 2745 διαλέγεσθαι
691 2702 744 2734 καὶ
766 2703 836 2737 τοῖς
862 2703 1092 2747 εὐαγγελικοῖς
1109 2704 1347 2748 συναγορεύειν
1364 2705 1525 2750 δόγμασι.
1556 2720 1707 2748 προυπο-

127 2742 282 2785 κειμένων
299 2744 379 2789 (14)
401 2745 448 2778 H.
605 2759 657 2789 14.
684 2748 739 2781 καὶ
755 2749 1017 2793 προτιμωμένων
1034 2757 1215 2793 assumpta
1232 2762 1273 2783 ex
1295 2751 1341 2783 H.
1496 2761 1546 2793 15.
1572 2753 1636 2793 μὴν
1654 2752 1708 2784 καὶ

128 2799 196 2822 om.
217 2789 265 2823 H.
398 2791 450 2824 16.
476 2807 526 2827 τις
543 2800 765 2836 assumptum
783 2806 825 2827 ex
846 2794 894 2828 H.
1028 2807 1080 2839 17.
1107 2795 1302 2841 πλήρωσιν]
1322 2798 1539 2841 παράκλησιν
1557 2798 1636 2839 (sic)
1658 2797 1706 2831 H.

127 2835 398 2881 προσεπαγέσθω
415 2838 454 2871 τὰ
475 2838 571 2882 ἕτερα
588 2845 621 2872 et
637 2840 702 2884 γὰρ
720 2841 1099 2885 τότε-μεμεστωμένοι
1117 2854 1188 2876 om.
1210 2842 1257 2877 H.
1436 2856 1488 2887 19.
1515 2841 1706 2885 καταπλήτ-

128 2893 227 2923 τομεν
246 2881 294 2916 H.
419 2894 474 2917 20.
500 2886 588 2929 φημι
606 2891 638 2918 et
655 2886 694 2919 τὸ
713 2887 770 2920 alt.
791 2898 860 2921 om.
881 2887 929 2921 H.
1050 2899 1105 2922 21.
1132 2887 1703 2934 ε’νηνθρωπηκότος--Μονογενοῦς]

128 2928 187 2959 τοῦ
202 2928 268 2972 γὰρ
286 2932 499 2974 Μονογενοῦς
517 2930 807 2976 ἐνηνθρωπηκότος
826 2933 874 2967 Η.
1027 2945 1082 2969 22.
1109 2934 1349 2980 ἐγηγερμένον]
1369 2935 1575 2969 ἀναστάντος
1595 2935 1642 2968 H.

868 3000 988 3040 PPZ
