1981 3267
273 141 328 179 56
678 141 725 181 B.
761 141 1036 182 CYRILLI
1078 142 1464 182 ALEXANDR.
1569 141 1855 197 xviii.38,39,

271 250 347 297 καὶ
388 249 844 314 δυσπαρακόμιστον
878 254 940 304 εὶς
979 249 1032 301 τὸ
1072 255 1262 319 φρονεῖν
1294 250 1471 301 ἐθέλειν
1503 252 1667 317 ὀρθῶς,
1694 250 1856 314 ἐποίγει

270 330 517 396 χρησίμως
546 333 648 387 Πῖις
683 338 701 384 ὁ
738 330 790 383 ῶν
821 334 872 384 ἐκ
910 332 984 392 τ’ἦς
1023 331 1233 393 ἀληθείαις
1271 332 1418 384 ἀκούει
1458 356 1543 399 μου
1581 331 1654 392 τ’ἦς
1693 331 1850 401 φωνῆς.

270 411 613 478 εὐπαροίδεκτος
649 412 743 478 γὰρ
780 416 863 477 τῆς
898 414 1121 478 ἀληθείας
1157 415 1181 464 ὀ
1217 412 1362 480 λόγος
1396 418 1492 467 τοῖς
1525 413 1614 477 ἤδη
1648 412 1862 476 μαθοῦσί

269 516 319 544 τε
358 517 434 545 και
472 496 725 560 ἀγαπῶσιν
764 494 923 559 αὐτὴν,
959 500 1055 550 τοῖς
1095 494 1144 546 δε
1182 495 1248 559 μὴ
1286 495 1524 558 τοιούτοις,
1560 496 1724 546 οὐκετι.
1780 518 1856 546 και

49 585 206 627 Es·vii·9
270 582 387 687 γοῦν
432 577 457 626 ὁ
502 576 753 645 προφήτης
798 575 962 642 ἐ’λεγεν
999 576 1228 675 “Ησα“ιἀς’
1254 576 1372 643 πρός
1416 600 1544 630 τινας
1581 584 1608 606 “
1634 575 1753 627 Ἐὰν
1789 576 1854 641 μὴ

271 660 627 722 “πιστεύσητε,
670 659 769 709 οὐδ’
813 660 866 709 οὐ
909 659 974 723 μὴ
1025 660 1242 723 συνῆτε.”
1303 658 1328 709 ὃ
1373 661 1450 710 καὶ
1500 657 1633 712 εὐθὺς
1682 658 1854 723 ἀληθὲς

271 739 485 807 ὑπάρχον
511 739 785 795 ἀποδεικνὺς
821 741 846 791 5
875 740 1088 794 Πιλάτος
1120 741 1212 810 ἐφη
1239 742 1297 792 Τί
1324 741 1435 792 ἐστιν
1461 740 1670 802 ἀληθειας
1713 739 1854 808 ὅνπερ

270 820 364 887 γὰρ
399 819 575 887 τρόπον
606 827 702 876 τοῖς
738 821 823 886 τὴν
855 828 937 873 τοῦ
975 823 1200 886 σώματος
1239 821 1355 890 ὄψιν
1389 823 1753 886 λελωβημένοις,
1779 825 1854 874 καὶ

269 902 596 954 ἐκπεπτωκόσι
640 908 886 958 παντελῶς
936 907 1019 969 τῆς
1067 905 1121 955 δι’
1168 905 1436 972 ὀφθαλμῶν
1480 902 1763 968 αἰσθήσεως,
1807 907 1855 956 ἐν

270 985 419 1035 οὐδενὶ
457 985 674 1036 τέτακται
712 990 972 1049 παντελῶς,
1004 985 1121 1037 ὅσον
1155 986 1266 1051 ἧκεν
1301 989 1362 1040 εἷς
1398 986 1608 1053 εὐχροίας
1644 986 1853 1049 δύναμιν,

270 1068 345 1116 καὶ
381 1070 419 1118 εἰ
457 1066 641 1134 χρυσόν
673 1091 742 1121 τις
780 1069 1133 1134 παρακομίσειε,
1161 1070 1236 1119 καὶ
1270 1072 1307 1119 εἰ
1341 1067 1564 1134 λαμπρὸν
1594 1070 1670 1119 καὶ
1703 1068 1855 1120 πολύ-

18 1142 21 1144 ’
48 1159 214 1195 1040A.
231 1170 405 1212 ατιμον
429 1150 653 1218 ἐπιδείξαι
680 1150 833 1201 λίθον·
877 1149 1008 1201 ἀλλά
1034 1152 1110 1201 καὶ
1136 1150 1250 1201 αὐτὸ
1276 1153 1357 1214 τῆς
1384 1150 1520 1214 ἡλίου
1545 1153 1856 1218 μαρμαρυγῆς

269 1230 581 1291 ἀθαύμαστον
638 1232 772 1283 ἔσται
827 1230 881 1282 τὸ
943 1236 1060 1301 φῶς,
1111 1233 1330 1296 οὐδεμίαν
1380 1232 1609 1296 α’ίσθησιν
1657 1232 1855 1285 ἐνιέντος

267 1313 425 1366 αὐτοῖς
452 1319 536 1364 τοῦ
561 1313 856 1380 πράγματος,
884 1313 1031 1380 ἤγουν
1057 1314 1332 1366 ἀπόνασθαί
1358 1336 1481 1367 τινος
1513 1318 1608 1365 τῶν
1633 1313 1854 1365 τοιούτων

266 1393 390 1463 ἐξόν·
435 1396 555 1446 οὕτω
583 1401 678 1450 τοῖς
712 1396 875 1463 ἔχουσι
909 1396 1248 1463 πεπηρωμένον
1273 1396 1356 1447 τὸν
1381 1402 1490 1446 νοῦν
1516 1396 1853 1460 ἀκαλλεστάτη

265 1499 335 1530 τις
379 1475 495 1528 εἶναι
539 1480 668 1528 δοκεῖ
705 1480 782 1528 καὶ
825 1478 1041 1542 δυσειδὴς
1085 1479 1112 1542 ἡ
1155 1477 1364 1543 ἀλήθεια,
1404 1478 1554 1529 καίτοι
1596 1478 1766 1542 νοητήν
1803 1501 1850 1528 τε

265 1560 341 1610 καὶ
392 1560 522 1611 θείαν
565 1559 881 1627 μαρμαρυγὴν
930 1565 1031 1613 ταῖς
1081 1565 1176 1611 τῶν
1227 1560 1445 1627 ὁρώντων
1490 1561 1636 1624 αὐτὴν
1679 1561 1852 1611 ἐνιεῖσα

264 1644 457 1709 ψυχαῖς.

267 1802 342 1843 Καὶ
379 1808 506 1845 τοῦτο
544 1802 678 1845 εἰπὼν
716 1804 844 1845 Πάλιν
882 1805 1039 1847 ἐξῆλθε
1077 1805 1184 1861 Πρὸς
1222 1803 1321 1845 τοὺς
1348 1802 1598 1854 Ἰουδαίους,
1632 1804 1700 1844 καὶ
1738 1803 1851 1851 λέῑΓι-ῑι

195 1898 244 1935 39
334 1884 481 1928 αὐτοῖς
502 1887 620 1934 ἸΞΓὼ
651 1887 855 1937 οὐδεμίαν
888 1887 1073 1944 εὑρίσκω
1099 1888 1143 1928 ὲν
1178 1888 1294 1941 αὐτῷ
1329 1885 1483 1929 αἰτίαν.
1525 1887 1614 1929 ἔστι
1648 1886 1694 1928 δὲ
1727 1888 1852 1929 συνύ-

330 1977 423 2009 Θεια
473 1967 568 2018 ὑμῖν
619 1970 687 2011 ἵνα
736 1972 811 2011 ἕνα
862 1970 1035 2019 δέσμιον
1084 1971 1293 2012 ἀπολύσω
1342 1968 1436 2019 ὑμῖν
1486 1970 1531 2010 ἐν
1579 1971 1641 2024 τῷ
1694 1970 1847 2025 Πάσχα·

218 2055 243 2093 b
331 2054 533 2101 βούλεσθε
571 2051 643 2094 οὖν
682 2053 891 2096 ἀπολύσω
927 2051 1022 2102 ὑμῖν
1059 2053 1132 2095 τὸν
1172 2055 1345 2103 βασιλέα
1383 2053 1470 2095 τῶν
1501 2052 1754 2105 Ἰουδαίων;

337 2171 420 2220 Εἷς
470 2166 734 2233 κατάκριμα
784 2170 867 2231 τῆς
910 2167 1151 2218 Ἰουδαίων
1194 2166 1474 2235 ἀφιλοθείας
1518 2189 1566 2217 τε
1612 2168 1730 2231 ὁμοῦ
1775 2169 1851 2218 καὶ

260 2249 517 2313 ὠμότητος,
548 2249 634 2314 τὴν
666 2255 749 2300 τοῦ
784 2250 962 2301 δικαίου
997 2251 1072 2300 καὶ
1107 2249 1369 2316 πρέποντος
1398 2248 1682 2317 προΐσχεται
1720 2253 1845 2314 γνῶ-

260 2355 355 2394 σιν,
388 2333 413 2382 5
451 2330 516 2395 μὴ
558 2336 654 2385 τοῖς
693 2332 830 2385 θείοις
869 2331 1148 2396 μαθήμασιν
1189 2333 1418 2399 ἐπαυχῶν,
1454 2331 1762 2397 ἀνθρωπίνων
1799 2330 1849 2381 δὲ

261 2413 433 2481 φύλαξ
465 2413 799 2478 διορισμάτων,
827 2416 902 2463 καὶ
942 2411 1006 2463 ῶν
1042 2416 1193 2479 δῶρον
1229 2412 1322 2481 εἶχε
1360 2412 1447 2477 τὴν
1479 2412 1644 2481 ἀρχὴν,
1670 2412 1849 2463 τούτων

261 2494 332 2545 ὅτι
366 2494 422 2558 δὴ
455 2493 673 2558 μάλιστα
706 2493 766 2545 τὰ
801 2495 1112 2559 θεσπίσματα
1146 2494 1526 2559 δυσωπούμενος.
1583 2493 1608 2545 ὃ
1639 2493 1849 2560 δρῶντοίς

261 2599 311 2627 τε
354 2579 429 2626 καὶ
475 2581 668 2643 φρονεῖν
709 2576 958 2637 ἑλομένους
1001 2575 1109 2630 τοὺς
1151 2581 1246 2627 τῶν
1283 2576 1553 2628 Ἰουδαϊκῶν
1592 2574 1848 2641 ταγμάτων

260 2656 542 2723 καθηγητὰς,
578 2656 635 2721 ἧν
667 2657 726 2708 ἂν
764 2657 914 2722 δήπου
953 2659 1029 2708 καὶ
1066 2658 1175 2709 λίαν
1213 2657 1334 2711 εἰκὸς
1372 2657 1458 2722 τὴν
1496 2664 1579 2708 τοῦ
1618 2657 1848 2718 διαβόλου

220 2739 419 2806 οπάγην
458 2739 779 2802 ὑπεκθεόντας,
815 2742 891 2791 καὶ
929 2739 983 2790 τὸ
1023 2744 1118 2790 τῶν
1158 2740 1324 2790 ἄλλων
1363 2738 1584 2791 ἁπάντων
1617 2740 1843 2805 μυσαρώ-

305 2896 338 2929 8.
366 2895 418 2928 καὶ
437 2906 508 2928 om.
530 2894 570 2929 Ε.
818 2905 873 2928 20.
899 2892 1007 2938 Ἐγὼ]
1034 2898 1067 2934 -{›-
1091 2893 1125 2927 δὲ
1147 2894 1187 2927 E.
1437 2904 1492 2927 21.
1518 2893 1684 2928 ἀπολύσω
1705 2894 1745 2929 Ε.
1763 2895 1845 2928 ἀπο-

259 2942 331 2976 λύω
353 2942 417 2975 Ed.

1875 591 1896 629 5

1877 1009 1925 1033 10

1867 2756 1918 2792 30
