2001 3257
306 107 386 147 152
703 107 753 147 Β.
787 106 1062 148 CYRILLI
1104 109 1490 151 ALEXANDR.
1723 125 1791 149 xx.
1818 122 1883 164 29.

301 217 468 266 οὐκοῦν
508 214 663 283 ἐπῄνει
703 214 1066 277 πεπιστευκότα,
1112 219 1186 267 καὶ
1229 218 1337 267 λίαν
1379 219 1543 284 ὀρθῶς.
1599 218 1709 271 ’ίδοις
1749 216 1787 268 δ’
1827 215 1886 267 ἂν

301 303 440 348 τοῦτο
467 296 678 364 ὑπάρχον
699 296 885 360 ἀληθὲς,
913 299 988 347 καὶ
1014 296 1148 360 μάλα
1174 299 1355 365 ῥᾳδίως.
1397 298 1516 364 πρὸς
1540 298 1632 365 γὰρ
1657 297 1739 349 τὸν
1765 299 1885 349 οὕτω

300 378 648 431 πεπιστευκότα
679 381 753 428 καὶ
780 380 1078 442 διακείμενον,
1106 381 1180 430 ἐπὶ
1205 377 1328 431 τέλει
1355 386 1438 430 τοῦ
1464 382 1738 446 εὐαγγελίου
1764 380 1892 447 φησί

80 466 237 541 Ξέίὴῗξὼ·
302 468 329 490 “
360 460 670 526 Πορευθέντες
711 459 1037 523 μαθητεύσατε
1082 460 1238 511 πάντα
1283 460 1341 510 τὰ
1380 460 1535 525 ἔθνη.”
1579 465 1615 511 εἰ
1655 461 1702 512 δὲ
1741 464 1886 517 οὕτως

83 560 133 594 19·
188 535 193 541 ¹
302 542 470 608 ἔχοντα
496 541 684 606 γνώμης
716 539 874 591 πάντα
900 540 960 591 τὰ
985 542 1094 604 ε”θνη
1122 541 1360 592 διδάσκειν
1388 543 1575 605 κελεύει,
1603 545 1678 593 καὶ
1704 566 1880 606 μυστα-

301 622 461 688 γωγὸν
499 621 639 672 αὐτὸν
672 622 901 690 ἀνέδειξεν
933 622 1261 686 οἶκουμενικὸν,
1293 625 1379 691 οὐχ
1415 625 1574 689 ἑτεραν
1612 625 1731 688 ἡμᾶς
1765 625 1886 692 ἔχειν

300 702 522 764 βούλεται
550 701 636 766 τὴν
662 704 839 755 πίστιν.
890 703 1039 773 Κύριος
1065 704 1158 770 γὰρ
1184 704 1328 759 ὅντως
1355 707 1457 756 ἐστὶ
1484 706 1602 756 κατὰ
1635 705 1782 773 φύσιν
1809 709 1885 757 καὶ

302 785 414 839 &5⁸05-
441 785 515 834 καὶ
543 783 618 835 ὅτε
649 785 841 850 γε’γονεν
868 786 1131 852 ἄνθρωπος.
1181 787 1394 838 κατανόει
1427 786 1520 853 γὰρ
1547 786 1617 837 ὅτι
1655 786 1810 854 χεῖράς
1835 811 1884 838 τε

301 866 375 915 καὶ
399 865 546 918 πόδας
573 868 648 916 καὶ
674 866 885 933 πλευρὰν
905 867 1211 936 ψηλαφήσας
1233 870 1257 918 ὁ
1283 868 1495 933 μαθητὴς
1516 867 1885 935 προσκεκόμικεν

301 947 426 1015 αὐτῷ
451 945 537 1010 τὴν
564 948 840 1013 ὁμολογίαν,
872 950 955 999 οὐκ
987 953 1049 1003 εἷς
1081 953 1190 1000 υἱῶν
1224 949 1372 1000 δυάδα
1402 949 1630 1013 διατεμὼν
1656 949 1737 1000 τὸν
1760 951 1879 1012 Ἐμ-

81 1044 178 1078 1110
195 1043 245 1078 Α.
263 1053 285 1077 a
299 1026 535 1091 μανουὴλ,
565 1030 675 1078 ἀλλ’
705 1029 784 1079 ἕνα
816 1032 892 1080 καὶ
920 1028 1002 1080 τὸν
1029 1029 1169 1081 αὑτὸν
1197 1031 1521 1096 ἐπιγινώσκων
1544 1030 1662 1094 μετὰ
1686 1030 1880 1096 σαρκός·

301 1107 364 1162 εἷς
390 1108 484 1175 γὰρ
514 1109 688 1174 Κύριος
713 1111 899 1174 Ἰησοῦς
926 1110 1136 1177 Χριστὸς
1164 1112 1282 1163 κατὰ
1307 1111 1390 1166 τὰς
1416 1111 1619 1181 γραφάς.

233 1277 280 1313 29
299 1262 417 1310 ΛέΓει
454 1264 570 1317 αὐτῷ
609 1264 631 1306 ὁ
662 1264 829 1305 ἸΗσοῡε
855 1265 957 1307 “On
993 1265 1195 1322 ἑώρακάς
1233 1281 1298 1317 με,
1336 1266 1631 1308 nenton-:umc-
1681 1268 1884 1324 μακάριοι

699 1345 736 1388 οἷ
773 1346 828 1395 μὴ
864 1345 1028 1389 ἰδόντες
1067 1348 1136 1389 καὶ
1172 1349 1489 1391 Πιστεύσαντεε.

376 1460 810 1523 Οἰκονομικώτατος
861 1460 1055 1529 σφόδρα
1103 1467 1186 1512 τοῦ
1240 1465 1460 1528 Σωτῆρος
1518 1464 1542 1513 ὁ
1601 1462 1759 1529 λόγος,
1809 1465 1884 1514 καὶ

299 1541 538 1605 πλείστην
572 1541 693 1606 ὅσην
718 1541 828 1605 ἡμῖν
854 1540 940 1606 τὴν
973 1542 1139 1606 ὄνησιν
1175 1544 1379 1606 ἐμποιεῖν
1406 1543 1573 1599 ἱκανός.
1625 1543 1885 1610 προενόησε

302 1621 396 1688 γὰρ
436 1623 490 1673 οὐ
526 1623 720 1689 μετρίως
760 1625 846 1674 κάν
884 1624 1035 1692 τούτῳ
1073 1628 1168 1674 τῶν
1205 1624 1437 1691 ἡμετέρων
1476 1629 1662 1694 ψυχῶν,
1700 1627 1886 1691 ἐπείπερ

755 1707 768 1723 X

82 1704 185 1735 ITim
316 1706 326 1719 9
392 1706 406 1723 N
494 1706 504 1720 9
609 1704 622 1718 x
809 1712 836 1734 (ς
912 1704 922 1722 l
1092 1707 1101 1721 9
1218 1706 1230 1720 s
1427 1707 1438 1725 Ι
1668 1711 1687 1720 ‘⁸
1870 1709 1884 1724 Χ

189 1728 196 1736 ·
304 1726 436 1754 εστιν
478 1708 655 1769 αγαθος
695 1727 770 1755 και
857 1727 1036 1758 παντας
1076 1709 1349 1771 ανθρωπους
1389 1711 1513 1758 θελει
1552 1712 1765 1771 σωθηναι
1811 1730 1885 1758 και

78 1758 112 1779 ll.
148 1770 156 1779 ο

125 1760 144 1787 4
305 1792 332 1814 “
359 1788 420 1841 εἰς
455 1786 710 1851 ἐπίγνωσιν
736 1787 956 1850 ἀληθείας
985 1789 1176 1849 ἐλθεῖν,”
1213 1787 1332 1838 κατὰ
1358 1788 1411 1838 τὸ
1437 1790 1777 1855 γεγραμμένον.
1830 1788 1884 1839 τὸ

304 1866 363 1917 δέ
387 1889 440 1932 γε
472 1872 554 1917 τοῦ
590 1867 825 1931 θαύματος
851 1868 996 1919 α’ίτιον
1023 1868 1165 1919 ἐκεῖνό
1192 1870 1337 1919 ἐστιν.
1386 1870 1474 1920 ε”δει
1499 1870 1584 1933 μὲν
1610 1870 1702 1937 γὰρ
1727 1872 1880 1939 ἀνεξι-

257 1959 283 1999 b
303 1951 504 2011 κακῆσαι
544 1947 761 2012 συνήθως
799 1952 942 2001 ἐκεῖνο
981 1949 1169 2015 λέγοντι
1207 1954 1274 2019 τῷ
1301 1954 1471 2020 Θωμᾷ,
1508 1952 1639 2002 ἀλλὰ
1678 1955 1752 2004 καὶ
1791 1958 1886 2007 τοῖς

303 2026 474 2095 ἑτέροις
512 2029 604 2080 σὺν
642 2032 768 2100 αὐτῷ
804 2036 1047 2095 μαθηταῖς,
1076 2036 1301 2097 οἷηθεῖσιν
1341 2033 1411 2083 ὅτι
1449 2033 1633 2098 πνεῦμά
1671 2037 1774 2085 ε’στι
1812 2037 1886 2085 καὶ

304 2110 580 2179 φάντασμα,
601 2113 830 2181 ἐπιδεῖξαί
852 2136 902 2164 τε
928 2117 1004 2165 καὶ
1029 2113 1163 2178 μάλα
1189 2115 1442 2181 προθύμως
1467 2120 1528 2169 εἰς
1554 2118 1886 2184 πληροφορίαν

304 2192 624 2257 οἷκουμενικὴν
664 2196 739 2245 καὶ
782 2195 956 2249 τύπους
997 2201 1091 2247 τῶν
1135 2198 1265 2261 ἥλων
1310 2199 1385 2248 καὶ
1426 2200 1509 2261 τῆς
1552 2203 1760 2265 πλευρᾶς
1800 2197 1886 2262 τὴν

1906 562 1928 599 5

1907 974 1955 998 10

1906 1904 1954 1927 20

304 2273 562 2340 διάτρησιν,
590 2275 723 2326 οὐδὲν
749 2275 797 2327 δὲ
829 2277 971 2341 ἧττον
997 2280 1073 2329 καὶ
1108 2278 1238 2344 παρὰ
1269 2277 1323 2330 τὸ
1359 2278 1518 2333 εἰωθὸς
1546 2279 1672 2341 αὐτὸ,
1699 2281 1773 2330 καὶ
1799 2278 1884 2343 τὴν
1904 2304 1954 2342 25

303 2356 463 2422 χρείαν
490 2358 565 2407 καὶ
598 2360 778 2425 τροφῆς
809 2364 1103 2426 μεταλαχεΐν,
1129 2360 1205 2410 ἵνα
1243 2361 1445 2424 μηδεμία
1471 2366 1716 2414 παντελῶς
1749 2383 1879 2427 περι-

304 2438 521 2500 λείπηται
561 2439 806 2507 πρόφασις
844 2446 1062 2491 καλοῦσα
1107 2440 1225 2507 πρὸς
1266 2441 1491 2492 ἀπιστίαν
1529 2441 1636 2495 τοὺς
1676 2441 1752 2492 διὰ
1791 2447 1886 2492 τῶν

304 2517 527 2568 τοιούτων
572 2522 861 2586 ὠφελεῖσθαι
906 2521 1215 2588 ζητήσαντας.
1284 2523 1392 2572 ἀλλ’
1434 2521 1491 2586 ἧν
1535 2525 1788 2588 ἀναγκαῖον
1832 2524 1886 2574 οὐ

305 2605 472 2665 μικροῦ
510 2622 633 2653 τινος
672 2601 875 2668 ἀξιῶσαι
915 2603 1064 2668 λόγου
1101 2606 1176 2654 καὶ
1211 2602 1295 2668 τὴν
1330 2608 1391 2656 εἰς
1432 2604 1552 2667 ἡμᾶς
1594 2604 1881 2671 ἀσφάλειαν-

267 2703 289 2730 c
308 2680 396 2730 ἔδει
429 2679 547 2746 πρὸς
572 2682 725 2751 ἐκείνω
752 2685 826 2733 καὶ
862 2683 915 2734 τὸ
940 2684 1097 2749 ἕτερον
1124 2688 1248 2747 ἰδεῖν,
1276 2687 1397 2753 φημὶ
1434 2685 1490 2749 δὴ
1526 2684 1579 2735 τὸ
1617 2686 1887 2749 μηδαμόθεν
1905 2710 1955 2746 30

306 2762 508 2815 εὐκόλως
543 2764 895 2828 κατασύρεσθαι
932 2763 1050 2830 πρὸς
1089 2767 1317 2816 ἀπιστίαν
1355 2765 1462 2819 τοὺς
1499 2768 1546 2815 ἐν
1584 2770 1679 2819 τοῖς
1716 2766 1887 2835 ἐφεξῆς

400 2891 453 2925 28.
481 2890 682 2934 ζητήσαντες
701 2891 741 2925 Ε.
1036 2903 1091 2937 30.
1119 2893 1155 2926 δέ
1173 2905 1236 2938 pro
1255 2893 1294 2937 δὴ
1314 2893 1447 2938 Migne.
1521 2895 1559 2928 τὸ
1578 2892 1655 2939 alt.]
1674 2895 1732 2929 τὸν
1750 2894 1790 2929 Ε.
