2012 3272
96 155 163 180 xv.
189 151 241 194 35
260 155 347 193 sqq.
412 138 480 178 IN
518 137 601 178 ΕΡ.
633 136 667 177 Ι.
706 135 788 176 ΑΙ)
827 134 1214 176 CORINTHIOS.
1269 133 1379 174 LIB.
1408 134 1511 175 Vll.
1600 135 1682 173 307

1720 205 1731 245 [
1752 211 1788 245 75
1808 205 1855 236 M-
1877 206 1887 244 1

685 430 959 478 ΤΟΜΟΣ
1024 429 1079 476 Ζ.

138 580 247 620 Ἀλλ’
292 578 380 638 ἐρεῖ
418 597 479 622 τις
517 581 616 622 mim
656 581 891 638 ὲΓείρονται
930 579 967 622 οἰ
1007 580 1177 637 νεκροί,-
1228 578 1340 633 Ποίῳ
1379 577 1423 618 δὲ
1464 576 1630 625 σώματι
1707 588 1753 622 35
1777 590 1855 624 ΝΜ-

683 665 909 721 ἕρχονται;
946 667 1090 708 κ.τ.λ.

167 788 229 837 ‘O
272 791 660 839 ΠΡΟΦΗΤΗΣ
699 787 910 840 “Ησα“ι’”οις
949 786 1067 850 μετὰ
1094 788 1177 849 τῆς
1202 786 1251 835 ἐκ
1274 788 1447 848 νεκρῶν
1474 782 1680 833 ἀναστά-

51 888 73 926 5
94 890 216 922 σεως
236 868 289 919 τὸ
315 870 578 936 μυστήριον
598 872 659 923 ὡς
684 870 819 920 ἔσται
840 868 960 920 κατὰ
981 867 1165 934 καιροὺς
1184 871 1310 918 Θεοῦ
1334 865 1683 927 κατανεύοντος,

94 952 170 1001 καὶ
204 952 374 1020 ἀφάτῳ
411 951 599 1014 δυνάμει
634 950 1048 1015 μεταπλάττοντος
1084 953 1146 1003 εἷς
1176 947 1296 1015 ζωὴν
1322 946 1376 998 τὸ
1403 952 1469 1015 τῷ
1497 945 1684 1014 θανάτῳ

94 1034 451 1100 κεκρατημένον,
503 1031 906 1099 προανακεκροῖγει
958 1031 1114 1097 λέγων
1168 1038 1194 1059 “
1221 1028 1594 1093 Ἀναστήσονται
1643 1031 1865 1107 diff-xxvi·

96 1122 122 1145 ‘⁶
148 1117 313 1182 νεκροὶ,
341 1118 415 1165 καὶ
450 1114 787 1180 ἐγερθήσονται
823 1118 865 1165 οἱ
897 1116 945 1164 ἐν
972 1119 1066 1167 τοῖς
1093 1111 1344 1177 μνημείοις,
1372 1113 1447 1161 καὶ
1475 1111 1679 1179 εὐφραν-
1727 1088 1756 1119 9-

96 1204 123 1227 “
149 1196 380 1261 θήσονται
418 1200 459 1248 οἱ
496 1199 544 1247 ἐν
580 1200 639 1264 τῇ
678 1201 755 1263 γῇ·
804 1197 831 1261 ἡ
871 1196 963 1263 γὰρ
1003 1194 1177 1262 δρόσος
1212 1195 1240 1258 ἡ
1278 1192 1409 1259 παρὰ
1445 1197 1536 1243 σοῦ
1572 1191 1687 1255 ἴαμα

29 1301 77 1325 10
97 1285 124 1307 “
150 1279 306 1333 αὐτοῖς
332 1279 508 1329 ἐστιν·”
551 1278 728 1344 δρόσον
755 1276 881 1341 οἶμαι
909 1277 1064 1343 λέγων
1090 1280 1323 1343 τροπικῶς
1348 1274 1434 1338 τὴν
1461 1271 1686 1339 ζωοποιόν

98 1360 331 1426 ἐνέργειαν
376 1366 458 1410 τοῦ
498 1363 642 1422 Θεοῦ,
686 1361 792 1410 καθ’
840 1358 897 1423 ἣν
943 1361 1018 1409 καὶ
1061 1358 1115 1409 τὸ
1158 1356 1272 1408 εἶναι
1318 1362 1413 1410 τοῖς
1454 1357 1537 1406 οὐκ
1579 1356 1686 1405 οῦσι

97 1441 370 1508 προσνέμει,
401 1444 475 1492 καὶ
514 1446 608 1494 τοῖς
648 1441 738 1505 ἤδη
776 1439 1190 1507 παρενηνεγμένοις
1225 1443 1286 1493 εὶς
1324 1437 1526 1506 ὕπαρξιν
1552 1436 1606 1487 τὸ
1638 1438 1687 1487 εὖ

98 1521 212 1574 εἶναι
244 1524 497 1590 χαρίζεται·
539 1523 801 1586 συνέστηκε
836 1523 928 1589 γὰρ
962 1522 1020 1574 τὰ
1052 1521 1209 1573 πάντα
1234 1523 1282 1572 ἐν
1308 1522 1446 1589 αὐτῷ,
1474 1519 1686 1585 καθάπερ

98 1604 262 1669 ἀμέλει
297 1609 373 1656 καὶ
411 1607 465 1656 δι’
494 1606 636 1656 αὐτοῦ
671 1604 894 1673 παρήχθη
920 1605 1038 1670 πρὸς
1064 1605 1265 1670 γένεσιν·
1305 1602 1491 1672 ψάλλει
1517 1602 1575 1652 δέ
1595 1625 1686 1653 που

33 1706 78 1745 15
99 1689 174 1738 καὶ
213 1688 238 1738 ὁ
282 1687 535 1740 θεσπέσιος
571 1689 747 1738 Δαυεὶδ
790 1689 896 1753 περὶ
937 1691 1032 1738 τῶν
1072 1688 1145 1737 ε’πὶ
1184 1689 1272 1751 γῆς
1311 1684 1431 1751 πρὸς
1468 1683 1552 1735 τὸν
1592 1687 1686 1734 τῶν

1705 1762 1758 1792 Ps.
1779 1762 1842 1792 eiii.
1864 1761 1901 1791 28

100 1767 228 1820 ὅλων
255 1771 455 1835 Σωτῆρα
481 1767 621 1819 Θεόν.
639 1775 664 1798 “
685 1769 977 1837 Ἀνοίξαντος
1003 1767 1062 1819 δέ
1078 1790 1170 1818 σου
1197 1767 1282 1831 τὴν
1309 1771 1441 1834 χεῖρα
1467 1765 1527 1817 τὰ
1553 1765 1681 1829 σύμ·
1704 1814 1779 1845 -30·

100 1857 128 1880 “
150 1874 308 1902 παντα
333 1849 672 1915 πλησθήσεται
698 1849 1041 1918 χρηστότητος·
1097 1849 1494 1917 ἀποστρέψαντος
1520 1848 1576 1898 δέ
1595 1870 1686 1898 σου

102 1939 128 1962 “
153 1930 208 1983 τὸ
236 1931 512 1999 πρόσωπον,
543 1932 944 2000 ταραχθήσονται·
993 1934 1257 1985 ἀντανελεῖς
1292 1930 1346 1981 τὸ
1380 1935 1563 1993 πνεῦμα
1602 1930 1684 1979 αὖ·

101 2020 128 2043 “
152 2018 247 2064 τῶν
273 2016 349 2065 καὶ
387 2015 680 2082 ἐκλείψουσι,
707 2015 783 2065 καὶ
822 2018 885 2068 εἷς
922 2014 1006 2065 τὸν
1032 2019 1149 2081 χοῦν
1181 2013 1335 2063 αὐτῶν
1361 2012 1684 2080 ἐπιστρέφου·

33 2119 82 2145 20
102 2101 128 2124 ‘⁶
153 2114 249 2146 σιν·
295 2096 633 2164 ἐξαποστελεῖς
672 2095 726 2147 τὸ
764 2102 947 2160 πνεῦμα
980 2119 1072 2147 σου
1104 2097 1180 2146 καὶ
1217 2093 1575 2158 κτισθήσονται,
1612 2095 1688 2143 καὶ

1106 2176 1116 2192 5

101 2183 129 2206 “
155 2179 428 2231 ἀνακαινιεῖς
467 2177 521 2228 τὸ
559 2177 823 2244 πρόσωπον
861 2181 944 2241 τῆς
982 2177 1101 2243 γῆς.’
1163 2176 1366 2228 πέπονθε
1404 2174 1489 2238 μὲν
1527 2174 1620 2239 γὰρ
1659 2174 1760 2237 ἡ76
1784 2186 1844 2221 M.

102 2258 351 2324 ἀνθρώπου
391 2259 539 2326 φύσις
577 2264 659 2309 τοῦ
699 2259 823 2310 θείου
861 2258 1125 2324 προσώπου
1163 2256 1249 2322 τὴν
1285 2255 1601 2324 ἀποστροφὴν
1640 2257 1688 2306 ἐν

102 2339 244 2403 Ἀδάμ
280 2339 355 2391 διὰ
388 2339 473 2404 τὴν
499 2339 795 2406 παράβασιν·
845 2341 1081 2406 τοιγάρτοι
1115 2339 1365 2406 μονονουχὶ
1400 2337 1688 2404 συγκέχυται

105 2423 180 2472 καὶ
218 2420 508 2488 τετάρακται,
536 2423 612 2472 καὶ
646 2425 707 2475 εἰς
744 2420 827 2472 τὸν
853 2421 969 2472 ἴδιον
994 2421 1292 2485 ὑπενόστησε
1331 2424 1462 2487 χοῦν,
1494 2424 1685 2479 κατεβι-

39 2520 84 2559 25
105 2503 270 2568 βάσθη
310 2526 358 2554 τε
403 2504 478 2553 καὶ
516 2507 578 2557 εἰς
618 2503 821 2554 θάνατον
859 2505 936 2553 καὶ
981 2489 1185 2571 φθοραν.
1245 2500 1400 2565 ἐπειδὴ
1437 2500 1485 2551 δὲ
1523 2500 1689 2566 γέγονε

105 2585 210 2635 καθ’
238 2585 359 2648 ἡμᾶς
385 2585 409 2634 ὁ
438 2583 716 2649 Μονογενὴς
751 2589 834 2635 τοῦ
861 2588 984 2635 Θεοῦ
1012 2584 1182 2650 Λόγος,
1210 2585 1286 2634 καὶ
1318 2581 1404 2646 τὴν
1430 2588 1512 2633 τοῦ
1537 2581 1689 2647 Ἁγίου

107 2665 381 2731 Πνεύματος
427 2666 822 2730 πεπλουτήκαμεν
873 2666 1074 2734 μέθεξιν,
1119 2664 1522 2734 ἀναμορφούμεθα
1571 2664 1689 2729 πρὸς

105 2745 158 2798 τὸ
185 2749 232 2799 ἐν
258 2750 422 2814 ἀρχαῖς
461 2750 536 2799 καὶ
566 2747 663 2798 οἷον
687 2748 1016 2810 ἀνεκτίσμεθα·
1066 2747 1334 2811 κεκλήμεθα
1372 2746 1465 2813 γὰρ
1492 2749 1554 2800 εἷς
1589 2768 1688 2796 και-

108 2827 278 2894 νότητα
315 2830 444 2895 ζωῆς,
484 2829 537 2879 τὸ
577 2834 658 2880 τοῦ
690 2828 893 2880 θανάτου
932 2828 1340 2895 διαδιδράσκοντες
1380 2826 1560 2894 κράτος.
1614 2827 1688 2875 καὶ

198 2947 227 2970 1.
256 2936 308 2971 Ita
326 2936 418 2971 edidi
437 2948 477 2970 ex
498 2937 532 2971 H
553 2936 612 2982 qui
631 2937 792 2981 κυρὶλλου
812 2936 846 2970 ἐκ
865 2938 926 2970 τοῦ
946 2937 1083 2981 ζτόμου
1101 2937 1184 2981 πρὸς
1204 2935 1389 2979 κορινθίους
1407 2934 1434 2968 α’
1454 2932 1604 2968 exhibea

844 3004 869 3029 R
890 3005 909 3029 Γ
934 3003 955 3031 2
