2012 3272
526 150 679 190 ACTA
712 151 787 191 SS.
821 150 1277 193 APOSTOLORUM.
1609 152 1693 192 443

557 262 717 305 Σολομὼν
735 262 770 295 δέ
790 261 1004 309 ᾠκοδόμησεν
1023 262 1111 309 αὐτῷ
1130 259 1231 296 οἶκον.

163 334 274 381 Quod
305 335 478 383 sequitur
510 335 681 373 scholion
712 348 758 373 ex
789 335 933 372 Catena
953 335 1035 373 MS.
1057 336 1242 373 Vaticana
1269 336 1435 373 Niketae
1466 348 1541 372 non
1572 335 1691 372 Hera-

109 398 275 436 cleorum
313 400 378 436 sed
418 400 611 448 Naupacti
654 400 735 448 [sed
751 400 817 448 (2)]
855 400 919 436 fol.
954 413 1028 437 200
1062 401 1216 438 exhibet
1251 400 1430 448 (Patrum
1465 400 1561 436 Bibl.
1595 413 1694 436 nova

110 462 163 499 iii.
187 466 280 511 452)
314 464 440 502 Maius
469 466 682 511 ’Λνεδείματο
716 466 777 510 μὲν
814 467 849 500 ἐν
879 469 949 502 τοῖς
980 466 1231 511 Ἱεροσολύμοις
1267 468 1324 501 τὸν
1362 468 1541 510 διαβόητον
1571 467 1695 501 ἐκεῖνον

110 531 192 563 νεὼν
209 532 227 564 ὁ
248 532 450 576 σοφώτατος
469 532 638 575 Σολομὼν·
668 531 850 577 ε’πεγάνυτο
878 531 914 565 δέ
942 532 1019 565 λίαν
1040 532 1130 579 αὐτῷ
1158 535 1224 566 τῶν
1243 532 1396 566 ἷουδαίων
1416 534 1434 565 ὁ
1454 533 1568 576 δῆμος,
1589 530 1695 579 ᾤοντό

109 609 145 628 τε
171 594 222 629 ὅτι
248 595 436 643 κατῴκησεν
459 597 496 630 ἐν
522 596 610 643 αὐτῷ
638 596 909 641 περιειλημμένος
934 597 952 629 ὁ
975 600 1040 630 τῶν
1066 596 1156 630 ὅλων
1185 599 1280 632 Θεός·
1311 597 1449 642 βραδεῖς
1468 597 1533 643 γὰρ
1553 595 1607 630 ἀεί
1623 611 1695 631 πως

109 660 155 695 εἷς
175 658 314 694 σύνεσιν
333 661 384 694 καὶ
404 664 470 694 τῶν
487 661 563 706 περὶ
583 663 669 694 Θεοῦ
692 662 803 706 λόγων
821 659 1092 705 ἀνεπιστήμονες,
1113 660 1146 695 οἵ
1168 676 1208 707 γε
1234 662 1286 695 καὶ
1306 663 1393 695 θεοῦ
1411 663 1511 696 πόλιν
1530 660 1695 704 οἰηθέντες

109 725 168 768 τὴν
185 725 418 771 Ἵερουσαλὴμ,
440 725 474 759 ἐν
498 726 580 768 αὐτῇ
606 726 642 759 δέ
668 726 720 759 καὶ
745 726 829 769 μόνῃ
859 725 1040 771 διεγίνοντο
1064 723 1282 773 [διετείνοντο
1310 724 1527 761 emendavit
1547 723 1690 774 ἸΜὶιίῑιδ]

110 791 271 824 κατοικεῖν
289 791 390 824 αὐτὸν
409 790 462 823 διά
486 805 538 824 τοι
563 793 623 824 τοῦ
648 789 809 836 λέγεσθαι
828 790 882 824 διὰ
902 791 1018 835 φωνῆς
1037 793 1097 824 τοῦ
1118 791 1227 831 Δαβίδ
1248 792 1269 809 “
1284 791 1525 835 Δεδοξασμένα
1545 788 1693 833 ἐλαλήθη
1714 790 1769 822 ΡΒ.
1782 789 1911 822 lxxxvi.

111 856 131 871 ‘⁴
150 855 227 900 περὶ
255 858 333 897 σοῦ,
363 855 381 898 ἡ
410 856 508 890 πόλις
535 857 594 888 τοῦ
623 854 741 888 Θεοῦ.”
780 855 905 900 σμικρὰ
933 858 1110 901 τοιγαροῦν
1138 855 1337 898 δοξάζοντας
1364 855 1500 901 ἐλέγχει
1530 855 1614 890 Θεὸς
1642 857 1695 890 καί
1713 843 1741 875 3'

110 921 199 964 φησι
232 921 336 954 Ποῖον
368 917 456 955 οἶκον
488 918 726 964 οἰκοδομήσετέ
756 934 826 964 μοι,
862 919 981 964 θρόνον
1000 921 1112 965 ἔχοντι
1143 920 1201 953 τὸν
1233 921 1383 966 οὐρανὸν,
1418 920 1602 955 ὑποπόδιον
1634 920 1695 964 τὴν

108 985 193 1029 ssiu,-

108 1082 130 1106 a
150 1069 212 1107 fol.
236 1077 283 1116 52
298 1084 333 1107 V.
363 1074 430 1106 Τοῦ
449 1072 546 1118 ἁγίου
565 1072 726 1117 κυρίλλου
745 1072 792 1107 εἷς
809 1073 849 1106 τό
867 1071 980 1118 Πατέρ
1001 1073 1047 1108 εἰς
1072 1074 1187 1118 χεῖράς
1207 1086 1270 1106 σου
1289 1072 1492 1118 παρατίθημι
1510 1073 1549 1106 τὸ
1568 1073 1695 1116 πνεῦμά

444 1152 508 1181 μου
525 1135 612 1172 vide
631 1135 730 1171 infra
750 1135 850 1172 inter
868 1134 1114 1173 homiliarum
1132 1136 1354 1184 fragmenta.

162 1213 239 1248 Θεὶς
266 1213 302 1246 δέ
329 1213 369 1246 τὰ
397 1216 522 1258 γόνατα
550 1228 578 1248 κ.
591 1228 620 1248 τ.
635 1215 667 1248 λ.
728 1211 960 1261 Fragmenta
990 1211 1158 1261 quinque
1192 1212 1253 1249 hie
1281 1211 1435 1248 exhibet
1463 1225 1483 1248 e
1513 1210 1695 1248 Oramero

108 1277 250 1325 Migne‚
279 1281 340 1312 τοῦ
368 1279 469 1312 αὐτοῦ
497 1276 768 1325 praemittente
797 1277 924 1314 codice
938 1291 950 1324 3
988 1276 1157 1325 primum
1185 1282 1314 1314 autem
1343 1281 1381 1314 et
1409 1277 1616 1314 seeundum
1646 1277 1694 1314 ad

108 1341 148 1378 S.
165 1341 481 1390 Chrysostomum
510 1342 625 1379 Hom.
651 1343 696 1378 18
725 1341 773 1378 ad
801 1342 869 1379 loe.
897 1341 1103 1390 pertinent,
1131 1355 1199 1380 nec
1228 1341 1470 1391 S.Oy1·illum
1499 1345 1694 1379 auctorem

106 1405 248 1443 habent
268 1406 341 1442 tria
361 1410 561 1455 postrema.

160 1470 220 1507 Ὠς
237 1473 419 1518 πρόβατον.
458 1472 840 1519 ἐμφανὴς-γενόμενος
868 1470 931 1508 hic
960 1471 1115 1508 exhibet
1139 1471 1280 1520 Migne,
1302 1484 1399 1520 quae
1427 1472 1475 1508 ad
1504 1484 1694 1508 commen-

107 1535 203 1571 taria
223 1534 262 1571 in
284 1535 435 1572 Esaiam
455 1536 681 1585 prophetam
707 1535 748 1583 [i.
763 1549 794 1574 e.
819 1538 893 1585 746
910 1549 941 1582 c,
964 1545 1037 1583 747
1055 1537 1092 1582 b,
1117 1539 1191 1585 748
1208 1537 1233 1573 b
1249 1536 1272 1573 d
1303 1541 1347 1574 ut
1375 1537 1534 1574 adnotat
1563 1536 1694 1587 Migne

106 1598 203 1649 ipse]
227 1599 430 1648 pertinent.

159 1708 181 1732 a
201 1694 263 1732 fol.
287 1703 333 1743 77
352 1708 387 1733 V.
410 1695 541 1732 ’Έπεσε
560 1698 598 1731 τὸ
617 1700 752 1742 Πνεῦμα
771 1699 809 1732 τὸ
828 1698 923 1744 ἅγιον
943 1713 974 1734 κ.
988 1713 1015 1734 τ.
1031 1700 1062 1734 λ.
1123 1697 1208 1734 HOC
1229 1697 1334 1734 deest,
1353 1697 1394 1734 in
1414 1695 1554 1745 Migne7
1575 1708 1644 1732 nec

491 1760 529 1797 S.
546 1760 732 1809 cyrillum
752 1766 944 1798 auctorem
966 1764 1027 1809 (ut
1046 1761 1158 1813 puto)
1178 1761 1302 1798 habet.

159 1835 239 1871 Ἐάν
258 1852 307 1872 τις
325 1837 541 1883 ἀμφιβάλλοι
559 1839 662 1872 πάλιν
679 1839 746 1884 πρὸ
771 1841 830 1873 τοῦ
852 1839 1079 1884 βαπτισθῆναι
1106 1854 1182 1874 τους
1211 1839 1301 1884 ἀμφι
1328 1839 1387 1873 τὸν
1407 1836 1603 1884 Κορνήλιον,
1624 1839 1695 1872 πῶς

107 1899 298 1945 ἠξιώθησαν
315 1904 377 1936 τοῦ
394 1901 510 1948 ‘Ayt'ov
530 1901 761 1947 Πνεῦματος,’
755 1901 840 1937 ι’στω
861 1903 915 1937 διὰ
941 1903 1000 1947 τὴν
1028 1904 1139 1949 κρίσιν
1169 1900 1351 1953 [διακρισιν
1370 1901 1450 1938 cod.
1471 1898 1603 1951 Colsl]
1635 1904 1695 1935 τοῦ

108 1964 240 2011 Πέτρου
260 1981 313 2000 καί
337 1969 404 2000 Τῶν
423 1966 458 2001 ἐκ
477 1968 658 2013 πΕΡιΤΟμῆς
677 1982 716 2001 ΤΟ
735 1970 887 2001 ΤΟιΟῦΤΟν
905 1968 1119 2014 γεγενῆσθαι.

188 2076 211 2100 a
230 2062 292 2100 fol.
315 2065 376 2100 80.
406 2064 494 2111 Ἐγὼ
513 2064 563 2101 τίς
581 2067 674 2110 ἤμην.
733 2064 869 2114 Neque
889 2064 960 2102 hoc
978 2068 1106 2102 tamen
1126 2077 1210 2102 meo
1224 2064 1368 2114 judicio
1389 2064 1426 2102 S.
1445 2063 1593 2113 Cyrilli.

164 2141 340 2184 Οἷκονομία
364 2155 414 2176 τις
440 2141 572 2187 ἐγένετο
599 2141 653 2175 διὰ
677 2141 738 2185 τὴν
755 2141 887 2186 πολλὴν
904 2145 971 2176 τῶν
989 2142 1025 2176 ἐκ
1048 2143 1228 2188 περιτομῆς
1252 2142 1510 2176 πιστευσάντων
1528 2141 1695 2186 διάκρισιν

110 2202 172 2254 (cf.
193 2203 306 2241 schol.
327 2202 481 2254 prima),
511 2206 577 2251 πρὸ
605 2208 665 2239 τοῦ
692 2206 928 2249 βαπτίσματος
954 2206 1192 2251 καταξιωθῆναι
1217 2206 1294 2241 τοὺς
1321 2207 1398 2251 περὶ
1425 2206 1483 2239 τὸν
1508 2203 1695 2250 Κορνήλιον

108 2271 168 2303 τοῦ
187 2268 387 2313 Πνεύματος,
407 2268 460 2304 ἵνα
485 2269 545 2313 τὴν
562 2269 756 2315 ἀντίρρησιν
773 2274 839 2304 τῶν
857 2269 1129 2316 ἀγανακτούντων
1153 2269 1282 2313 παύσῃ.
1321 2270 1397 2304 ὅθεν
1422 2269 1457 2303 δὲ
1484 2270 1536 2303 καὶ
1562 2269 1694 2305 εἰκότως

108 2332 185 2379 περὶ
203 2337 269 2368 τῶν
287 2334 529 2380 ἀντιλεγόντων
548 2332 672 2379 ε’ίρηται
688 2333 908 2370 Ἀκούσαντες
926 2335 962 2369 δέ
980 2334 1168 2380 ἡσύχασαν.

162 2432 184 2455 a
204 2419 265 2455 fol.
291 2431 340 2467 90
361 2418 424 2455 fin.
455 2421 568 2464 Μόνης
587 2420 880 2468 γὰρ-ἅνθρωπος
901 2423 919 2455 ὁ
938 2422 1037 2457 αὐτὸς
1057 2433 1076 2456 e
1096 2419 1214 2456 Hom.
1235 2433 1271 2456 x.
1301 2419 1341 2455 in
1369 2418 1407 2456 S.
1423 2418 1567 2456 Lucam
1589 2417 1693 2466 (vide

110 2483 204 2520 Maii
230 2483 328 2520 Bibl.
348 2483 449 2520 Nov.
469 2483 507 2519 ii.
535 2495 621 2529 144,
648 2492 719 2530 145
746 2488 784 2522 et
812 2484 1024 2521 versionem
1052 2498 1072 2521 e
1099 2484 1230 2533 lingua
1258 2482 1413 2532 Syriaca
1441 2482 1694 2532 Anglioanam

108 2547 183 2584 viri
226 2546 433 2584 doctissimi
472 2547 518 2584 R.
557 2546 602 2585 P.
642 2548 781 2594 Smith,
820 2548 1009 2586 Ecclesiae
1048 2548 1366 2597 Metropolitanae
1405 2546 1694 2584 Cantuariensis

110 2611 262 2657 Decaui,
283 2611 442 2656 Oxford,
469 2613 587 2659 1859)
609 2612 864 2662 desumptum.
922 2612 1050 2650 Verba
1078 2625 1198 2662 pauca
1225 2625 1416 2662 anonyma
1441 2615 1459 2647 ὁ
1481 2614 1520 2647 τὸ
1540 2613 1694 2657 ὑπόδημα

111 2677 425 2724 -συγκριθὴσεται
444 2676 550 2713 addit
571 2675 709 2725 Migne.

528 2786 550 2810 a
569 2772 623 2810 fol
644 2786 689 2822 91
714 2786 747 2811 V.
778 2776 845 2821 ἐγὼ
866 2774 1012 2821 σήμερον
1027 2775 1209 2821 γεγέννηκά
1232 2788 1284 2809 σε.

161 2849 201 2882 ‘O
221 2851 321 2894 μόνος
349 2850 444 2884 εἰδὼς
471 2851 529 2884 τὸν
547 2850 681 2895 Πατέρα
709 2851 761 2884 καὶ
789 2851 854 2885 ὑπὸ
881 2852 983 2894 μόνου
1011 2851 1258 2896 γινωσκόμενος
1285 2851 1345 2883 τοῦ
1371 2849 1514 2894 Πατρὸς,
1536 2847 1554 2890 ἡ
1581 2844 1691 2891 σοφία

110 2913 160 2947 καὶ
180 2915 197 2946 ὁ
219 2915 325 2959 Λόγος
344 2915 454 2954 αὐτοῦ,
475 2916 493 2947 ὁ
512 2916 570 2958 τῆς
594 2915 741 2960 μεγάλης
766 2916 894 2958 βουλῆς
920 2914 1075 2960 ἅγγελος,
1096 2915 1177 2948 κατὰ
1202 2914 1260 2957 τὴν
1280 2915 1339 2947 τοῦ
1364 2911 1544 2957 προφήτου
1564 2910 1689 2956 φωνὴν,
1709 2913 1765 2946 Es.
1785 2912 1829 2947 ix.
1843 2910 1876 2947 6.

849 2989 870 3027 3
894 2990 915 3013 L
940 2988 961 3016 2
