2017 3252
98 223 290 265 [uon]

81 2081 135 2112 Es.
152 2082 232 2113 lxiii.
253 2090 283 2122 9.

305 157 389 198 378
534 157 585 197 Β.
619 155 865 197 CYRILLI
902 154 1251 196 ALEXANDR.
1290 154 1661 196 FRAGMENTA
1796 156 1821 195 i.
1842 170 1880 209 9.

306 272 532 339 κούρημα,
557 275 630 324 καὶ
670 273 726 337 δὴ
761 275 837 324 καὶ
870 274 1057 339 ἐροῦσιν
1095 274 1156 325 ὡς
1194 271 1358 322 ἑνώσει
1395 276 1452 339 τῇ
1489 271 1607 338 πρὸς
1635 270 1760 323 Θεὸν
1796 271 1882 335 τὴν

305 357 388 417 τῆς
423 354 540 405 κατὰ
568 355 717 422 φύσιν
743 353 959 418 θεότητος
993 354 1300 418 περικείσεται
1326 352 1487 421 δόξαν.
1537 352 1759 418 ὁμολόγει
1784 354 1879 404 τοί-

306 457 388 486 νυν
425 438 580 499 ἀληθῆ
618 435 704 498 τὴν
742 436 910 486 ἕνωσιν
948 436 1023 485 καὶ
1061 433 1125 497 μὴ
1164 434 1364 501 σοφίζου
1402 432 1455 484 τὸ
1493 437 1667 501 χρῆμα,
1702 433 1884 488 διιστὰς

305 516 389 580 μὲν
421 516 504 570 τὰς
531 517 697 584 φύσεις
737 518 812 567 καὶ
851 515 940 566 ἀνὰ
977 515 1115 581 μέρος
1155 514 1360 578 ἑκάστην
1393 519 1544 577 τιθεὶς,
1570 517 1794 583 ἀσυναφῆ
1834 538 1882 566 τε

307 595 420 647 εἶναι
465 598 665 664 θατέραν
712 597 865 663 λέγων
907 598 981 647 καὶ
1022 595 1170 661 μόνην
1209 597 1317 660 ἡμῖν
1355 601 1448 647 τῶν
1485 597 1760 663 προσώπων
1798 595 1883 660 τὴν

304 679 473 729 ἕνωσιν
512 680 594 729 οὐκ
632 678 717 730 οἷδ’
753 678 879 732 ὅπως
912 678 1183 747 ἐξευρηκώς.

378 763 612 825 Εἷρῆσθαι
647 761 800 811 τοίνυν
832 759 1225 822 διαβεβαιούμεθα
1261 758 1380 824 πρὸς
1414 759 1496 810 τὸν
1530 761 1580 810 ἐκ
1606 763 1731 811 Θεοῦ
1764 759 1884 811 κατὰ

305 840 454 907 φύσιν
491 841 608 892 Υὶὸν
643 844 705 895 ὡς
745 843 852 892 καθ’
900 841 1019 905 ἡμᾶς
1063 838 1305 906 γεγονότα,
1350 840 1594 891 τουτέστιν
1634 841 1884 907 ἄνθρωπον

303 923 587 988 Ἠγοίπησοις
623 921 888 983 δικαιοσύνην
919 929 995 974 καὶ
1031 923 1250 990 ἐμίσησας
1281 925 1482 990 ἀνομίαν,
1513 919 1588 974 διὰ
1614 924 1734 974 τοῦτο
1761 922 1877 990 ἔχρι-

305 1003 375 1054 σέν
417 1027 468 1054 σε
512 1010 529 1055 ὁ
575 1004 687 1059 Θεὸς
729 1011 747 1056 o‘
791 1005 902 1058 Θεός
947 1028 1023 1055 σου
1065 1004 1209 1055 ἔλαιον
1248 1002 1581 1069 ἀγαλλιάσεως
1622 1002 1752 1074 παρὰ
1788 1005 1881 1059 τοὺς

302 1086 520 1149 μετόχους
561 1109 652 1136 σου.
709 1084 864 1148 ἐπειδὴ
904 1084 998 1151 γὰρ
1036 1085 1061 1135 ὁ
1103 1089 1289 1150 πρῶτος
1333 1084 1580 1151 ἄνθρωπος
1623 1084 1709 1149 τὴν
1755 1085 1883 1136 θείαν

303 1165 569 1230 πεπάτηκεν
612 1167 821 1231 ἐντολὴν,
856 1164 952 1217 εἶτα
994 1164 1241 1229 νενόσηκεν
1285 1167 1312 1229 ἡ
1355 1167 1605 1232 ἀνθρώπου
1643 1166 1790 1234 φύσις
1828 1167 1882 1218 τὸ

303 1245 430 1298 πολὺ
456 1246 566 1297 λίαν
599 1247 1006 1313 εὐπαρακόμιστον
1044 1247 1162 1313 πρὸς
1193 1248 1436 1313 ἁμαρτίας·
1489 1247 1565 1298 διὰ
1591 1253 1728 1299 τοῦτο
1763 1248 1883 1299 κατὰ

303 1328 454 1396 φύσιν
488 1329 716 1395 ἄτρεπτος
750 1328 816 1379 ὧν
851 1331 875 1380 ὁ
912 1331 960 1380 ἐκ
988 1333 1114 1380 Θεοῦ
1142 1328 1313 1394 Λόγος,
1353 1329 1482 1395 ἅγιός
1507 1352 1557 1380 τε
1597 1331 1671 1380 καὶ
1711 1329 1883 1384 δίκαιος

303 1411 378 1460 καὶ
414 1414 571 1473 μισῶν
609 1409 695 1474 τὴν
732 1412 912 1461 ἀδικίαν
949 1411 1112 1476 γε”γονε
1150 1412 1260 1462 καθ’
1303 1412 1424 1475 ἡμᾶς
1458 1413 1534 1462 καὶ
1574 1410 1882 1479 κεχρημάτικε

303 1493 485 1553 δοῦλος,
512 1493 586 1542 καὶ
609 1491 734 1542 Θεὸν
757 1492 1065 1560 ἐπεγράψατο
1092 1492 1174 1543 τὸν
1195 1492 1388 1559 Πατέρα
1414 1491 1488 1544 διά
1512 1491 1567 1543 τὸ
1588 1493 1883 1559 ἀνθρώπινον

303 1574 451 1623 καίτοι
483 1572 605 1626 Θεὸς
646 1572 881 1641 ὑπάρχων,
917 1576 992 1625 καὶ
1031 1574 1086 1643 ἐξ
1121 1575 1262 1625 αὐτοῦ
1300 1575 1546 1642 κεχρίσθαι
1583 1574 1768 1640 λέγεται
1807 1573 1883 1625 διὰ

301 1659 383 1704 τοῦ
411 1655 576 1720 Ἀγίου
605 1655 891 1718 Πνεύματος,
918 1657 1004 1723 οὐχ
1030 1656 1177 1725 ἑαυτῷ
1210 1654 1455 1722 δεχόμενος
1481 1661 1635 1707 τοῦτο·
1688 1658 1762 1706 καὶ
1789 1655 1882 1721 γάρ

301 1737 404 1786 ε’στι
431 1736 548 1786 κατὰ
575 1737 724 1804 φύσιν
750 1736 880 1802 ἅγιος
908 1740 969 1791 ὡς
997 1737 1135 1791 Θεός·
1187 1736 1297 1788 ἀλλ’
1326 1737 1424 1788 οἷον
1450 1737 1505 1788 δι’
1532 1738 1695 1788 ἑαυτοῦ
1721 1760 1877 1804 προσ·-

302 1816 433 1881 οίγων
481 1818 601 1881 ἡμᾶς
650 1823 707 1885 τῇ
756 1819 912 1885 χοίριτι
960 1820 1036 1869 καὶ
1085 1819 1245 1887 ἀξίους
1293 1820 1571 1887 ἀποφαίνων
1619 1822 1701 1882 τῆς
1749 1817 1880 1885 παρὰ

305 1897 496 1963 Πατρὸς
522 1899 751 1964 εὐλογίας,
779 1900 925 1950 καίτοι
964 1899 1115 1952 πάλαι
1149 1901 1585 1966 προσκεκρουκότας
1620 1899 1696 1950 διά
1721 1924 1769 1951 τε
1795 1899 1881 1965 τὴν

303 1978 351 2028 ἐν
376 1978 519 2041 Ἀδὰμ
553 1979 832 2045 παράβασιν
865 1985 940 2031 καὶ
966 1980 1051 2045 τὴν
1085 1980 1202 2044 μετὰ
1239 1987 1377 2032 τοῦτο
1410 1980 1519 2032 καθ’
1548 1982 1678 2045 ἡμῶν
1713 2005 1880 2047 τυραν-

303 2059 524 2123 νήσασαν
562 2062 809 2126 ἁμαρτίαν·
859 2070 885 2091 ‘⁶
904 2064 979 2113 Οὐ
1017 2062 1111 2128 γὰρ
1149 2062 1379 2129 πρέσβυς,
1405 2064 1487 2113 οὐκ
1525 2062 1730 2129 ἄγγελος
1767 2064 1877 2114 ἀλλ’

303 2148 332 2171 “
357 2141 535 2195 αὑτὸς”
565 2144 589 2193 ὁ
619 2142 791 2209 Κύριος
819 2144 1004 2194 ἔσωσεν
1030 2144 1165 2207 ἡμᾶς.
1214 2149 1251 2194 εἰ
1278 2144 1326 2195 δὲ
1353 2143 1409 2208 δή
1435 2167 1504 2199 τις
1538 2145 1679 2196 οἴεται
1716 2144 1798 2196 τὸν
1832 2147 1882 2196 ἐκ

302 2227 427 2274 Θεοῦ
455 2222 646 2290 Πατρὸς
674 2225 834 2290 Λόγον
860 2230 920 2278 εἱς
952 2226 1071 2276 ἰδίαν
1098 2225 1247 2292 φύσιν
1274 2225 1492 2293 δέχεσθαι
1519 2225 1601 2276 τὸν
1627 2225 1879 2292 ἀγιασμὸν,

302 2308 364 2358 εἷς
391 2304 550 2355 πλατὺ
576 2307 650 2356 καὶ
677 2305 798 2370 με’γα
825 2308 1109 2375 δυσφημιῶν
1136 2307 1432 2371 ἀποδημήσει
1455 2307 1680 2373 πέλαγος.
1723 2311 1761 2358 εὶ
1787 2307 1881 2374 γᾶρ

301 2387 349 2435 ἐν
376 2386 592 2453 ἐσχάτοις
620 2391 703 2436 τοῦ
729 2390 894 2441 αἰῶνος
926 2393 1098 2454 καιροῖς
1132 2387 1401 2455 πεπράχθαι
1429 2387 1585 2456 φαμὲν
1610 2387 1695 2451 τὴν
1719 2389 1880 2440 ἐνθάδε

302 2467 560 2531 λεγομένην
597 2467 758 2534 χρίσιν
794 2469 896 2532 ἤτοι
940 2469 1193 2533 ἀγιασμὸν,
1233 2474 1332 2522 πῶς
1375 2470 1457 2520 οὐκ
1497 2470 1758 2534 ἀναγκαίως
1804 2472 1880 2521 καὶ

302 2548 390 2614 οὐχ
427 2547 614 2601 ἑκόντας
653 2550 903 2614 ὁμολογεῖν
943 2552 1003 2603 ὡς
1046 2552 1126 2600 οὐκ
1167 2548 1225 2600 ἀν
1266 2550 1334 2613 ε’ίη
1374 2549 1493 2601 κατὰ
1534 2550 1682 2618 φύσιν
1724 2552 1876 2615 ἅγιος,

1904 616 1925 654 :51

1907 1031 1954 1056 10

1905 1433 1951 1470 15

1903 1847 1953 1872 20

302 2633 492 2689 μᾶλλον
530 2628 578 2679 δὲ
616 2630 719 2680 οὐδὲ
757 2628 889 2695 ἅγιος
928 2631 1046 2681 κατά
1077 2654 1130 2697 γε
1160 2630 1268 2685 τοὺς
1305 2633 1353 2682 ἐν
1391 2634 1514 2700 ἀρχῇ
1553 2635 1628 2684 καὶ
1666 2632 1759 2698 πρὸ
1797 2636 1879 2697 τῆς
1900 2654 1951 2690 30

302 2708 502 2776 χρίσεως
527 2709 722 2776 χρόνους
748 2710 893 2776 ἤγουν
920 2712 1204 2778 ἀπεράντους
1230 2716 1399 2767 αἰῶνας
1424 2717 1497 2764 καὶ
1524 2717 1634 2781 πρὶν
1658 2715 1879 2780 γενέσθαι

351 2875 382 2898 2.
408 2866 568 2909 ὁμολόγει
586 2864 778 2900 emendavi.
796 2866 964 2912 ῴμολογει
984 2867 1041 2902 Cr.
1224 2879 1275 2903 12.
1301 2868 1319 2911 ἡ
1338 2880 1407 2903 orn.
1428 2869 1486 2904 Cr.
1670 2881 1725 2914 23.
1751 2869 1877 2905 ἀλλ’-

302 2910 385 2954 ἡμᾶς
404 2911 520 2945 omisit
539 2912 736 2946 Cramerus.
