2012 3272
269 125 507 166 CONTRA
540 124 924 165 THEODORUM
964 124 1146 165 EPISC.
1181 124 1355 165 MOPS.
1392 125 1505 165 LIB.
1538 126 1571 165 Ι.
1634 127 1714 165 521

818 282 1011 323 CYRJLLI.

179 377 202 394 ‘⁶
222 371 511 425 Stupefaetum
533 376 596 413 est
616 372 775 413 eaelum
797 387 920 426 super
939 373 1030 422 hoe,
1054 377 1096 412 et
1117 372 1370 413 contremuit
1390 372 1568 426 amplius
1589 372 1712 413 vehe-
1731 378 1754 409 J
1757 388 1801 409 er.
1818 377 1850 410 ii.
1869 386 1917 408 12.

120 445 147 464 “
168 444 342 490 menter,
363 440 464 481 dicit
486 440 732 482 Dominus.’'
792 440 829 480 O
852 439 1153 480 intolerabilem
1175 440 1511 494 malignitatem!
1572 440 1609 480 O
1631 441 1711 480 lin-

116 522 245 561 guam
266 508 503 561 loquentem
523 508 788 562 iniquitatem
816 508 1011 548 adversus
1033 507 1182 558 Deum,
1206 512 1247 548 et
1278 512 1461 549 mentem
1493 509 1536 548 in
1568 508 1711 549 altitu·
1730 513 1785 544 ΡΞ.
1801 512 1904 543 lxxiv.

76 593 97 629 5
117 576 257 616 dinem
285 591 411 616 cornu
447 576 741 617 extollentem!
789 577 971 616 Parvum
1002 590 1088 616 esse
1118 577 1197 616 tibi
1228 576 1394 617 videtur
1424 577 1593 617 affixum
1626 592 1712 618 esse
1730 556 1760 589 ⁶⁴

117 645 233 699 ligno
266 645 497 685 Dominum
532 644 725 698 gloriae?
760 659 883 698 quem
919 648 967 684 tu
1001 644 1168 697 quidem
1202 660 1333 698 neque
1365 645 1520 685 Filium
1551 660 1711 696 verum,

120 727 250 766 neque
272 712 409 753 Deum
439 728 524 754 esse
554 713 682 753 dieis:
715 727 790 753 nos
820 715 960 753 autem
990 713 1207 762 credimus,
1232 714 1340 767 quod
1372 717 1434 753 est
1460 728 1555 754 vere
1582 714 1712 754 Filius

118 785 161 821 et
182 780 309 831 Deus,
332 784 489 822 creator
509 785 551 822 et
572 780 709 835 opifex
730 781 929 821 omnium.
990 781 1138 835 Neque
1159 782 1272 822 enim
1295 785 1383 822 erat
1406 782 1529 822 homo
1552 781 1709 835 simpli-

118 848 232 897 citer,
256 850 323 889 sed
356 849 400 889 in
433 850 564 903 speeie
596 849 779 889 humana
814 849 885 903 qui
917 854 980 889 est
1011 865 1061 889 ex
1089 850 1177 890 Deo
1209 850 1333 890 Patre
1364 850 1477 890 Deus
1498 850 1709 890 Verbum:

54 933 99 958 10
118 931 201 957 non
221 917 538 958 translationem
559 917 622 958 vel
650 917 937 967 mutationem,
961 933 1064 972 quae
1086 923 1148 959 est
1169 918 1213 958 in
1235 932 1367 968 earne,
1389 933 1545 971 passus,
1569 918 1712 958 unitus

117 1000 213 1026 vero
248 986 384 1039 magis
419 987 456 1026 ei
492 986 716 1026 secundum
748 986 871 1026 fidem
906 1001 1113 1026 sacrarum
1148 986 1375 1026 literarum.
1438 986 1525 1026 Iste
1559 986 1630 1040 qui
1667 987 1709 1026 in

117 1068 237 1094 carne
257 1069 414 1107 passus,
435 1058 475 1095 et
507 1069 727 1108 suspensue
758 1054 802 1094 in
822 1054 940 1108 ligno
972 1058 1046 1104 est,
1074 1054 1272 1096 miracula
1302 1055 1401 1095 feeit
1430 1055 1475 1094 in
1497 1055 1709 1109 Aegypto,

117 1134 189 1172 per
209 1119 253 1159 in
275 1119 469 1160 omnibus
492 1121 721 1174 sapientem
743 1120 891 1160 Mosen
915 1135 1030 1160 suam
1053 1120 1230 1174 gloriam
1252 1120 1535 1161 manifestans.

596 1294 819 1333 THEODORI
850 1308 900 1333 ex
931 1292 1073 1333 eodem
1103 1293 1222 1333 libro.

53 1398 97 1436 15
181 1384 342 1425 Gratia
362 1383 507 1424 Filius
537 1385 612 1438 qui
643 1398 693 1424 ‹3oe
720 1383 873 1423 Maria
904 1391 963 1424 est
993 1384 1122 1433 homo,
1154 1391 1314 1424 natura
1342 1397 1437 1424 vero
1465 1383 1582 1424 Deus
1613 1383 1710 1423 Ver-

119 1452 229 1492 bum.
293 1452 413 1498 Quod
433 1466 527 1493 vero
558 1459 617 1493 est
645 1453 810 1505 qratia,
833 1466 915 1491 non
946 1459 1107 1492 natura
1128 1459 1213 1492 est:
1247 1459 1285 1492 et
1310 1452 1420 1506 quod
1450 1459 1509 1492 est
1536 1458 1708 1501 natura,

117 1534 198 1561 ozon
231 1522 392 1574 qratia,
424 1535 507 1561 ozon
541 1521 625 1560 duo
652 1519 757 1571 filii.
819 1519 1011 1573 Sufficiat
1046 1521 1215 1573 corpori
1249 1521 1361 1574 quod
1396 1533 1446 1559 eoe
1480 1519 1600 1560 nobis
1634 1527 1707 1569 est,

116 1589 345 1629 seeundum
366 1589 561 1642 qratiam
582 1588 758 1641 filiatio,
779 1588 938 1641 ylaria,
960 1588 1274 1636 immortalitas,
1301 1602 1379 1640 quo
1409 1588 1604 1641 templum
1624 1587 1710 1628 Dei

124 1657 251 1697 Verbi
269 1656 440 1709 factam
470 1664 558 1698 est:
595 1670 679 1697 non
708 1671 845 1710 supra
874 1664 1080 1697 viaturam
1110 1657 1303 1705 elevetur,
1334 1664 1371 1697 et
1393 1656 1506 1697 Deus
1530 1656 1709 1697 Verbum

51 1750 100 1775 20
115 1739 194 1779 pro
216 1725 359 1766 debita
390 1739 415 1764 a
442 1726 562 1766 nobis
588 1725 835 1780 yratia2⁴mn
856 1725 1018 1765 actione
1038 1739 1120 1765 ozon
1141 1725 1380 1778 injurietur.
1441 1724 1499 1764 Et
1521 1738 1628 1778 quae
1649 1731 1708 1765 est

117 1793 322 1846 injuria?
387 1794 634 1848 Componere
654 1794 795 1847 ipsum
824 1806 917 1833 eum
945 1806 1129 1847 corpore,
1153 1800 1191 1833 et
1214 1800 1372 1847 putare
1402 1807 1494 1833 eum
1525 1794 1585 1832 ad
1608 1807 1708 1846 per-

105 1861 266 1914 fectam
291 1862 547 1915 filiatioozem
582 1862 774 1916 eorporis
807 1861 1013 1915 incliyere.
1072 1861 1221 1915 Neque
1256 1862 1345 1915 ipse
1379 1861 1494 1901 Deus
1534 1861 1709 1901 Verbum

117 1930 207 1970 vult
236 1931 416 1984 seipsum
437 1931 582 1983 filium
605 1929 754 1970 David
782 1943 877 1977 esse,
898 1929 972 1970 sed
998 1928 1242 1970 dominum.-
1273 1942 1422 1983 eorpus
1450 1943 1544 1969 vero
1565 1929 1710 1969 vocari

107 1999 252 2052 filium
274 1998 430 2046 David,
450 2013 531 2039 ozon
562 1999 697 2040 solum
729 2012 812 2039 ozon
842 1998 1013 2044 invidit,
1041 1999 1114 2038 sed
1144 1998 1275 2038 etiam
1301 2005 1479 2051 propter
1505 1998 1582 2037 hoe
1605 2011 1706 2051 per-

50 2081 98 2120 25
116 2068 240 2107 venit.

168 2201 198 2224 1.
226 2188 414 2224 CIRILLI
441 2190 488 2230 D,
509 2188 724 2230 CYRILLI,
749 2189 874 2223 Surius
900 2188 993 2222 “Sic
1018 2189 1121 2222 etiam
1144 2193 1276 2222 veteres
1303 2187 1472 2221 editiones
1486 2188 1508 2202 ’³
1537 2186 1616 2232 [i.e.
1639 2187 1706 2221 Su-

118 2235 210 2282 rius]
232 2236 367 2275 Baluz„
386 2235 539 2281 Cyrillus
558 2235 625 2269 Ed.
757 2235 854 2269 Haec
873 2235 955 2268 citat
972 2241 1005 2268 et
1024 2235 1174 2269 Severus
1192 2240 1313 2268 contra
1329 2233 1350 2267 J
1354 2246 1502 2267 oannem
1523 2233 1707 2268 Gramma-

117 2284 228 2318 ticum
249 2282 388 2328 syriace
405 2282 440 2315 in
460 2281 549 2316 Cod.
569 2282 666 2315 Mus.
686 2281 775 2316 Brit.
793 2281 874 2315 add.
898 2290 1007 2325 12157
1027 2281 1086 2314 fol.
1107 2290 1174 2324 215
1201 2281 1267 2314 sub
1285 2281 1387 2314 titulo
1405 2280 1568 2323 Ejusdem
1586 2292 1602 2313 e
1619 2281 1706 2314 libro

113 2330 226 2375 primo
244 2341 356 2362 eorum
375 2341 459 2373 quae
477 2333 596 2362 contra
617 2329 825 2362 Theodorum
842 2329 1116 2372 Mopsuesterzum
1134 2328 1208 2361 Deo
1225 2331 1474 2371 repuymmtem.
1570 2336 1603 2368 5.
1629 2338 1706 2360 cor-

118 2388 205 2410 num
225 2375 314 2421 (sic)
335 2376 382 2409 D.
455 2387 605 2420 parvum
632 2379 655 2393 “
670 2375 805 2408 Bellov.
824 2380 857 2408 et
874 2381 943 2408 vet.
962 2374 1066 2408 edit.'’
1094 2374 1217 2408 Baluz.
1235 2380 1268 2407 et
1286 2374 1334 2407 sic
1354 2373 1433 2407 Sur.
1453 2374 1639 2417 parvulum
1658 2373 1706 2414 D,

118 2435 244 2468 parum
262 2422 330 2456 Ed.
401 2422 562 2456 videatur
580 2422 626 2456 D.
697 2421 852 2455 adfixum
873 2421 920 2461 D,
940 2420 1077 2454 Surius.
1258 2420 1291 2454 6.
1316 2431 1439 2453 verum
1457 2431 1569 2464 neque
1588 2420 1707 2453 Deum

118 2469 210 2514 esse]
230 2480 305 2503 esse
321 2480 442 2502 verum
462 2468 507 2502 D.
745 2480 777 2511 9.
805 2468 904 2501 Deus
927 2479 990 2500 om.
1011 2466 1088 2512 Syr.
1329 2478 1381 2500 10.
1408 2466 1634 2499 translatione
1652 2467 1707 2500 vel

117 2516 312 2550 mutatione
330 2515 377 2549 D.
516 2527 568 2549 11.
592 2514 784 2548 litterarum
804 2514 850 2548 D.
923 2513 958 2547 in
977 2525 1039 2547 om.
1060 2514 1107 2547 D.
1249 2523 1302 2557 13.
1328 2524 1389 2558 per
1406 2513 1441 2546 in
1459 2512 1624 2546 omnibus
1645 2513 1708 2546 hoe

118 2563 237 2596 ordine
255 2562 302 2602 D,
322 2561 458 2595 Bellov.
475 2561 512 2594 in
539 2561 705 2595 omnibus
727 2573 788 2605 per
805 2560 871 2594 Ed.
948 2560 1097 2605 Moysen
1119 2559 1165 2599 D,
1186 2559 1318 2593 Bellov.
1405 2558 1640 2592 manifestavit
1658 2559 1704 2593 D.

122 2620 176 2651 14.
204 2608 258 2642 Ita
275 2608 322 2648 D,
342 2607 478 2642 Surius.
499 2607 551 2641 Ex
571 2607 692 2641 eodem
710 2607 799 2641 libro
816 2606 1037 2640 Theodorus.
1057 2606 1123 2640 Ed.
1143 2611 1236 2639 extat
1260 2605 1343 2639 haec
1365 2611 1398 2638 et
1422 2605 1706 2650 interpretatione

118 2655 266 2694 diversa,
290 2655 326 2688 in
351 2654 474 2688 Leont.
493 2654 579 2698 Byz.
601 2658 722 2687 contra
741 2654 840 2687 Nest.
858 2659 891 2687 et
912 2653 1063 2698 Eutych.
1080 2653 1158 2687 libr.
1178 2663 1211 2696 3,
1236 2652 1343 2686 Diod.
1369 2664 1408 2685 ex
1432 2651 1521 2685 libro
1544 2663 1556 2685 1
1584 2657 1705 2685 contra

119 2701 367 2746 Synousiastas
386 2701 523 2743 citante,
544 2699 705 2734 Gallandi
721 2700 780 2733 xii.
799 2700 879 2744 696.
1113 2700 1166 2734 18.
1189 2698 1384 2733 secundum
1401 2698 1511 2742 gratia
1529 2698 1705 2731 filiationis

118 2747 203 2792 (sic)
224 2748 270 2782 D.
335 2746 430 2792 quod
449 2746 495 2781 D.
610 2758 663 2791 19.
682 2747 852 2780 relevetur
870 2746 917 2780 D.
1035 2756 1090 2780 20.
1108 2757 1127 2779 a
1144 2757 1206 2779 om.
1223 2745 1270 2778 D.
1385 2756 1439 2778 22.
1467 2744 1704 2788 cumcorporis

119 2795 200 2839 (sic)
217 2794 264 2827 D.
426 2803 478 2836 23.
507 2792 690 2827 dominum
710 2793 856 2833 Bellov.,
875 2792 979 2826 deum
1000 2792 1045 2832 D,
1064 2792 1228 2826 dominus
1248 2791 1313 2825 Ed.

177 2993 265 3022 vor..
289 2994 354 3021 111.
891 2994 911 3034 3
935 2993 962 3020 x
