2017 3252
354 151 438 189 606
797 149 844 187 B.
879 147 1124 187 CYRILLI
1160 147 1506 187 ALEXANDR.

353 254 580 322 Χριστὸς,
608 254 711 305 οὐδὲ
747 255 800 304 τὸ
836 254 969 319 ἅγιον
1006 255 1146 304 αὐτοῦ
1181 258 1323 317 σῶμα
1361 253 1789 316 μεταβληθήσεται,
1825 251 1933 299 ἀλλ’

352 338 380 401 ἡ
407 340 488 400 τῆς
519 337 735 402 εὐλογίας
768 335 972 398 δύναμις,
1000 337 1073 385 καὶ
1103 335 1130 397 ἡ
1156 334 1376 400 ζωοποιὸς
1404 335 1535 401 χάρις
1569 333 1776 397 διηνεκής
1807 334 1937 382 ἐστιν

352 421 401 469 ἐν
429 420 570 487 αὐτῷ.

430 500 764 566 Περιέρχονται
805 495 853 548 δὲ
896 499 970 548 καὶ
1010 498 1160 563 ἕτεροί
1197 520 1326 558 τινες,
1366 499 1426 549 ὡς
1466 498 1603 563 φασὶ,
1640 492 1935 560 προσποιού-

315 605 335 631 o
353 603 482 643 μενοι
516 579 637 648 μόνῃ
675 578 928 646 σχολάζειν
961 584 1018 646 τῇ
1056 582 1319 645 προσευχῇ,
1355 579 1430 628 καὶ
1470 576 1601 627 οὐδὲν
1629 574 1937 641 ἐργαζόμενοι,

132 665 291 748 {Tim-Vi·
355 664 430 712 καὶ
470 661 608 713 ὄκνου
633 661 883 728 πρόφασιν
909 662 985 711 καὶ
1023 666 1262 726 πορισμοῦ
1295 665 1536 710 ποιοῦνται
1570 657 1656 721 τὴν
1683 657 1939 717 εὐσέβειαν,

355 744 438 794 οὐκ
484 743 604 810 ὀρθὰ
645 748 944 811 φρονοῦντες.
1021 743 1118 793 ἐπεὶ
1170 742 1447 806 λεγέτωσαν
1490 738 1678 793 ἑαυτοὺς
1719 741 1794 789 καὶ
1845 742 1941 788 τῶν

355 826 505 891 ἁγίων
539 824 831 877 ἀποστόλων
865 824 1144 889 κρείττονας,
1177 823 1219 873 οἳ
1247 821 1527 889 ἐἰργάζοντο
1560 820 1645 885 μὲν
1683 819 1942 874 ἐνδιδόντος

355 908 511 960 αὐτοῖς
542 913 626 958 τοῦ
662 912 823 971 καιροῦ
857 905 944 970 τὴν
968 909 1030 959 εἰς
1065 911 1204 955 τοῦτο
1230 903 1435 972 σχολὴν,
1462 903 1662 964 ε”καμνον
1689 901 1737 953 δὲ
1772 904 1847 953 καὶ
1878 905 1942 955 εἷς

356 987 440 1040 τὸν
479 987 629 1054 λόγον
667 994 751 1039 τοῦ
793 991 934 1038 Θεοῦ.
1001 991 1103 1039 πῶς
1141 985 1189 1037 δὲ
1230 987 1306 1036 καὶ
1347 985 1634 1037 ἐπελάθοντο
1673 983 1940 1051 γράφοντος

132 1080 278 1153 ΞίΤΙἈΙθΞὸ·
355 1076 437 1121 τοῦ
475 1070 707 1136 μακαρίου
736 1068 938 1120 Παύλου
963 1068 1081 1133 πρός
1112 1090 1241 1121 τινας
1281 1075 1307 1096 “
1333 1066 1505 1118 Ἀκούω
1542 1065 1636 1132 γὰρ
1673 1070 1942 1131 περιπατεῖν

172 1147 178 1155 ⁸
234 1147 240 1154 ³
311 1164 337 1204 d
357 1158 383 1181 ‘⁶
403 1153 451 1202 ἐν
478 1153 584 1214 ὑμῖν
602 1174 730 1205 τινας
756 1150 902 1215 μηδὲν
922 1149 1266 1216 ἐργαζομένους,
1288 1148 1419 1199 ἀλλὰ
1444 1146 1882 1214 περιεργαζομένους
1902 1148 1940 1208 ;”

355 1234 438 1283 οὐκ
467 1233 745 1300 ἀποδέχεται
783 1233 939 1282 τοίνυν
962 1230 1068 1286 τοῦς
1093 1237 1233 1282 τοῦτο
1259 1233 1469 1295 δρῶντας
1494 1230 1522 1293 ἡ
1547 1228 1830 1293 Ἐκκλησία.
1878 1232 1949 1279 δεῖ

354 1313 438 1377 μὲν
479 1315 572 1381 γὰρ
611 1313 1001 1379 ὁμολογουμένως
1051 1315 1272 1380 εὔχεσθαι
1322 1311 1562 1365 συντόνως
1607 1313 1943 1377 ἐνηρεμοῦντας

355 1401 452 1449 τοῖς
490 1396 810 1462 ἀσκητηρίοις·
859 1399 1003 1446 λυπεῖ
1031 1393 1078 1445 δὲ
1103 1395 1247 1457 οὐδὲν,
1275 1398 1465 1458 μᾶλλον
1491 1392 1540 1444 δὲ
1570 1395 1647 1444 καὶ
1685 1391 1935 1460 ὠφελιμώ-

356 1477 498 1530 τατόν
525 1480 656 1528 ἐστιν
682 1477 805 1543 ἄγαν
831 1477 885 1528 τὸ
913 1479 988 1528 καὶ
1015 1476 1306 1543 ἐργάζεσθαι,
1334 1476 1408 1526 ἵνα
1443 1474 1507 1539 μὴ
1535 1473 1702 1541 ἑτέροις
1737 1473 1943 1541 ἐπαχθὴς

356 1562 536 1626 εὑρεθῆ,
584 1558 692 1613 τοὺς
740 1560 894 1610 αὐτῶν
947 1562 1143 1625 ἱδρῶτας
1194 1562 1255 1612 εἷς
1306 1558 1426 1608 ἰδίαν
1467 1556 1712 1624 δεχόμενος
1763 1557 1940 1623 χρείαν,

359 1645 535 1709 δυνηθῇ
564 1641 612 1692 δὲ
638 1643 714 1692 καὶ
741 1641 834 1693 ἀπὸ
861 1645 955 1692 τῶν
977 1642 1120 1692 αὐτοῦ
1143 1640 1303 1692 πόνων
1328 1639 1770 1705 παραμυθήσασθαι
1796 1637 1947 1705 χήραν

323 1725 438 1773 θκαῖ
480 1723 706 1792 ὀρφανὸν,
745 1724 822 1773 καὶ
863 1721 1180 1775 ἀσθενοῦντας
1223 1744 1348 1774 τινας
1391 1725 1485 1771 τῶν
1522 1723 1759 1789 ἀδελφῶν,
1824 1724 1860 1770 εἰ
1898 1718 1947 1770 δὲ

364 1805 630 1871 νομίζουσιν
662 1803 774 1855 εἶναι
809 1804 973 1866 καλὸν,
999 1802 1052 1854 τὸ
1089 1804 1227 1870 ε”ργου
1253 1802 1316 1866 μὴ
1352 1802 1599 1863 ἅπτεσθαι,
1629 1802 1741 1852 ὅταν
1778 1800 1948 1854 πάντες

363 1885 422 1936 τὰ
458 1887 611 1937 αὐτῶν
643 1886 916 1952 ζηλώσωσι,
950 1887 1018 1938 τίς
1058 1886 1082 1935 ὁ
1121 1884 1306 1953 τρέφων
1345 1884 1541 1945 αὐτούς;
1591 1883 1755 1949 ἀργίας
1794 1883 1949 1934 τοίνυν

363 1969 438 2017 καὶ
465 1967 843 2033 γαστριμαργίας
869 1966 1117 2034 πρόφασιν
1140 1965 1385 2017 ποιοῦνταί
1409 1988 1541 2028 τινες,
1567 1965 1621 2015 τὸ
1650 1968 1743 2015 δεῖν
1769 1964 1950 2015 οἴεσθαι

363 2047 484 2117 μόνῃ
517 2047 770 2116 σχολοίζειν
796 2053 854 2116 τῇ
892 2052 1155 2114 προσευχῇ,
1198 2048 1338 2114 ἔργου
1364 2046 1412 2097 δὲ
1442 2046 1566 2099 ὅλως
1603 2046 1668 2109 μὴ
1693 2045 1945 2096 ἅπτεσθαι.

363 2129 428 2193 μὴ
450 2130 687 2197 συγχώρει
715 2129 763 2180 δὲ
790 2133 884 2183 τοῖς
910 2129 1179 2198 ὀρθοδόξοις
1206 2128 1323 2191 μετὰ
1349 2133 1442 2178 τῶν
1468 2126 1768 2191 καλουμένων
1791 2131 1951 2177 Μελε-

142 2228 226 2262 366
248 2226 300 2262 Α.
324 2236 346 2260 a
364 2216 535 2262 τιανῶν
561 2210 873 2277 συνάγεσθαι,
902 2211 978 2262 ἵνα
1016 2211 1080 2273 μὴ
1119 2211 1344 2276 γένωνται
1378 2211 1588 2260 κοινωνοὶ
1620 2211 1700 2272 τῆς
1728 2211 1941 2260 ἀποστα-

1960 592 1982 628 5

1967 1005 2014 1030 10

1970 1412 2015 1451 15

1971 1825 2016 1849 20

1972 2226 2017 2271 25³

417 2352 445 2374 1.
474 2342 572 2384 σῶμα
591 2351 661 2374 orn.
680 2340 724 2373 A.
900 2351 933 2381 4.
959 2337 1475 2383 προσποιούμενοι-προσευχῇ
1496 2337 1560 2371 hoc
1578 2337 1701 2371 ordine
1719 2338 1761 2370 A.
1779 2351 1949 2381 προσ-ποι·
2012 2343 2015 2350 ’

367 2386 500 2431 οὑμενοι
518 2392 598 2430 post
614 2387 792 2431 προσευχῇ
812 2386 1010 2429 transponit
1031 2385 1096 2419 Ed.
1370 2384 1402 2419 6.
1426 2387 1598 2418 ποιοῦνται
1615 2384 1675 2426 τὴν
1691 2383 1867 2424 εὐσέβειαν
1885 2384 1950 2416 hoc

367 2433 488 2467 ordine
506 2434 550 2466 A.
740 2433 774 2466 S.
801 2432 1010 2466 ἐνδιδοῦντος
1029 2431 1075 2465 D.
1273 2442 1325 2464 10.
1352 2431 1405 2464 καὶ
1423 2443 1491 2464 om.
1512 2431 1553 2464 A.
1625 2430 1952 2475 γράφοντος-πρὸς
2014 2420 2015 2454 Ῑ

367 2480 460 2514 τινάς
476 2478 543 2512 hoc
561 2478 682 2512 ordine
700 2478 743 2512 A.
761 2479 957 2522 γράφοντος
975 2483 1053 2521 post
1071 2477 1163 2512 τινὰς
1179 2477 1377 2521 transponit
1396 2476 1462 2511 Ed.
1677 2487 1690 2510 1
1703 2488 1730 2510 1.
1756 2478 1952 2520 περιπατεῖν
2012 2515 2014 2517 ¹

367 2526 404 2559 ἐν
421 2525 496 2569 ὑμῖν
512 2539 604 2559 τινας
624 2525 691 2558 hoc
709 2524 830 2558 ordine
848 2525 892 2557 A.
915 2525 950 2558 ἐν
966 2525 1043 2566 ὑμῖν
1059 2524 1150 2558 τινὰς
1166 2525 1362 2567 περιπατεῖν
1380 2522 1446 2556 Ed.
1609 2533 1661 2566 13.
1686 2525 1786 2556 τοῦτο
1804 2523 1952 2566 δρῶντας
2014 2544 2015 2556 η

368 2572 435 2605 hoe
453 2571 573 2605 ordine
591 2571 635 2604 A.
747 2582 800 2612 14.
827 2571 1067 2614 ε’νηρεμουντας
1085 2572 1155 2604 τοῖς
1172 2569 1387 2613 ἀσκητηρίοις
1403 2569 1469 2602 hoc
1488 2568 1608 2602 ordine
1629 2570 1673 2603 A.
1782 2578 1834 2610 15.
1860 2569 1951 2612 ὠφε-

367 2619 558 2662 λιμώτατόν
576 2617 671 2650 ἐστιν
688 2617 772 2661 ἄγαν
791 2616 856 2650 hoc
874 2617 995 2650 ordine
1013 2616 1057 2649 A.
1076 2616 1160 2660 ἄγαν
1178 2616 1246 2660 ὠφ.
1265 2615 1360 2650 ἐστὶν
1375 2615 1441 2649 Ed.
1582 2614 1634 2649 16.
1659 2615 1711 2648 καὶ
1729 2621 1952 2659 assumptum
2011 2621 2015 2641 ι’

369 2676 410 2698 ex
430 2665 524 2698 A.D.
597 2663 723 2707 ἑτέροις
741 2663 891 2706 ἐπαχθὴς
908 2663 974 2695 hoc
992 2661 1113 2695 ordine
1132 2662 1174 2694 A.
1364 2663 1416 2694 18.
1442 2660 1754 2705 παραμυθήσασθαι
1772 2661 1881 2706 χήραν
1898 2661 1952 2694 καὶ

369 2711 521 2755 ὀρφανὸν
538 2709 604 2743 hoc
623 2709 744 2743 Ordine
763 2709 804 2742 A.
823 2708 932 2752 χήραν
950 2709 1003 2741 καὶ
1021 2708 1171 2753 ὀρφανὸν
1188 2707 1500 2751 παραμυθήσασθαι
1519 2707 1584 2741 Ed.
1769 2719 1821 2752 19.
1848 2707 1953 2741 ἀσθε-
2012 2720 2013 2723 ’

369 2758 507 2791 νοῦντάς
524 2770 615 2790 τινας
632 2755 698 2789 hoc
717 2754 838 2789 ordine
856 2756 900 2788 A.
1164 2765 1219 2788 20.
1246 2755 1440 2797 νομίζουσιν
1457 2752 1539 2788 εἶναι
1557 2755 1660 2788 καλὸν
1677 2754 1720 2788 A.
1740 2755 1843 2787 καλὸν
1860 2753 1952 2796 νομί·
2012 2758 2013 2761 ’

369 2805 465 2845 ζουσι
486 2802 550 2836 Ed.
615 2803 716 2845 ἔργου
734 2801 777 2834 A.
796 2802 904 2844 ἔργων
922 2799 988 2834 Ed.
1053 2800 1175 2835 πάντες
1190 2801 1230 2833 τὰ
1247 2801 1356 2834 αὐτῶν
1373 2802 1554 2843 ζηλώσωσι
1570 2801 1612 2835 Α.
1633 2802 1814 2844 ζηλώσωσι
1830 2800 1953 2834 πάντες

368 2851 409 2883 τὰ
427 2850 511 2883 αὐτὰ
531 2849 631 2894 [αὑτὰ
649 2847 770 2892 Vulc.]
792 2847 858 2881 Ed.
1047 2857 1102 2880 21.
1128 2847 1239 2880 τοίνυν
1257 2853 1479 2891 assumptum
1498 2859 1539 2880 ex
1557 2848 1600 2880 A.
1788 2857 1843 2879 22.
1867 2848 1952 2889 πρό·
2010 2856 2011 2882 1

368 2898 478 2938 φασιν
497 2896 540 2929 A.
558 2895 717 2940 ἀφορμὴν
736 2893 800 2928 Ed.
982 2904 1037 2937 23.
1063 2894 1146 2936 μόνῃ
1165 2893 1260 2926 Α.1’).
1280 2893 1382 2927 Vilio.
1401 2895 1504 2936 μόνον
1520 2893 1614 2927 Aub.
1803 2903 1857 2933 24.
1883 2894 1953 2926 τοῖς

369 2942 690 2986 ὀρθοδόξοις-μελ.
711 2941 752 2975 A.
771 2939 853 2984 μετὰ
872 2943 937 2974 τῶν
955 2953 984 2974 κ.
1005 2941 1219 2974 Μελετιανῶν
1236 2940 1314 2975 τοὺς
1335 2940 1540 2984 ὀρθοδόξους
1558 2939 1624 2973 Ed.
1691 2940 1890 2982 μελιτιανῶν
1907 2938 1950 2971 A.
