<?xml version="1.0" encoding="UTF-8"?>
<!DOCTYPE html PUBLIC "-//W3C//DTD XHTML 1.0 Transitional//EN"
    "http://www.w3.org/TR/xhtml1/DTD/xhtml1-transitional.dtd">
<html xmlns="http://www.w3.org/1999/xhtml" xml:lang="en" lang="en">
 <head>
  <title>
</title>
<meta http-equiv="Content-Type" content="text/html;charset=utf-8" />
  <meta name='ocr-system' content='tesseract 3.04.00' />
  <meta name='ocr-capabilities' content='ocr_page ocr_carea ocr_par ocr_line ocrx_word'/>
</head>
<body>
  <div class='ocr_page' id='page_1' title='image "./operacyrilli05cyriuoft/operacyrilli05cyriuoft_0217.png"; bbox 0 0 2012 3272; ppageno 0'>
   <div class='ocr_carea' id='block_1_1' title="bbox 125 118 1922 298">
    <p class='ocr_par' dir='ltr' id='par_1_1' title="bbox 125 118 1922 298">
     <span class='ocr_line' id='line_1_1' title="bbox 128 118 1713 172; baseline -0.02 5"><span class='ocrx_word' id='word_1_1' title='bbox 128 118 281 172; x_wconf 65' lang='lat' dir='ltr'>vii-15-</span> <span class='ocrx_word' id='word_1_2' title='bbox 458 119 526 159; x_wconf 79' lang='lat' dir='ltr'>IN</span> <span class='ocrx_word' id='word_1_3' title='bbox 564 119 907 160; x_wconf 83' lang='lat' dir='ltr'><strong>EPISTOLAM</strong></span> <span class='ocrx_word' id='word_1_4' title='bbox 946 120 1028 160; x_wconf 87' lang='lat' dir='ltr'>AD</span> <span class='ocrx_word' id='word_1_5' title='bbox 1067 121 1376 164; x_wconf 81' lang='lat' dir='ltr'><strong>ROMANOS.</strong></span> <span class='ocrx_word' id='word_1_6' title='bbox 1631 125 1713 164; x_wconf 71' lang='lat'>203</span> 
     </span>
     <span class='ocr_line' id='line_1_2' title="bbox 125 190 1922 298; baseline -0.029 25"><span class='ocrx_word' id='word_1_7' title='bbox 125 226 268 289; x_wconf 60' lang='grc' dir='ltr'>μένην</span> <span class='ocrx_word' id='word_1_8' title='bbox 301 227 394 292; x_wconf 54' lang='grc' dir='ltr'>γάρ</span> <span class='ocrx_word' id='word_1_9' title='bbox 420 250 523 277; x_wconf 49' lang='grc' dir='ltr'>Τίνα</span> <span class='ocrx_word' id='word_1_10' title='bbox 549 233 997 294; x_wconf 65' lang='grc' dir='ltr'>πλαστουργθῧντες</span> <span class='ocrx_word' id='word_1_11' title='bbox 1034 231 1109 279; x_wconf 77' lang='grc' dir='ltr'>καὶ</span> <span class='ocrx_word' id='word_1_12' title='bbox 1144 230 1291 297; x_wconf 78' lang='grc' dir='ltr'>τύχην</span> <span class='ocrx_word' id='word_1_13' title='bbox 1321 229 1440 281; x_wconf 79' lang='grc' dir='ltr'>κατὰ</span> <span class='ocrx_word' id='word_1_14' title='bbox 1474 230 1529 281; x_wconf 83' lang='grc' dir='ltr'>τὸ</span> <span class='ocrx_word' id='word_1_15' title='bbox 1565 232 1713 298; x_wconf 79' lang='grc' dir='ltr'>σφίσι</span> <span class='ocrx_word' id='word_1_16' title='bbox 1750 190 1823 232; x_wconf 66' lang='lat'>[²0</span> <span class='ocrx_word' id='word_1_17' title='bbox 1840 190 1922 232; x_wconf 90' lang='lat' dir='ltr'>M.]</span> 
     </span>
    </p>
   </div>
   <div class='ocr_carea' id='block_1_2' title="bbox 50 307 1913 2670">
    <p class='ocr_par' dir='ltr' id='par_1_2' title="bbox 50 307 1913 2670">
     <span class='ocr_line' id='line_1_3' title="bbox 125 307 1713 377; baseline 0.003 -19"><span class='ocrx_word' id='word_1_18' title='bbox 125 310 303 371; x_wconf 81' lang='grc' dir='ltr'>δοκοῦν,</span> <span class='ocrx_word' id='word_1_19' title='bbox 333 307 430 359; x_wconf 78' lang='grc' dir='ltr'>εἶτα</span> <span class='ocrx_word' id='word_1_20' title='bbox 468 308 521 359; x_wconf 82' lang='grc' dir='ltr'>τὸ</span> <span class='ocrx_word' id='word_1_21' title='bbox 548 315 732 374; x_wconf 81' lang='grc' dir='ltr'>κρατεῖν</span> <span class='ocrx_word' id='word_1_22' title='bbox 758 314 853 360; x_wconf 82' lang='grc' dir='ltr'>τῶν</span> <span class='ocrx_word' id='word_1_23' title='bbox 880 311 985 361; x_wconf 82' lang='grc' dir='ltr'>καθ’</span> <span class='ocrx_word' id='word_1_24' title='bbox 1014 310 1135 374; x_wconf 80' lang='grc' dir='ltr'>ἡμᾶς</span> <span class='ocrx_word' id='word_1_25' title='bbox 1169 312 1465 377; x_wconf 80' lang='grc' dir='ltr'>πραγμάτων</span> <span class='ocrx_word' id='word_1_26' title='bbox 1491 318 1590 366; x_wconf 87' lang='grc' dir='ltr'>ταῖς</span> <span class='ocrx_word' id='word_1_27' title='bbox 1631 315 1713 364; x_wconf 79' lang='grc' dir='ltr'>οὐκ</span> 
     </span>
     <span class='ocr_line' id='line_1_4' title="bbox 124 390 1713 460; baseline 0.003 -20"><span class='ocrx_word' id='word_1_28' title='bbox 124 391 286 443; x_wconf 77' lang='grc' dir='ltr'>οὔσαις</span> <span class='ocrx_word' id='word_1_29' title='bbox 337 390 636 454; x_wconf 87' lang='grc' dir='ltr'>ἀνάπτοντες,</span> <span class='ocrx_word' id='word_1_30' title='bbox 687 397 1025 458; x_wconf 82' lang='grc' dir='ltr'>παραιροῦνται</span> <span class='ocrx_word' id='word_1_31' title='bbox 1076 393 1159 443; x_wconf 83' lang='grc' dir='ltr'>τὸν</span> <span class='ocrx_word' id='word_1_32' title='bbox 1210 393 1460 460; x_wconf 79' lang='grc' dir='ltr'>ἄνθρωπον</span> <span class='ocrx_word' id='word_1_33' title='bbox 1511 401 1593 446; x_wconf 82' lang='grc' dir='ltr'>τοῦ</span> <span class='ocrx_word' id='word_1_34' title='bbox 1644 395 1713 445; x_wconf 77' lang='grc' dir='ltr'>ὅτι</span> 
     </span>
     <span class='ocr_line' id='line_1_5' title="bbox 123 473 1708 543; baseline 0.003 -21"><span class='ocrx_word' id='word_1_35' title='bbox 123 473 338 533; x_wconf 74' lang='grc' dir='ltr'>μάλιστα</span> <span class='ocrx_word' id='word_1_36' title='bbox 375 473 636 539; x_wconf 76' lang='grc' dir='ltr'>πρέποντος</span> <span class='ocrx_word' id='word_1_37' title='bbox 676 476 814 543; x_wconf 72' lang='grc' dir='ltr'>αὐτῷ,</span> <span class='ocrx_word' id='word_1_38' title='bbox 843 478 964 540; x_wconf 78' lang='grc' dir='ltr'>φημὶ</span> <span class='ocrx_word' id='word_1_39' title='bbox 1000 474 1048 525; x_wconf 76' lang='grc' dir='ltr'>δὲ</span> <span class='ocrx_word' id='word_1_40' title='bbox 1080 481 1163 525; x_wconf 87' lang='grc' dir='ltr'>τοῦ</span> <span class='ocrx_word' id='word_1_41' title='bbox 1198 480 1364 542; x_wconf 80' lang='grc' dir='ltr'>χρῆναι</span> <span class='ocrx_word' id='word_1_42' title='bbox 1403 482 1539 537; x_wconf 79' lang='grc' dir='ltr'>βιοῦν</span> <span class='ocrx_word' id='word_1_43' title='bbox 1577 479 1708 527; x_wconf 86' lang='grc' dir='ltr'>ἐλευ-</span> 
     </span>
     <span class='ocr_line' id='line_1_6' title="bbox 80 554 1714 625; baseline 0.001 -18"><span class='ocrx_word' id='word_1_44' title='bbox 80 568 102 607; x_wconf 90' lang='grc'><strong>5</strong></span> <span class='ocrx_word' id='word_1_45' title='bbox 124 554 280 620; x_wconf 68' lang='grc' dir='ltr'>θέρως,</span> <span class='ocrx_word' id='word_1_46' title='bbox 319 556 560 619; x_wconf 66' lang='grc' dir='ltr'>ἀνειμένην</span> <span class='ocrx_word' id='word_1_47' title='bbox 599 579 646 606; x_wconf 90' lang='grc' dir='ltr'>τε</span> <span class='ocrx_word' id='word_1_48' title='bbox 683 558 757 606; x_wconf 76' lang='grc' dir='ltr'>καὶ</span> <span class='ocrx_word' id='word_1_49' title='bbox 796 556 1070 606; x_wconf 81' lang='grc' dir='ltr'>ἐθελούσιον</span> <span class='ocrx_word' id='word_1_50' title='bbox 1109 556 1276 624; x_wconf 76' lang='grc' dir='ltr'>ἔχοντα</span> <span class='ocrx_word' id='word_1_51' title='bbox 1315 558 1400 621; x_wconf 89' lang='grc' dir='ltr'>τὴν</span> <span class='ocrx_word' id='word_1_52' title='bbox 1437 558 1589 625; x_wconf 81' lang='grc' dir='ltr'>ῥοπὴν</span> <span class='ocrx_word' id='word_1_53' title='bbox 1628 559 1714 623; x_wconf 85' lang='grc' dir='ltr'>τὴν</span> 
     </span>
     <span class='ocr_line' id='line_1_7' title="bbox 123 636 1713 706; baseline 0.003 -20"><span class='ocrx_word' id='word_1_54' title='bbox 123 637 194 704; x_wconf 85' lang='grc' dir='ltr'>ἐφ’</span> <span class='ocrx_word' id='word_1_55' title='bbox 228 636 342 703; x_wconf 81' lang='grc' dir='ltr'>ὅπερ</span> <span class='ocrx_word' id='word_1_56' title='bbox 381 636 439 688; x_wconf 81' lang='grc' dir='ltr'>ἀν</span> <span class='ocrx_word' id='word_1_57' title='bbox 478 637 632 688; x_wconf 76' lang='grc' dir='ltr'>ἕλοιτο</span> <span class='ocrx_word' id='word_1_58' title='bbox 670 642 765 688; x_wconf 82' lang='grc' dir='ltr'>τῶν</span> <span class='ocrx_word' id='word_1_59' title='bbox 803 639 1064 703; x_wconf 75' lang='grc' dir='ltr'>πρακτέων.</span> <span class='ocrx_word' id='word_1_60' title='bbox 1121 639 1302 704; x_wconf 83' lang='grc' dir='ltr'>ἀνάγκη</span> <span class='ocrx_word' id='word_1_61' title='bbox 1344 640 1393 691; x_wconf 77' lang='grc' dir='ltr'>δὲ</span> <span class='ocrx_word' id='word_1_62' title='bbox 1433 639 1597 706; x_wconf 79' lang='grc' dir='ltr'>ὥσπερ</span> <span class='ocrx_word' id='word_1_63' title='bbox 1637 642 1713 692; x_wconf 85' lang='grc' dir='ltr'>καὶ</span> 
     </span>
     <span class='ocr_line' id='line_1_8' title="bbox 122 718 1713 789; baseline 0.005 -21"><span class='ocrx_word' id='word_1_64' title='bbox 122 723 217 772; x_wconf 88' lang='grc' dir='ltr'>τοῖς</span> <span class='ocrx_word' id='word_1_65' title='bbox 242 720 350 785; x_wconf 86' lang='grc' dir='ltr'>παρ’</span> <span class='ocrx_word' id='word_1_66' title='bbox 381 721 564 770; x_wconf 83' lang='grc' dir='ltr'>ἐκείνων</span> <span class='ocrx_word' id='word_1_67' title='bbox 591 718 714 785; x_wconf 78' lang='grc' dir='ltr'>ὅροις</span> <span class='ocrx_word' id='word_1_68' title='bbox 742 742 791 769; x_wconf 93' lang='grc' dir='ltr'>τε</span> <span class='ocrx_word' id='word_1_69' title='bbox 818 721 892 770; x_wconf 78' lang='grc' dir='ltr'>καὶ</span> <span class='ocrx_word' id='word_1_70' title='bbox 920 719 1106 788; x_wconf 79' lang='grc' dir='ltr'>ψήφοις</span> <span class='ocrx_word' id='word_1_71' title='bbox 1134 721 1408 786; x_wconf 82' lang='grc' dir='ltr'>ὑπάγοντες,</span> <span class='ocrx_word' id='word_1_72' title='bbox 1436 724 1489 773; x_wconf 82' lang='grc' dir='ltr'>οὐ</span> <span class='ocrx_word' id='word_1_73' title='bbox 1515 724 1713 789; x_wconf 86' lang='grc' dir='ltr'>μετρίως</span> 
     </span>
     <span class='ocr_line' id='line_1_9' title="bbox 122 800 1710 870; baseline 0.003 -20"><span class='ocrx_word' id='word_1_74' title='bbox 122 801 336 852; x_wconf 85' lang='grc' dir='ltr'>ἀδικοῦσι</span> <span class='ocrx_word' id='word_1_75' title='bbox 377 801 484 854; x_wconf 74' lang='grc' dir='ltr'>τοὺς</span> <span class='ocrx_word' id='word_1_76' title='bbox 525 800 644 852; x_wconf 82' lang='grc' dir='ltr'>κατὰ</span> <span class='ocrx_word' id='word_1_77' title='bbox 688 800 821 852; x_wconf 86' lang='grc' dir='ltr'>τόνδε</span> <span class='ocrx_word' id='word_1_78' title='bbox 864 801 947 852; x_wconf 80' lang='grc' dir='ltr'>τὸν</span> <span class='ocrx_word' id='word_1_79' title='bbox 987 803 1110 862; x_wconf 79' lang='grc' dir='ltr'>βίον·</span> <span class='ocrx_word' id='word_1_80' title='bbox 1175 807 1211 853; x_wconf 81' lang='grc' dir='ltr'>εὶ</span> <span class='ocrx_word' id='word_1_81' title='bbox 1257 803 1351 870; x_wconf 87' lang='grc' dir='ltr'>γάρ</span> <span class='ocrx_word' id='word_1_82' title='bbox 1397 828 1464 858; x_wconf 88' lang='grc' dir='ltr'>τις</span> <span class='ocrx_word' id='word_1_83' title='bbox 1512 805 1570 855; x_wconf 84' lang='grc' dir='ltr'>’ίοι</span> <span class='ocrx_word' id='word_1_84' title='bbox 1611 808 1710 856; x_wconf 90' lang='grc' dir='ltr'>κατ’</span> 
     </span>
     <span class='ocr_line' id='line_1_10' title="bbox 122 881 1705 955; baseline 0.003 -22"><span class='ocrx_word' id='word_1_85' title='bbox 122 882 286 936; x_wconf 73' lang='grc' dir='ltr'>αὐτοὺς</span> <span class='ocrx_word' id='word_1_86' title='bbox 325 885 399 934; x_wconf 78' lang='grc' dir='ltr'>ἐπὶ</span> <span class='ocrx_word' id='word_1_87' title='bbox 438 882 490 933; x_wconf 82' lang='grc' dir='ltr'>τὸ</span> <span class='ocrx_word' id='word_1_88' title='bbox 527 885 643 948; x_wconf 84' lang='grc' dir='ltr'>δρᾶν</span> <span class='ocrx_word' id='word_1_89' title='bbox 669 881 699 933; x_wconf 78' lang='grc' dir='ltr'><em>ἃ</em></span> <span class='ocrx_word' id='word_1_90' title='bbox 732 883 796 947; x_wconf 87' lang='grc' dir='ltr'>μὴ</span> <span class='ocrx_word' id='word_1_91' title='bbox 825 883 967 946; x_wconf 73' lang='grc' dir='ltr'>θέμις,</span> <span class='ocrx_word' id='word_1_92' title='bbox 995 885 1078 934; x_wconf 82' lang='grc' dir='ltr'>οὐκ</span> <span class='ocrx_word' id='word_1_93' title='bbox 1115 884 1218 935; x_wconf 81' lang='grc' dir='ltr'>ε’νὸν</span> <span class='ocrx_word' id='word_1_94' title='bbox 1244 887 1370 955; x_wconf 75' lang='grc' dir='ltr'>αὐτῷ</span> <span class='ocrx_word' id='word_1_95' title='bbox 1409 886 1496 936; x_wconf 78' lang='grc' dir='ltr'>κᾶν</span> <span class='ocrx_word' id='word_1_96' title='bbox 1523 890 1559 937; x_wconf 79' lang='grc' dir='ltr'>εἰ</span> <span class='ocrx_word' id='word_1_97' title='bbox 1590 887 1705 947; x_wconf 80' lang='grc' dir='ltr'>βού-</span> 
     </span>
     <span class='ocr_line' id='line_1_11' title="bbox 55 963 1712 1035; baseline 0.004 -22"><span class='ocrx_word' id='word_1_98' title='bbox 55 988 102 1013; x_wconf 93' lang='lat'>10</span> <span class='ocrx_word' id='word_1_99' title='bbox 122 972 254 1015; x_wconf 90' lang='grc' dir='ltr'>λοιτο</span> <span class='ocrx_word' id='word_1_100' title='bbox 296 963 439 1032; x_wconf 77' lang='grc' dir='ltr'>τυχὸν</span> <span class='ocrx_word' id='word_1_101' title='bbox 475 968 556 1028; x_wconf 85' lang='grc' dir='ltr'>τῆς</span> <span class='ocrx_word' id='word_1_102' title='bbox 602 965 880 1030; x_wconf 79' lang='grc' dir='ltr'>εἱμαρμένης</span> <span class='ocrx_word' id='word_1_103' title='bbox 926 965 979 1016; x_wconf 82' lang='grc' dir='ltr'>τὸ</span> <span class='ocrx_word' id='word_1_104' title='bbox 1023 971 1166 1028; x_wconf 86' lang='grc' dir='ltr'>νεῦμα</span> <span class='ocrx_word' id='word_1_105' title='bbox 1211 970 1469 1035; x_wconf 80' lang='grc' dir='ltr'>διαφυγεῖν,</span> <span class='ocrx_word' id='word_1_106' title='bbox 1515 968 1610 1019; x_wconf 83' lang='grc' dir='ltr'>οὐδ’</span> <span class='ocrx_word' id='word_1_107' title='bbox 1654 967 1712 1019; x_wconf 79' lang='grc' dir='ltr'>ἀν</span> 
     </span>
     <span class='ocr_line' id='line_1_12' title="bbox 121 1046 1710 1115; baseline 0.003 -17"><span class='ocrx_word' id='word_1_108' title='bbox 121 1048 244 1102; x_wconf 81' lang='grc' dir='ltr'>ὅλως</span> <span class='ocrx_word' id='word_1_109' title='bbox 270 1046 627 1112; x_wconf 87' lang='grc' dir='ltr'>διαμωμήσαιτό</span> <span class='ocrx_word' id='word_1_110' title='bbox 654 1070 722 1101; x_wconf 90' lang='grc' dir='ltr'>τις</span> <span class='ocrx_word' id='word_1_111' title='bbox 749 1048 797 1097; x_wconf 73' lang='grc' dir='ltr'>εὖ</span> <span class='ocrx_word' id='word_1_112' title='bbox 823 1051 1028 1115; x_wconf 82' lang='grc' dir='ltr'>φρονῶν,</span> <span class='ocrx_word' id='word_1_113' title='bbox 1049 1048 1136 1098; x_wconf 78' lang='grc' dir='ltr'>κᾶν</span> <span class='ocrx_word' id='word_1_114' title='bbox 1162 1051 1198 1099; x_wconf 79' lang='grc' dir='ltr'>εἰ</span> <span class='ocrx_word' id='word_1_115' title='bbox 1225 1050 1374 1114; x_wconf 82' lang='grc' dir='ltr'>ὁρῶτο</span> <span class='ocrx_word' id='word_1_116' title='bbox 1399 1056 1710 1114; x_wconf 82' lang='grc' dir='ltr'>πλημμελῶν.</span> 
     </span>
     <span class='ocr_line' id='line_1_13' title="bbox 121 1128 1712 1198; baseline 0.003 -18"><span class='ocrx_word' id='word_1_117' title='bbox 121 1128 146 1180; x_wconf 74' lang='grc' dir='ltr'>ὃ</span> <span class='ocrx_word' id='word_1_118' title='bbox 173 1129 266 1196; x_wconf 81' lang='grc' dir='ltr'>γὰρ</span> <span class='ocrx_word' id='word_1_119' title='bbox 292 1128 349 1194; x_wconf 77' lang='grc' dir='ltr'>ἦν</span> <span class='ocrx_word' id='word_1_120' title='bbox 375 1129 555 1196; x_wconf 80' lang='grc' dir='ltr'>ἀνάγκη</span> <span class='ocrx_word' id='word_1_121' title='bbox 580 1132 654 1180; x_wconf 76' lang='grc' dir='ltr'>καὶ</span> <span class='ocrx_word' id='word_1_122' title='bbox 693 1130 779 1196; x_wconf 78' lang='grc' dir='ltr'>οὐχ</span> <span class='ocrx_word' id='word_1_123' title='bbox 818 1128 984 1180; x_wconf 82' lang='grc' dir='ltr'>ἑκόντα</span> <span class='ocrx_word' id='word_1_124' title='bbox 1023 1132 1152 1195; x_wconf 84' lang='grc' dir='ltr'>δρᾶν,</span> <span class='ocrx_word' id='word_1_125' title='bbox 1179 1134 1216 1181; x_wconf 81' lang='grc' dir='ltr'>εἱ</span> <span class='ocrx_word' id='word_1_126' title='bbox 1243 1132 1491 1184; x_wconf 81' lang='grc' dir='ltr'>ἁλίσκοιτο</span> <span class='ocrx_word' id='word_1_127' title='bbox 1529 1155 1712 1198; x_wconf 87' lang='grc' dir='ltr'>πεπρα-</span> 
     </span>
     <span class='ocr_line' id='line_1_14' title="bbox 121 1209 1709 1281; baseline 0.002 -19"><span class='ocrx_word' id='word_1_128' title='bbox 121 1211 230 1280; x_wconf 79' lang='grc' dir='ltr'>χὼς,</span> <span class='ocrx_word' id='word_1_129' title='bbox 257 1212 348 1281; x_wconf 74' lang='grc' dir='ltr'>ἔξω</span> <span class='ocrx_word' id='word_1_130' title='bbox 385 1235 478 1263; x_wconf 85' lang='grc' dir='ltr'>που</span> <span class='ocrx_word' id='word_1_131' title='bbox 516 1211 703 1264; x_wconf 89' lang='grc' dir='ltr'>πάντως</span> <span class='ocrx_word' id='word_1_132' title='bbox 740 1210 887 1264; x_wconf 76' lang='grc' dir='ltr'>αἰτίας</span> <span class='ocrx_word' id='word_1_133' title='bbox 923 1209 1058 1261; x_wconf 74' lang='grc' dir='ltr'>ἔσται</span> <span class='ocrx_word' id='word_1_134' title='bbox 1091 1214 1168 1262; x_wconf 80' lang='grc' dir='ltr'>καὶ</span> <span class='ocrx_word' id='word_1_135' title='bbox 1194 1213 1338 1276; x_wconf 86' lang='grc' dir='ltr'>δίκης·</span> <span class='ocrx_word' id='word_1_136' title='bbox 1383 1215 1639 1265; x_wconf 74' lang='grc' dir='ltr'>ἐπαινέσειε</span> <span class='ocrx_word' id='word_1_137' title='bbox 1667 1217 1709 1265; x_wconf 87' lang='grc' dir='ltr'>δ’</span> 
     </span>
     <span class='ocr_line' id='line_1_15' title="bbox 121 1291 1856 1364; baseline 0.002 -21"><span class='ocrx_word' id='word_1_138' title='bbox 121 1293 179 1344; x_wconf 78' lang='grc' dir='ltr'>ἄν</span> <span class='ocrx_word' id='word_1_139' title='bbox 216 1316 285 1347; x_wconf 91' lang='grc' dir='ltr'>τις</span> <span class='ocrx_word' id='word_1_140' title='bbox 324 1294 377 1344; x_wconf 80' lang='grc' dir='ltr'>οὐ</span> <span class='ocrx_word' id='word_1_141' title='bbox 415 1293 522 1344; x_wconf 83' lang='grc' dir='ltr'>λίαν</span> <span class='ocrx_word' id='word_1_142' title='bbox 555 1292 800 1361; x_wconf 85' lang='grc' dir='ltr'>ἐμφρόνως</span> <span class='ocrx_word' id='word_1_143' title='bbox 838 1291 921 1343; x_wconf 80' lang='grc' dir='ltr'>τὸν</span> <span class='ocrx_word' id='word_1_144' title='bbox 961 1294 1133 1357; x_wconf 83' lang='grc' dir='ltr'>ἐπιεικῆ</span> <span class='ocrx_word' id='word_1_145' title='bbox 1169 1297 1244 1344; x_wconf 78' lang='grc' dir='ltr'>καὶ</span> <span class='ocrx_word' id='word_1_146' title='bbox 1285 1294 1499 1358; x_wconf 90' lang='grc' dir='ltr'>κόσμιον·</span> <span class='ocrx_word' id='word_1_147' title='bbox 1540 1296 1589 1346; x_wconf 88' lang='grc' dir='ltr'>τί</span> <span class='ocrx_word' id='word_1_148' title='bbox 1618 1296 1711 1364; x_wconf 80' lang='grc' dir='ltr'>γὰρ</span> <span class='ocrx_word' id='word_1_149' title='bbox 1731 1322 1779 1356; x_wconf 88' lang='lat'>21</span> <span class='ocrx_word' id='word_1_150' title='bbox 1795 1321 1856 1357; x_wconf 78' lang='grc' dir='ltr'>Μ,</span> 
     </span>
     <span class='ocr_line' id='line_1_16' title="bbox 53 1373 1711 1443; baseline 0.005 -21"><span class='ocrx_word' id='word_1_151' title='bbox 53 1393 100 1431; x_wconf 90' lang='lat'>15</span> <span class='ocrx_word' id='word_1_152' title='bbox 121 1378 158 1425; x_wconf 82' lang='grc' dir='ltr'>εἰ</span> <span class='ocrx_word' id='word_1_153' title='bbox 209 1376 374 1441; x_wconf 80' lang='grc' dir='ltr'>γε’γονε</span> <span class='ocrx_word' id='word_1_154' title='bbox 425 1380 633 1427; x_wconf 81' lang='grc' dir='ltr'>τοιοῦτος</span> <span class='ocrx_word' id='word_1_155' title='bbox 681 1375 768 1441; x_wconf 80' lang='grc' dir='ltr'>οὐχ</span> <span class='ocrx_word' id='word_1_156' title='bbox 814 1373 945 1437; x_wconf 80' lang='grc' dir='ltr'>ἑκὼν,</span> <span class='ocrx_word' id='word_1_157' title='bbox 991 1374 1121 1425; x_wconf 84' lang='grc' dir='ltr'>ἀλλά</span> <span class='ocrx_word' id='word_1_158' title='bbox 1170 1380 1264 1429; x_wconf 86' lang='grc' dir='ltr'>τοῖς</span> <span class='ocrx_word' id='word_1_159' title='bbox 1308 1377 1464 1443; x_wconf 73' lang='grc' dir='ltr'>ἑτέρου</span> <span class='ocrx_word' id='word_1_160' title='bbox 1511 1378 1711 1442; x_wconf 80' lang='grc' dir='ltr'>νεύμασι</span> 
     </span>
     <span class='ocr_line' id='line_1_17' title="bbox 118 1456 1711 1530; baseline 0.003 -23"><span class='ocrx_word' id='word_1_161' title='bbox 118 1457 515 1522; x_wconf 72' lang='grc' dir='ltr'>παρενηνεγμένος</span> <span class='ocrx_word' id='word_1_162' title='bbox 554 1460 616 1510; x_wconf 83' lang='grc' dir='ltr'>εἰς</span> <span class='ocrx_word' id='word_1_163' title='bbox 655 1462 806 1519; x_wconf 84' lang='grc' dir='ltr'>τοῦτο,</span> <span class='ocrx_word' id='word_1_164' title='bbox 832 1461 1023 1518; x_wconf 85' lang='grc' dir='ltr'>μᾶλλον</span> <span class='ocrx_word' id='word_1_165' title='bbox 1050 1456 1098 1507; x_wconf 75' lang='grc' dir='ltr'>δὲ</span> <span class='ocrx_word' id='word_1_166' title='bbox 1133 1460 1208 1508; x_wconf 80' lang='grc' dir='ltr'>καὶ</span> <span class='ocrx_word' id='word_1_167' title='bbox 1244 1457 1431 1526; x_wconf 75' lang='grc' dir='ltr'>ἄμαχον</span> <span class='ocrx_word' id='word_1_168' title='bbox 1465 1461 1590 1530; x_wconf 71' lang='grc' dir='ltr'>αὐτῷ</span> <span class='ocrx_word' id='word_1_169' title='bbox 1625 1459 1711 1525; x_wconf 86' lang='grc' dir='ltr'>τὴν</span> 
     </span>
     <span class='ocr_line' id='line_1_18' title="bbox 119 1537 1077 1607; baseline 0.004 -19"><span class='ocrx_word' id='word_1_170' title='bbox 119 1537 329 1603; x_wconf 85' lang='grc' dir='ltr'>ἀνάγκην</span> <span class='ocrx_word' id='word_1_171' title='bbox 355 1537 764 1607; x_wconf 76' lang='grc' dir='ltr'>κατεξανιστάσης</span> <span class='ocrx_word' id='word_1_172' title='bbox 790 1541 872 1601; x_wconf 82' lang='grc' dir='ltr'>τῆς</span> <span class='ocrx_word' id='word_1_173' title='bbox 897 1538 1042 1605; x_wconf 78' lang='grc' dir='ltr'>τύχης</span> <span class='ocrx_word' id='word_1_174' title='bbox 1066 1561 1077 1600; x_wconf 84' lang='grc'>;</span> 
     </span>
     <span class='ocr_line' id='line_1_19' title="bbox 195 1619 1710 1690; baseline 0.003 -20"><span class='ocrx_word' id='word_1_175' title='bbox 195 1621 382 1671; x_wconf 82' lang='grc' dir='ltr'>Οὐκοῦν</span> <span class='ocrx_word' id='word_1_176' title='bbox 417 1619 594 1688; x_wconf 76' lang='grc' dir='ltr'>ἀπηχὲς</span> <span class='ocrx_word' id='word_1_177' title='bbox 629 1619 714 1682; x_wconf 75' lang='grc' dir='ltr'>μὲν</span> <span class='ocrx_word' id='word_1_178' title='bbox 747 1625 993 1674; x_wconf 82' lang='grc' dir='ltr'>παντελῶς</span> <span class='ocrx_word' id='word_1_179' title='bbox 1020 1619 1073 1671; x_wconf 80' lang='grc' dir='ltr'>τὸ</span> <span class='ocrx_word' id='word_1_180' title='bbox 1099 1626 1199 1676; x_wconf 85' lang='grc' dir='ltr'>ταῖς</span> <span class='ocrx_word' id='word_1_181' title='bbox 1229 1622 1483 1687; x_wconf 89' lang='grc' dir='ltr'>Ἑλλήνων</span> <span class='ocrx_word' id='word_1_182' title='bbox 1507 1625 1710 1690; x_wconf 86' lang='grc' dir='ltr'>τερθρεί-</span> 
     </span>
     <span class='ocr_line' id='line_1_20' title="bbox 119 1701 1709 1771; baseline 0.003 -19"><span class='ocrx_word' id='word_1_183' title='bbox 119 1725 190 1756; x_wconf 86' lang='grc' dir='ltr'>αις</span> <span class='ocrx_word' id='word_1_184' title='bbox 228 1703 644 1769; x_wconf 70' lang='grc' dir='ltr'>συναποφέρεσθαι</span> <span class='ocrx_word' id='word_1_185' title='bbox 684 1701 839 1767; x_wconf 75' lang='grc' dir='ltr'>λέγειν</span> <span class='ocrx_word' id='word_1_186' title='bbox 871 1701 953 1752; x_wconf 81' lang='grc' dir='ltr'>τὸν</span> <span class='ocrx_word' id='word_1_187' title='bbox 986 1707 1081 1752; x_wconf 83' lang='grc' dir='ltr'>τῶν</span> <span class='ocrx_word' id='word_1_188' title='bbox 1120 1704 1400 1755; x_wconf 84' lang='grc' dir='ltr'>καλλίστων</span> <span class='ocrx_word' id='word_1_189' title='bbox 1438 1706 1709 1771; x_wconf 79' lang='grc' dir='ltr'>εἰσηγητὴν,</span> 
     </span>
     <span class='ocr_line' id='line_1_21' title="bbox 50 1783 1711 1850; baseline 0.003 -17"><span class='ocrx_word' id='word_1_190' title='bbox 50 1807 100 1834; x_wconf 79' lang='lat'>20</span> <span class='ocrx_word' id='word_1_191' title='bbox 119 1783 265 1849; x_wconf 78' lang='grc' dir='ltr'>ἤγουν</span> <span class='ocrx_word' id='word_1_192' title='bbox 291 1784 472 1835; x_wconf 75' lang='grc' dir='ltr'>οἴεσθαι</span> <span class='ocrx_word' id='word_1_193' title='bbox 507 1787 589 1847; x_wconf 82' lang='grc' dir='ltr'>τῆς</span> <span class='ocrx_word' id='word_1_194' title='bbox 615 1785 800 1834; x_wconf 86' lang='grc' dir='ltr'>ἐκείνων</span> <span class='ocrx_word' id='word_1_195' title='bbox 827 1784 1104 1850; x_wconf 79' lang='grc' dir='ltr'>ἀβελτερίας</span> <span class='ocrx_word' id='word_1_196' title='bbox 1140 1784 1254 1836; x_wconf 74' lang='grc' dir='ltr'>ἱέναι</span> <span class='ocrx_word' id='word_1_197' title='bbox 1285 1785 1483 1837; x_wconf 89' lang='grc' dir='ltr'>κατόπιν</span> <span class='ocrx_word' id='word_1_198' title='bbox 1510 1785 1593 1838; x_wconf 81' lang='grc' dir='ltr'>τὸν</span> <span class='ocrx_word' id='word_1_199' title='bbox 1616 1792 1711 1838; x_wconf 81' lang='grc' dir='ltr'>τῶν</span> 
     </span>
     <span class='ocr_line' id='line_1_22' title="bbox 121 1864 1709 1962; baseline 0.003 -47"><span class='ocrx_word' id='word_1_200' title='bbox 121 1865 255 1916; x_wconf 85' lang='grc' dir='ltr'>θείων</span> <span class='ocrx_word' id='word_1_201' title='bbox 285 1867 395 1930; x_wconf 85' lang='grc' dir='ltr'>ἡμῖν</span> <span class='ocrx_word' id='word_1_202' title='bbox 427 1889 703 1932; x_wconf 88' lang='grc' dir='ltr'>μυστηριων</span> <span class='ocrx_word' id='word_1_203' title='bbox 733 1864 964 1962; x_wconf 86' lang='grc' dir='ltr'>γεγονότα</span> <span class='ocrx_word' id='word_1_204' title='bbox 1008 1867 1192 1930; x_wconf 87' lang='grc' dir='ltr'>ταμίαν,</span> <span class='ocrx_word' id='word_1_205' title='bbox 1220 1871 1257 1918; x_wconf 81' lang='grc' dir='ltr'>εἰ</span> <span class='ocrx_word' id='word_1_206' title='bbox 1297 1868 1429 1934; x_wconf 91' lang='grc' dir='ltr'>λεγοι</span> <span class='ocrx_word' id='word_1_207' title='bbox 1468 1868 1613 1937; x_wconf 86' lang='grc' dir='ltr'>τυχόν</span> <span class='ocrx_word' id='word_1_208' title='bbox 1645 1869 1709 1920; x_wconf 90' lang='lat' dir='ltr'>O</span> 
     </span>
     <span class='ocr_line' id='line_1_23' title="bbox 120 1945 1708 2020; baseline 0.002 -22"><span class='ocrx_word' id='word_1_209' title='bbox 120 1945 210 2013; x_wconf 60' lang='lat' dir='ltr'>*stop</span> <span class='ocrx_word' id='word_1_210' title='bbox 245 1946 585 2018; x_wconf 71' lang='grc' dir='ltr'>κατεργνζομοιι</span> <span class='ocrx_word' id='word_1_211' title='bbox 623 1951 666 1998; x_wconf 80' lang='grc' dir='ltr'>οὐ</span> <span class='ocrx_word' id='word_1_212' title='bbox 700 1967 920 2013; x_wconf 66' lang='lat' dir='ltr'><em>‘ymmo-nco·</em></span> <span class='ocrx_word' id='word_1_213' title='bbox 964 1951 1008 1999; x_wconf 82' lang='grc' dir='ltr'>οὐ</span> <span class='ocrx_word' id='word_1_214' title='bbox 1043 1972 1134 2018; x_wconf 72' lang='grc' dir='ltr'>γάρ</span> <span class='ocrx_word' id='word_1_215' title='bbox 1160 1950 1178 2000; x_wconf 81' lang='lat' dir='ltr'>‘o</span> <span class='ocrx_word' id='word_1_216' title='bbox 1207 1948 1319 2000; x_wconf 80' lang='grc' dir='ltr'>θελω</span> <span class='ocrx_word' id='word_1_217' title='bbox 1352 1973 1472 2001; x_wconf 85' lang='grc' dir='ltr'>τουτο</span> <span class='ocrx_word' id='word_1_218' title='bbox 1504 1952 1708 2020; x_wconf 75' lang='grc' dir='ltr'>προίετο-ω,</span> 
     </span>
     <span class='ocr_line' id='line_1_24' title="bbox 121 2028 1707 2132; baseline 0.003 -53"><span class='ocrx_word' id='word_1_219' title='bbox 121 2032 232 2079; x_wconf 78' lang='grc' dir='ltr'>ἀλλ’</span> <span class='ocrx_word' id='word_1_220' title='bbox 260 2031 279 2080; x_wconf 87' lang='lat' dir='ltr'>&#39;o</span> <span class='ocrx_word' id='word_1_221' title='bbox 305 2054 427 2098; x_wconf 79' lang='grc' dir='ltr'>μισ-ω</span> <span class='ocrx_word' id='word_1_222' title='bbox 454 2054 573 2080; x_wconf 82' lang='grc' dir='ltr'>τουτο</span> <span class='ocrx_word' id='word_1_223' title='bbox 610 2029 739 2081; x_wconf 74' lang='grc' dir='ltr'>ποιῶ.</span> <span class='ocrx_word' id='word_1_224' title='bbox 783 2033 819 2079; x_wconf 78' lang='grc' dir='ltr'>εἰ</span> <span class='ocrx_word' id='word_1_225' title='bbox 858 2028 951 2095; x_wconf 78' lang='grc' dir='ltr'>γὰρ</span> <span class='ocrx_word' id='word_1_226' title='bbox 984 2029 1040 2093; x_wconf 89' lang='grc' dir='ltr'>δή</span> <span class='ocrx_word' id='word_1_227' title='bbox 1079 2053 1147 2083; x_wconf 92' lang='grc' dir='ltr'>τις</span> <span class='ocrx_word' id='word_1_228' title='bbox 1187 2030 1311 2085; x_wconf 88' lang='grc' dir='ltr'>όλως</span> <span class='ocrx_word' id='word_1_229' title='bbox 1347 2034 1707 2132; x_wconf 78' lang='grc' dir='ltr'>διισχυρίσαιτο,</span> 
     </span>
     <span class='ocr_line' id='line_1_25' title="bbox 122 2110 1710 2182; baseline 0.003 -21"><span class='ocrx_word' id='word_1_230' title='bbox 122 2112 196 2161; x_wconf 84' lang='grc' dir='ltr'>καὶ</span> <span class='ocrx_word' id='word_1_231' title='bbox 234 2110 290 2174; x_wconf 87' lang='grc' dir='ltr'>δὴ</span> <span class='ocrx_word' id='word_1_232' title='bbox 318 2134 392 2162; x_wconf 92' lang='grc' dir='ltr'>και</span> <span class='ocrx_word' id='word_1_233' title='bbox 431 2111 585 2162; x_wconf 77' lang='grc' dir='ltr'>ε’λοιτο</span> <span class='ocrx_word' id='word_1_234' title='bbox 613 2114 818 2180; x_wconf 82' lang='grc' dir='ltr'>φρονεῖν,</span> <span class='ocrx_word' id='word_1_235' title='bbox 844 2113 907 2164; x_wconf 84' lang='grc' dir='ltr'>ὡς</span> <span class='ocrx_word' id='word_1_236' title='bbox 941 2134 1189 2180; x_wconf 86' lang='grc' dir='ltr'>ειμαρμενῃ</span> <span class='ocrx_word' id='word_1_237' title='bbox 1227 2136 1313 2175; x_wconf 89' lang='grc' dir='ltr'>μεν</span> <span class='ocrx_word' id='word_1_238' title='bbox 1352 2137 1427 2164; x_wconf 90' lang='grc' dir='ltr'>και</span> <span class='ocrx_word' id='word_1_239' title='bbox 1466 2114 1585 2182; x_wconf 83' lang='grc' dir='ltr'>τύχῃ</span> <span class='ocrx_word' id='word_1_240' title='bbox 1624 2114 1710 2178; x_wconf 89' lang='grc' dir='ltr'>τὴν</span> 
     </span>
     <span class='ocr_line' id='line_1_26' title="bbox 54 2192 1707 2261; baseline 0.005 -21"><span class='ocrx_word' id='word_1_241' title='bbox 54 2212 102 2251; x_wconf 90' lang='lat'>25</span> <span class='ocrx_word' id='word_1_242' title='bbox 120 2196 214 2243; x_wconf 80' lang='grc' dir='ltr'>τῶν</span> <span class='ocrx_word' id='word_1_243' title='bbox 252 2192 357 2244; x_wconf 86' lang='grc' dir='ltr'>καθ’</span> <span class='ocrx_word' id='word_1_244' title='bbox 385 2194 504 2257; x_wconf 82' lang='grc' dir='ltr'>ἡμᾶς</span> <span class='ocrx_word' id='word_1_245' title='bbox 539 2192 878 2256; x_wconf 74' lang='grc' dir='ltr'>ἀπονενέμηκεν</span> <span class='ocrx_word' id='word_1_246' title='bbox 910 2192 1145 2261; x_wconf 74' lang='grc' dir='ltr'>ἐξουσίαν,</span> <span class='ocrx_word' id='word_1_247' title='bbox 1171 2197 1272 2247; x_wconf 81' lang='grc' dir='ltr'>πῶς</span> <span class='ocrx_word' id='word_1_248' title='bbox 1311 2196 1393 2245; x_wconf 76' lang='grc' dir='ltr'>οὐκ</span> <span class='ocrx_word' id='word_1_249' title='bbox 1429 2193 1487 2245; x_wconf 79' lang='grc' dir='ltr'>ἀν</span> <span class='ocrx_word' id='word_1_250' title='bbox 1522 2194 1707 2249; x_wconf 78' lang='grc' dir='ltr'>εἰκότως</span> 
     </span>
     <span class='ocr_line' id='line_1_27' title="bbox 119 2273 1707 2342; baseline 0.002 -17"><span class='ocrx_word' id='word_1_251' title='bbox 119 2275 267 2338; x_wconf 83' lang='grc' dir='ltr'>ἐροῖτο</span> <span class='ocrx_word' id='word_1_252' title='bbox 294 2273 351 2325; x_wconf 82' lang='grc' dir='ltr'>ἂν</span> <span class='ocrx_word' id='word_1_253' title='bbox 375 2274 516 2325; x_wconf 83' lang='grc' dir='ltr'>αὐτὸν</span> <span class='ocrx_word' id='word_1_254' title='bbox 542 2274 684 2325; x_wconf 88' lang='grc' dir='ltr'>ἐκεῖνό</span> <span class='ocrx_word' id='word_1_255' title='bbox 710 2297 803 2325; x_wconf 87' lang='grc' dir='ltr'>που</span> <span class='ocrx_word' id='word_1_256' title='bbox 828 2274 985 2339; x_wconf 80' lang='grc' dir='ltr'>λε’γων</span> <span class='ocrx_word' id='word_1_257' title='bbox 1012 2278 1071 2325; x_wconf 81' lang='grc' dir='ltr'>ΕΖ</span> <span class='ocrx_word' id='word_1_258' title='bbox 1097 2281 1330 2340; x_wconf 83' lang='grc' dir='ltr'>σκληραῖς</span> <span class='ocrx_word' id='word_1_259' title='bbox 1363 2278 1438 2327; x_wconf 83' lang='grc' dir='ltr'>καὶ</span> <span class='ocrx_word' id='word_1_260' title='bbox 1474 2277 1707 2342; x_wconf 85' lang='grc' dir='ltr'>δυσαντή-</span> 
     </span>
     <span class='ocr_line' id='line_1_28' title="bbox 119 2355 1708 2425; baseline 0.003 -20"><span class='ocrx_word' id='word_1_261' title='bbox 119 2377 214 2409; x_wconf 90' lang='grc' dir='ltr'>τοις</span> <span class='ocrx_word' id='word_1_262' title='bbox 251 2355 474 2422; x_wconf 86' lang='grc' dir='ltr'>ἀνάγκαις</span> <span class='ocrx_word' id='word_1_263' title='bbox 513 2355 830 2420; x_wconf 76' lang='grc' dir='ltr'>ἐνειλημμένοι</span> <span class='ocrx_word' id='word_1_264' title='bbox 867 2360 961 2406; x_wconf 79' lang='grc' dir='ltr'>τῶν</span> <span class='ocrx_word' id='word_1_265' title='bbox 987 2355 1301 2421; x_wconf 78' lang='grc' dir='ltr'>πρακτέων,ἢ</span> <span class='ocrx_word' id='word_1_266' title='bbox 1334 2357 1413 2421; x_wconf 87' lang='grc' dir='ltr'>μὴ,</span> <span class='ocrx_word' id='word_1_267' title='bbox 1441 2358 1588 2425; x_wconf 86' lang='grc' dir='ltr'>κύριοι</span> <span class='ocrx_word' id='word_1_268' title='bbox 1624 2358 1708 2422; x_wconf 78' lang='grc' dir='ltr'>μὲν</span> 
     </span>
     <span class='ocr_line' id='line_1_29' title="bbox 118 2436 1702 2507; baseline 0.003 -21"><span class='ocrx_word' id='word_1_269' title='bbox 118 2436 246 2500; x_wconf 83' lang='grc' dir='ltr'>ἡμεῖς</span> <span class='ocrx_word' id='word_1_270' title='bbox 286 2436 543 2501; x_wconf 78' lang='grc' dir='ltr'>οὐδαμόθεν</span> <span class='ocrx_word' id='word_1_271' title='bbox 567 2436 939 2501; x_wconf 87' lang='grc' dir='ltr'>καθεστήκαμεν,</span> <span class='ocrx_word' id='word_1_272' title='bbox 970 2437 1150 2500; x_wconf 77' lang='grc' dir='ltr'>ε’ίκομεν</span> <span class='ocrx_word' id='word_1_273' title='bbox 1182 2438 1230 2489; x_wconf 81' lang='grc' dir='ltr'>δὲ</span> <span class='ocrx_word' id='word_1_274' title='bbox 1263 2443 1456 2502; x_wconf 83' lang='grc' dir='ltr'>μᾶλλον</span> <span class='ocrx_word' id='word_1_275' title='bbox 1492 2442 1554 2493; x_wconf 88' lang='grc' dir='ltr'>ὡς</span> <span class='ocrx_word' id='word_1_276' title='bbox 1591 2463 1702 2507; x_wconf 84' lang='grc' dir='ltr'>κρα-</span> 
     </span>
     <span class='ocr_line' id='line_1_30' title="bbox 118 2519 1706 2586; baseline 0.004 -19"><span class='ocrx_word' id='word_1_277' title='bbox 118 2523 283 2569; x_wconf 85' lang='grc' dir='ltr'>τοῦσιν</span> <span class='ocrx_word' id='word_1_278' title='bbox 321 2519 490 2586; x_wconf 77' lang='grc' dir='ltr'>ἑτέροις</span> <span class='ocrx_word' id='word_1_279' title='bbox 529 2520 605 2569; x_wconf 81' lang='grc' dir='ltr'>καὶ</span> <span class='ocrx_word' id='word_1_280' title='bbox 644 2524 728 2570; x_wconf 87' lang='grc' dir='ltr'>τοῦ</span> <span class='ocrx_word' id='word_1_281' title='bbox 766 2519 885 2570; x_wconf 81' lang='grc' dir='ltr'>κατὰ</span> <span class='ocrx_word' id='word_1_282' title='bbox 923 2519 1117 2584; x_wconf 82' lang='grc' dir='ltr'>γνώμην</span> <span class='ocrx_word' id='word_1_283' title='bbox 1155 2519 1418 2586; x_wconf 80' lang='grc' dir='ltr'>εἶργόμεθα,</span> <span class='ocrx_word' id='word_1_284' title='bbox 1457 2527 1558 2576; x_wconf 84' lang='grc' dir='ltr'>πῶς</span> <span class='ocrx_word' id='word_1_285' title='bbox 1597 2523 1706 2586; x_wconf 80' lang='grc' dir='ltr'>ἡμῖν</span> 
     </span>
     <span class='ocr_line' id='line_1_31' title="bbox 53 2599 1913 2670; baseline 0.003 -24"><span class='ocrx_word' id='word_1_286' title='bbox 53 2621 101 2657; x_wconf 87' lang='lat'>30</span> <span class='ocrx_word' id='word_1_287' title='bbox 120 2599 362 2669; x_wconf 80' lang='grc' dir='ltr'>γέγραφας</span> <span class='ocrx_word' id='word_1_288' title='bbox 401 2599 540 2654; x_wconf 82' lang='grc' dir='ltr'>αὐτός</span> <span class='ocrx_word' id='word_1_289' title='bbox 603 2600 720 2651; x_wconf 37' lang='lat' dir='ltr'>‘NH</span> <span class='ocrx_word' id='word_1_290' title='bbox 766 2603 972 2667; x_wconf 81' lang='grc' dir='ltr'>ἀγνοεῖτε</span> <span class='ocrx_word' id='word_1_291' title='bbox 1017 2603 1229 2670; x_wconf 75' lang='grc' dir='ltr'>ἀδελφοὶ,</span> <span class='ocrx_word' id='word_1_292' title='bbox 1274 2603 1566 2668; x_wconf 83' lang='grc' dir='ltr'>γινώσκουσι</span> <span class='ocrx_word' id='word_1_293' title='bbox 1612 2604 1704 2670; x_wconf 78' lang='grc' dir='ltr'>γὰρ</span> <span class='ocrx_word' id='word_1_294' title='bbox 1725 2620 1830 2660; x_wconf 81' lang='lat' dir='ltr'>Supra</span> <span class='ocrx_word' id='word_1_295' title='bbox 1846 2630 1913 2651; x_wconf 75' lang='lat' dir='ltr'><strong>ver.</strong></span> 
     </span>
    </p>
   </div>
   <div class='ocr_carea' id='block_1_3' title="bbox 122 2672 1753 2753">
    <p class='ocr_par' dir='ltr' id='par_1_3' title="bbox 122 2672 1753 2753">
     <span class='ocr_line' id='line_1_32' title="bbox 122 2672 1753 2753; baseline 0.002 -21"><span class='ocrx_word' id='word_1_296' title='bbox 122 2686 148 2710; x_wconf 77' lang='lat'>‘⁶</span> <span class='ocrx_word' id='word_1_297' title='bbox 174 2680 315 2744; x_wconf 80' lang='grc' dir='ltr'>νόμον</span> <span class='ocrx_word' id='word_1_298' title='bbox 341 2687 498 2746; x_wconf 80' lang='grc' dir='ltr'>λαλῶ,</span> <span class='ocrx_word' id='word_1_299' title='bbox 528 2682 598 2733; x_wconf 81' lang='grc' dir='ltr'>ὅτι</span> <span class='ocrx_word' id='word_1_300' title='bbox 626 2684 650 2733; x_wconf 87' lang='grc' dir='ltr'><strong>ὁ</strong></span> <span class='ocrx_word' id='word_1_301' title='bbox 677 2682 818 2747; x_wconf 83' lang='grc' dir='ltr'>νόμος</span> <span class='ocrx_word' id='word_1_302' title='bbox 851 2682 1043 2749; x_wconf 87' lang='grc' dir='ltr'>κυριεύει</span> <span class='ocrx_word' id='word_1_303' title='bbox 1075 2689 1158 2734; x_wconf 86' lang='grc' dir='ltr'>τοῦ</span> <span class='ocrx_word' id='word_1_304' title='bbox 1194 2684 1446 2750; x_wconf 80' lang='grc' dir='ltr'>ἀνθρώπου</span> <span class='ocrx_word' id='word_1_305' title='bbox 1483 2686 1557 2753; x_wconf 78' lang='grc' dir='ltr'>ἐφ’</span> <span class='ocrx_word' id='word_1_306' title='bbox 1587 2684 1704 2736; x_wconf 78' lang='grc' dir='ltr'>ὅσον</span> <span class='ocrx_word' id='word_1_307' title='bbox 1727 2672 1753 2693; x_wconf 63' lang='grc' dir='ltr'>Ι’</span> 
     </span>
    </p>
   </div>
   <div class='ocr_carea' id='block_1_4' title="bbox 125 2826 1704 2966">
    <p class='ocr_par' dir='ltr' id='par_1_4' title="bbox 125 2826 1704 2966">
     <span class='ocr_line' id='line_1_33' title="bbox 172 2826 1703 2882; baseline 0.002 -23"><span class='ocrx_word' id='word_1_308' title='bbox 172 2835 201 2859; x_wconf 92' lang='lat'>1.</span> <span class='ocrx_word' id='word_1_309' title='bbox 214 2826 544 2882; x_wconf 48' lang='lat' dir='ltr'>‚macrovpyofivre&#39;s</span> <span class='ocrx_word' id='word_1_310' title='bbox 560 2841 634 2861; x_wconf 89' lang='grc' dir='ltr'>τινα</span> <span class='ocrx_word' id='word_1_311' title='bbox 650 2827 790 2862; x_wconf 82' lang='lat' dir='ltr'>inverso</span> <span class='ocrx_word' id='word_1_312' title='bbox 807 2826 930 2861; x_wconf 82' lang='lat' dir='ltr'>ordine</span> <span class='ocrx_word' id='word_1_313' title='bbox 948 2827 992 2862; x_wconf 86' lang='lat' dir='ltr'>A.</span> <span class='ocrx_word' id='word_1_314' title='bbox 1350 2841 1382 2871; x_wconf 89' lang='lat'>4.</span> <span class='ocrx_word' id='word_1_315' title='bbox 1410 2829 1446 2862; x_wconf 83' lang='grc' dir='ltr'>δὲ</span> <span class='ocrx_word' id='word_1_316' title='bbox 1464 2828 1594 2862; x_wconf 82' lang='lat' dir='ltr'>habent</span> <span class='ocrx_word' id='word_1_317' title='bbox 1614 2828 1703 2862; x_wconf 88' lang='lat' dir='ltr'><strong>A.B.</strong></span> 
     </span>
     <span class='ocr_line' id='line_1_34' title="bbox 127 2871 1704 2919; baseline 0.004 -16"><span class='ocrx_word' id='word_1_318' title='bbox 127 2881 180 2914; x_wconf 84' lang='lat'>13.</span> <span class='ocrx_word' id='word_1_319' title='bbox 205 2871 379 2907; x_wconf 82' lang='grc' dir='ltr'>ἐπαινέσαι</span> <span class='ocrx_word' id='word_1_320' title='bbox 397 2875 440 2908; x_wconf 93' lang='lat' dir='ltr'>A.</span> <span class='ocrx_word' id='word_1_321' title='bbox 727 2883 779 2918; x_wconf 86' lang='lat'>15.</span> <span class='ocrx_word' id='word_1_322' title='bbox 807 2873 930 2919; x_wconf 87' lang='grc' dir='ltr'>ἑτερων</span> <span class='ocrx_word' id='word_1_323' title='bbox 946 2873 989 2908; x_wconf 90' lang='grc' dir='ltr'>Α.</span> <span class='ocrx_word' id='word_1_324' title='bbox 1287 2887 1340 2917; x_wconf 86' lang='lat'>24.</span> <span class='ocrx_word' id='word_1_325' title='bbox 1365 2875 1426 2917; x_wconf 78' lang='grc' dir='ltr'>μὲν</span> <span class='ocrx_word' id='word_1_326' title='bbox 1443 2882 1476 2908; x_wconf 79' lang='lat' dir='ltr'>et</span> <span class='ocrx_word' id='word_1_327' title='bbox 1493 2875 1553 2918; x_wconf 87' lang='grc' dir='ltr'>τὴν</span> <span class='ocrx_word' id='word_1_328' title='bbox 1569 2886 1640 2908; x_wconf 86' lang='lat'>0111.</span> <span class='ocrx_word' id='word_1_329' title='bbox 1659 2875 1704 2909; x_wconf 77' lang='lat' dir='ltr'>A.</span> 
     </span>
     <span class='ocr_line' id='line_1_35' title="bbox 125 2916 1609 2966; baseline 0.003 -16"><span class='ocrx_word' id='word_1_330' title='bbox 125 2916 179 2951; x_wconf 85' lang='lat'>26.</span> <span class='ocrx_word' id='word_1_331' title='bbox 205 2918 329 2954; x_wconf 76' lang='grc' dir='ltr'>ἐκεινου</span> <span class='ocrx_word' id='word_1_332' title='bbox 346 2920 390 2954; x_wconf 90' lang='grc' dir='ltr'>Α.</span> <span class='ocrx_word' id='word_1_333' title='bbox 463 2919 686 2965; x_wconf 79' lang='grc' dir='ltr'>δυσαρτήτοις</span> <span class='ocrx_word' id='word_1_334' title='bbox 704 2920 785 2965; x_wconf 81' lang='lat' dir='ltr'>(sic)</span> <span class='ocrx_word' id='word_1_335' title='bbox 805 2920 847 2955; x_wconf 87' lang='lat' dir='ltr'>A.</span> <span class='ocrx_word' id='word_1_336' title='bbox 1049 2932 1106 2965; x_wconf 84' lang='lat'>30.</span> <span class='ocrx_word' id='word_1_337' title='bbox 1132 2921 1240 2955; x_wconf 79' lang='grc' dir='ltr'>εἰδόσι</span> <span class='ocrx_word' id='word_1_338' title='bbox 1261 2933 1322 2966; x_wconf 84' lang='lat' dir='ltr'>pro</span> <span class='ocrx_word' id='word_1_339' title='bbox 1339 2923 1546 2966; x_wconf 86' lang='grc' dir='ltr'>γινώσκουσι</span> <span class='ocrx_word' id='word_1_340' title='bbox 1564 2920 1609 2954; x_wconf 91' lang='grc' dir='ltr'>Α.</span> 
     </span>
    </p>
   </div>
   <div class='ocr_carea' id='block_1_5' title="bbox 850 2975 973 3015">
    <p class='ocr_par' dir='ltr' id='par_1_5' title="bbox 850 2975 973 3015">
     <span class='ocr_line' id='line_1_36' title="bbox 850 2975 973 3015; baseline 0.008 -1"><span class='ocrx_word' id='word_1_341' title='bbox 850 2975 973 3015; x_wconf 86' lang='lat' dir='ltr'>Dd2</span> 
     </span>
    </p>
   </div>
  </div>
 </body>
</html>
