1981 3267
253 136 310 175 44
646 135 697 175 Β,
730 135 1009 176 CYRILLI
1052 135 1435 177 ALEXANDR.
1554 136 1668 177 xviii.
1686 148 1839 187 24-27.

246 241 400 294 ’Άννα
436 245 542 313 πρὶς
573 243 807 313 Καϊάφαν
852 244 1197 311 διερωτώμενον
1223 246 1271 297 δὲ
1306 248 1510 297 δείκνυσι
1545 246 1627 297 τὸν
1657 246 1841 311 Πέτρον

31 335 131 370 1031
144 334 194 371 A·
217 325 385 392 ἃπαρά
412 349 461 376 τε
486 330 581 377 τῶν
607 327 1076 393 συνθερμαινομένων
1102 331 1304 390 οἰκετῶν,
1332 331 1405 379 καὶ
1440 329 1570 394 παρά
1596 351 1718 382 τινος
1745 332 1840 377 τῶν

255 410 305 459 ἐκ
343 407 504 472 γένους
543 414 626 459 τοῦ
661 408 926 473 πληγέντος
965 409 1039 459 ὑπ’
1073 411 1229 472 αὑτοῦ,
1262 412 1337 461 καὶ
1376 411 1535 476 τρίτην
1574 411 1621 460 ἐν
1660 409 1840 462 τούτοις

256 492 625 556 ἀποπληροῦντα
650 489 736 552 τὴν
763 490 977 556 ἄρνησιν.
1031 489 1128 541 εἶτα
1162 494 1245 555 τῆς
1280 498 1362 542 τοῦ
1398 490 1705 556 ἀλεκτρυόνος
1738 494 1837 542 δια-

255 571 483 635 μέμνηται
522 574 697 641 φωνῆς,
736 573 834 622 κατ’
871 571 1003 622 οὐδὲν
1038 574 1348 624 διαπίπτοντα
1382 573 1464 624 τὸν
1500 579 1582 623 τοῦ
1622 576 1884 637 Σωτῆρος5

255 653 387 717 ἡμῶν
414 654 693 722 ἀποφαίνων
721 652 882 718 λόγον,
901 654 1256 720 προεγνωκότος
1278 678 1327 706 τε
1355 657 1429 705 καὶ
1455 654 1841 721 προηγγελκότος

255 741 338 786 τοῦ
377 736 492 786 ἰδίου
529 740 743 799 μαθητοῦ
781 736 866 799 τὴν
905 738 952 787 ἐν
992 736 1212 803 θορύβοις
1254 736 1512 799 ἀσθένειαν,
1552 737 1606 800 ἧς
1646 737 1743 786 οὐδ’
1785 735 1842 786 ἂν

256 816 380 870 ὅλως
406 816 680 881 ἐπεμνήσθη
707 817 844 886 τάχα,
873 819 1167 872 θεοδίδακτος
1197 817 1275 882 ὧν,
1303 820 1328 869 ὁ
1361 819 1465 870 τόδε
1500 817 1553 870 τὸ
1589 818 1842 882 σύνταγμα

257 903 422 967 γραφῇ
461 898 713 965 παραδοὺς,
746 904 783 950 εἰ
820 899 886 964 μὴ
925 899 1008 953 τὰς
1046 905 1141 951 τῶν
1175 901 1411 963 μισοθέων
1447 900 1661 964 ἐνενόησε
1703 904 1843 968 φιλο-

257 982 435 1049 ψογίας
461 1004 510 1032 τε
537 983 610 1032 καὶ
639 983 1034 1047 ἀθυρογλωττίας.
1088 980 1216 1034 εἶπον
1242 982 1336 1049 γὰρ
1363 984 1421 1032 ἄν
1447 1006 1565 1036 τινες
1591 981 1724 1036 εὐθὺς
1749 985 1843 1032 τῶν
1865 998 1915 1023 10

257 1062 329 1114 ὅτι
354 1063 570 1126 μάλιστα
594 1069 818 1126 πολεμεῖν
844 1063 1116 1129 ἐγνωκότων
1135 1069 1234 1117 ταῖς
1261 1071 1343 1115 τοῦ
1372 1067 1592 1130 Σωτῆρος
1619 1064 1843 1116 εὐκλείαις

213 1146 549 1214 ΙΟἘπιδείξατε
574 1150 656 1196 τοῦ
686 1144 871 1212 Πέτρου
897 1145 982 1209 τὴν
1008 1146 1221 1212 ἄρνησιν,
1247 1151 1347 1200 πῶς
1383 1145 1430 1197 δὲ
1466 1148 1540 1197 καὶ
1576 1145 1681 1197 ὅποι
1712 1145 1838 1196 τετέ-

258 1233 429 1278 λεσται
470 1226 524 1277 τὸ
565 1226 951 1292 προηγγελμένον
993 1226 1069 1278 διὰ
1110 1232 1340 1294 Χριστοῦ,
1381 1229 1528 1278 καίτοι
1570 1227 1623 1278 τὸ
1669 1229 1841 1294 ψευδο-

257 1312 420 1371 μυθεῖν
446 1309 552 1359 καθ’
581 1310 699 1370 ὑμᾶς
726 1309 808 1359 οὐκ
834 1308 1023 1362 εἰδότος.
1080 1309 1305 1373 ἀλήθειαν
1331 1309 1424 1375 γὰρ
1462 1308 1580 1360 εἶναί
1609 1314 1742 1379 φατε,
1769 1310 1845 1359 καὶ

259 1390 315 1458 ἐξ
338 1392 545 1454 ἀληθοῦς
572 1389 857 1459 ἀναλάμψαι
887 1391 1091 1458 Πατρός.
1145 1391 1520 1457 ἀναγκαιοτάτην
1545 1396 1795 1456 τοιγαροῦν
1821 1391 1845 1440 ὁ
1868 1406 1916 1444 15

259 1473 514 1526 θεσπέσιος
559 1473 926 1538 Εὐαγγελιστὴς
970 1476 1045 1524 καὶ
1089 1473 1268 1524 τούτων
1308 1473 1418 1536 ἡμῖν
1462 1472 1717 1537 ἐποιήσατο
1761 1471 1847 1536 τὴν

259 1553 500 1623 ἐξήγησιν,
529 1555 820 1618 ἀληθεύοντα
847 1558 1066 1623 πανταχῆ
1094 1555 1270 1609 δεικνὺς
1295 1554 1377 1606 τὸν
1406 1555 1596 1620 Κύριον.

332 1637 473 1687 Ἀλλ’
504 1636 619 1690 ’ίσως
652 1642 734 1688 τοῦ
759 1636 843 1699 μὲν
870 1637 935 1687 ε”τι
961 1637 1186 1691 τοιούτοις
1211 1637 1330 1701 ἡμᾶς
1358 1636 1659 1702 κατακρούειν
1686 1634 1848 1701 λόγοις

260 1718 488 1787 ἀφέξεταί
509 1742 578 1772 τις
604 1723 699 1769 τῶν
726 1720 779 1769 δι’
810 1720 1032 1781 ἐναντίας,
1061 1719 1205 1772 δεινὸς
1232 1718 1280 1769 δὲ
1308 1725 1390 1770 τοῦ
1419 1719 1601 1784 Πέτρου
1636 1723 1848 1785 φανεῖται

261 1801 534 1867 κατήγορος,
576 1803 651 1851 καὶ
697 1802 871 1855 δειλίας
913 1802 1203 1867 ἀσυγκρίτου
1247 1800 1330 1852 τὸν
1370 1801 1570 1867 γνήσιον
1611 1801 1849 1868 γράψεται
1867 1822 1917 1846 20

261 1882 492 1947 μαθητὴν,
523 1885 684 1951 εὐχερῆ
718 1883 765 1934 δὲ
802 1885 948 1937 οὕτως
983 1885 1077 1950 ἐρεῖ
1104 1882 1224 1950 πρὸς
1259 1883 1344 1947 τὴν
1368 1885 1415 1934 ἐν
1441 1883 1602 1948 λόγοις
1629 1882 1849 1948 γενέσθαι

223 1984 244 2009 C
263 1963 539 2027 διάπτωσιν,
568 1968 630 2019 ὡς
656 1967 744 2030 ἤδη
771 1967 847 2016 καὶ
873 1967 1030 2030 τρίτον
1058 1969 1317 2016 διολισθεῖν
1344 1970 1406 2019 εἷς
1432 1965 1717 2031 ἀπάρνησιν,
1749 1965 1846 2014 οὐδ’

263 2047 380 2098 ὅσον
414 2051 496 2111 τῆς
534 2052 628 2098 τῶν
666 2050 827 2098 δεινῶν
863 2047 1110 2115 ἁψάμενον
1148 2049 1325 2114 πείρας,
1351 2049 1496 2113 ἤγουν
1533 2046 1650 2113 πρὸς
1690 2047 1850 2099 αὐταῖς

261 2128 490 2195 γεγονότα
516 2135 614 2183 ταῖς
647 2135 729 2181 τοῦ
764 2130 976 2180 κινδύνου
1002 2130 1178 2196 θύραις.
1233 2131 1343 2180 ἀλλ’
1373 2134 1515 2181 εἰπεῖν
1539 2129 1623 2192 μὲν
1650 2128 1849 2193 ἁρμόσει

262 2211 321 2262 τὰ
346 2218 538 2263 τοιαῦτα
573 2211 716 2280 τυχὸν
743 2215 837 2266 τοῖς
873 2210 1094 2276 ἀμυήτοις
1130 2212 1213 2262 ἔτι·
1257 2210 1347 2277 ἐγὼ
1384 2210 1431 2262 δὲ
1467 2214 1528 2265 ὡς
1561 2210 1848 2277 ποῤῥωτοίτω
1868 2230 1917 2268 25

263 2291 321 2341 τὰ
369 2297 560 2342 τοιαῦτα
611 2293 777 2355 μεθεὶς,
824 2293 900 2341 καὶ
944 2295 1044 2345 ταῖς
1089 2291 1273 2341 ἐκείνων
1317 2292 1570 2357 τερθρείαις
1616 2291 1849 2356 ε’ῤῥῶσθαι

265 2373 473 2441 φράσας,
499 2378 561 2427 εἷς
593 2372 677 2437 τὴν
705 2372 818 2439 ὑπὲρ
845 2379 927 2423 τοῦ
955 2372 1207 2438 γεγονότος
1240 2373 1504 2438 ἀπολογίαν
1530 2371 1846 2439 τετράψομαι,

265 2459 360 2507 τοῖς
393 2454 498 2525 ἤδηῖ
519 2455 886 2518 κατειθισμένοις
913 2458 1033 2505 νοεῖν
1058 2454 1297 2520 μυστήρια
1330 2454 1388 2505 τὰ
1423 2457 1472 2504 ἐκ
1506 2456 1587 2516 τῆς
1621 2455 1851 2516 μυστικῆς

267 2537 529 2599 οἰκονομίας
562 2538 832 2602 παρατιθεὶς
869 2540 930 2589 εἷς
964 2535 1220 2604 ἀπόδειξιν.
1276 2536 1364 2586 ἔδει
1396 2535 1489 2602 γὰρ
1523 2536 1611 2586 ἔδει
1646 2536 1721 2585 καὶ
1755 2538 1851 2584 τῶν

266 2617 488 2668 τοιούτων
515 2619 562 2668 εῦ
593 2619 725 2680 μάλα
759 2621 1102 2681 διαμεμνῆσθαι
1137 2617 1432 2682 πραγμάτων
1457 2617 1539 2668 τὸν
1565 2617 1850 2682 σοφώτατον
1868 2640 1920 2676 30

268 2699 650 2765 Εὐαγγελιστὴν,
692 2698 804 2764 ὑπὲρ
846 2705 928 2749 τοῦ
975 2698 1181 2749 συνιέναι
1223 2697 1330 2751 τοῦς
1371 2698 1690 2763 ἀκροωμένους
1731 2698 1850 2751 τίνες

222 2780 351 2845 ίῑμέν
382 2780 508 2845 ἦσαν
540 2783 614 2832 καὶ
650 2782 780 2832 αὐτοὶ
811 2784 893 2845 τῆς
932 2780 1200 2843 οἰκουμένης
1239 2784 1280 2830 οἱ
1320 2779 1599 2829 διδοίσκαλοι
1637 2778 1729 2844 πρὸ
1767 2781 1851 2842 τῆς

314 2945 346 2980 6.
373 2947 680 2991 προηγγελτικότος
699 2946 779 2989 (sic)
799 2945 840 2979 E.
1029 2956 1078 2978 12.
1106 2944 1295 2986 ἐπεδείξατε
1318 2943 1358 2976 E.
1540 2951 1595 2984 32.
1621 2941 1651 2973 οἱ
1670 2952 1739 2974 om.
1760 2940 1801 2973 E,
