2012 3272
95 143 338 193 xx.26‚27.
401 141 474 181 IN
517 141 559 180 S.
594 140 934 180 JOANNEM.
998 140 1122 179 LIB.
1158 140 1261 179 XII.
1311 140 1444 180 CAP.
1469 140 1502 180 Ι.
1596 141 1674 179 145

94 250 402 313 ἀποκλειόμεν
447 248 529 311 μὲν
570 249 653 302 τὰς
697 248 855 314 θύρας,
899 251 1120 317 ἐπιφοιτᾷ
1171 248 1217 298 δὲ
1266 251 1339 298 καὶ
1389 248 1718 315 ε’πιφαίνεταιο

92 336 242 383 πᾶσιν
283 332 392 394 ἡμῖν
432 333 456 381 ὁ
498 330 725 396 Χριστὸς,
764 329 975 396 ἀοράτως
1016 354 1065 381 τε
1103 333 1176 381 καὶ
1217 332 1412 395 ὁρατῶς·
1468 328 1679 394 ἀοράτως

93 413 178 476 μὲν
205 416 265 466 ὡς
294 411 428 474 Θεὸς,
456 414 634 478 ὁρατῶς
667 411 714 462 δὲ
748 410 895 462 πάλιν
922 414 970 461 ἐν
1004 412 1206 475 σώματι.
1261 410 1492 476 ἐπιτρέπει
1525 409 1572 460 δὲ
1605 412 1680 460 καὶ

94 495 260 544 δίδωσι
297 496 379 557 τῆς
417 494 553 559 ἁγίας
596 495 738 544 αὐτοῦ
782 493 960 558 σαρκὸς
1003 494 1257 558 ἀποθίγειν.
1312 491 1547 557 πρόσιμεν
1588 490 1681 556 γὰρ

52 575 214 627 5κατά
257 576 394 643 χάριν
437 580 561 626 Θεοῦ
602 579 660 642 τῇ
707 575 889 642 μεθέξει
935 578 1016 638 τῆς
1068 578 1299 637 μυστικῆς
1343 574 1574 638 εὐλογίας,
1622 576 1683 625 εἰς

96 663 253 726 χεῖρας
303 659 541 724 δεχόμενοι
593 656 675 707 τὸν
727 655 959 722 Χριστὸν,
1011 657 1085 706 ἵνα
1138 658 1213 706 καὶ
1266 657 1391 719 ἡμεῖς
1444 653 1684 720 ἀραρότως

96 739 430 802 πιστεύσωμεν
470 739 540 789 ὅτι
571 738 654 789 τὸν
680 739 796 789 ἰ’διον
825 740 1015 801 ἀληθῶς
1049 738 1201 803 ἤγειρε
1235 737 1362 788 ναόν.
1419 736 1488 787 ὅτι
1527 736 1620 801 γὰρ
1655 736 1683 798 ἡ

98 820 311 871 κοινωνία
348 823 430 883 τῆς
468 824 697 884 μυστικῆς
728 820 945 885 εὐλογίας
974 820 1209 884 ὁμολογία
1232 820 1302 872 τίς
1331 820 1433 869 ἐστι
1459 821 1541 881 τῆς
1568 819 1682 867 ἀνα-

97 901 314 955 στάσεως
345 907 427 952 τοῦ
452 906 687 968 Χριστοῦ,
720 900 874 969 σαφὲς
908 899 966 952 ἂν
993 901 1189 966 γένοιτο,
1218 902 1293 950 καὶ
1327 900 1461 962 μάλα
1491 901 1681 968 ῥᾳδίως,

31 1006 78 1030 10
98 985 152 1034 δι’
181 981 245 1033 ῶν
271 982 409 1037 αὐτὸς
450 984 540 1052 ἔφη
579 983 662 1034 τὸν
701 989 783 1034 τοῦ
822 983 1087 1049 μυστηρίου
1125 982 1275 1033 τύπον
1314 981 1588 1033 ἐπιτελέσας
1627 981 1840 1032 δι’31105
1856 997 1904 1032 A.

101 1067 281 1116 ἑαυτοῦ·
326 1065 589 1119 διακλάσας
616 1063 709 1130 γὰρ
735 1064 816 1115 τὸν
835 1066 992 1131 ἄρτον,
1015 1063 1137 1115 καθὰ
1164 1063 1440 1130 γέγραπται,
1466 1063 1680 1124 διεδίδου,

99 1147 255 1212 λέγων
294 1153 320 1175 “
346 1146 501 1197 Τοῦτό
542 1170 631 1211 μου
656 1149 759 1198 ἐστὶ
795 1146 850 1198 τὸ
879 1151 1022 1210 σῶμα
1060 1145 1114 1197 τὸ
1151 1145 1265 1212 ὑπὲρ
1293 1147 1420 1209 ὑμῶν
1446 1143 1686 1207 διδόμενον
1747 1143 1891 1226 {515⁸ss

98 1234 125 1256 “
153 1232 214 1281 εἷς
253 1227 427 1296 ἄφεσιν
455 1230 707 1294 ἁμαρτιῶν·
747 1234 887 1279 τοῦτο
911 1233 1081 1279 ποιεῖτε
1108 1231 1169 1280 εἷς
1207 1227 1292 1291 τὴν
1330 1225 1445 1290 ἐμὴν
1471 1224 1680 1289 ἀνάμνη-
1748 1229 1908 1303 ξέξῇῗξ·

101 1317 127 1339 “
153 1310 278 1359 σιν.”
345 1310 448 1360 ε”στι
492 1311 647 1360 τοίνυν
694 1310 928 1375 ὁμολογία
972 1332 1040 1362 τις
1085 1308 1266 1373 ἀληθὴς
1312 1310 1386 1359 καὶ
1425 1306 1687 1370 ἀνάμνησις
1830 1297 1836 1304 ·

34 1412 80 1451 15
99 1396 183 1442 τοῦ
221 1390 437 1442 τεθνάναι
471 1415 519 1442 τε
547 1393 622 1442 καὶ
654 1394 914 1451 ἀναβιῶναι
944 1392 999 1441 δι’
1029 1391 1150 1454 ἡμᾶς
1189 1392 1263 1440 καὶ
1304 1388 1418 1455 ὑπὲρ
1447 1390 1579 1453 ἡμῶν
1606 1387 1688 1439 τὸν

105 1472 294 1538 Κύριον,
321 1477 415 1523 τῶν
450 1473 596 1538 ἁγίων
627 1477 904 1538 μυστηρίων
936 1473 962 1536 ἡ
995 1472 1180 1540 μέθεξις
1211 1470 1330 1536 πρὸς
1360 1471 1414 1522 τὸ
1452 1473 1526 1521 καὶ
1563 1471 1687 1523 θείας

101 1555 220 1618 ἡμᾶς
277 1555 492 1620 εὐλογίας
549 1556 951 1619 ἀναπίμπλασθαι
1007 1553 1082 1604 διὰ
1131 1558 1285 1604 τοῦτο.
1353 1551 1731 1619 παραιτώμεθαί)

100 1635 256 1686 τοίνυν
303 1638 365 1689 ὡς
407 1636 623 1702 ὀλέθριόν
663 1659 708 1687 τι
751 1639 912 1704 χρῆμα
952 1635 1038 1699 τὴν
1079 1636 1303 1686 ἀπιστίαν
1347 1637 1422 1684 καὶ
1466 1633 1584 1696 μετὰ
1633 1632 1687 1684 τὸ

103 1716 326 1786 ἅψασθαι
363 1724 446 1769 τοῦ
472 1722 702 1786 Χριστοῦ,
742 1717 1024 1769 πιστότατοι
1066 1716 1115 1768 δὲ
1153 1721 1342 1780 μᾶλλον
1382 1720 1456 1766 καὶ
1495 1716 1689 1777 βέβαιον

34 1822 84 1847 20
102 1799 285 1867 ἔχοντες
310 1800 632 1866 εὖρισκώμεθα
659 1799 894 1868 φρόνημα.

175 1881 533 1946 Διαμεμνήσθω
575 1881 623 1932 δε
670 1876 822 1933 πάλιν
862 1883 886 1931 ὀ
926 1880 1210 1949 φιλομαθὴς,
1253 1880 1323 1932 ότι
1366 1882 1560 1947 Μαρίαν
1604 1878 1689 1942 μὲν

110 1962 197 2027 τὴν
244 1963 576 2029 Μαγδαληνὴν
629 1966 821 2029 ἀπεῖργε
871 1966 954 2027 τῆς
1006 1964 1145 2031 ἁφῆς,
1196 1963 1484 2031 σαφεστατα
1534 1961 1689 2028 λεγων

103 2052 131 2074 “
159 2045 245 2109 Μή
273 2068 364 2107 μου
397 2044 561 2108 ἅπτου,
589 2046 718 2096 οὔπω
755 2044 850 2111 γὰρ
876 2045 1149 2109 ἀναβεβηκα
1187 2068 1304 2110 προς
1339 2044 1420 2095 τὸν
1449 2045 1685 2110 Πατερα·”
1748 2036 1881 2119 {3¹¹2—

104 2131 259 2196 Θωμα
297 2126 444 2193 γεμὴν
482 2126 713 2194 ἐπιτρεπει
759 2151 833 2178 και
878 2126 964 2190 τὴν
1006 2125 1217 2192 πλευραν
1261 2129 1574 2194 ψηλαφῆσαι,
1614 2149 1689 2176 και
1751 2139 1868 2179 Ib·25·

36 2208 212 2267 25τοὺς
249 2209 423 2262 τύπους
466 2213 560 2259 τῶν
595 2210 726 2273 ἥλων
766 2209 983 2277 δακτύλῳ
1030 2207 1430 2274 περιεργάζεσθαι,
1500 2210 1574 2258 καὶ
1613 2206 1690 2257 διὰ

104 2291 246 2342 ποίαν
281 2291 445 2353 αἰτίαν,
485 2289 663 2356 εἴρηται
701 2290 786 2354 μὲν
825 2290 912 2354 ἤδη
952 2294 1137 2356 σαφῶς,
1176 2288 1435 2352 ἀναμνήσω
1474 2287 1521 2338 δὲ
1559 2288 1729 2338 οὐδένΟ

107 2372 259 2436 ἧττον,
287 2371 340 2423 τὸ
382 2374 527 2435 μῆκος
569 2376 664 2422 τῶν
702 2370 863 2435 λόγων
901 2370 1142 2434 ἐπιτεμών.
1208 2374 1266 2438 τῇ
1305 2369 1388 2433 μὲν
1429 2368 1522 2436 γὰρ
1561 2371 1690 2420 οὔπω

106 2452 262 2519 καιρὸς
295 2455 444 2504 ἐδίδου
475 2454 528 2504 τὸ
562 2452 799 2522 ἅψασθαι,
828 2453 902 2504 διὰ
935 2452 988 2503 τὸ
1029 2452 1170 2517 μήπω
1209 2457 1267 2520 τῇ
1305 2457 1388 2503 τοῦ
1415 2451 1692 2515 Πνεύματος

106 2535 333 2599 ἡγιάσθαι
373 2535 539 2602 χάριτι·
592 2534 685 2585 σὺν
709 2535 819 2599 ἡμῖν
851 2533 945 2600 γὰρ
976 2533 1109 2588 ὄντος
1148 2534 1213 2585 ε”τι
1251 2539 1333 2584 τοῦ
1359 2537 1589 2599 Χριστοῦ,
1617 2535 1692 2583 καὶ

40 2639 88 2673 30
107 2618 235 2668 οὔπω
272 2616 390 2682 πρὸς
421 2616 504 2667 τὸν
539 2619 587 2667 ἐν
612 2622 708 2670 τοῖς
747 2617 958 2683 οὐρανοῖς
998 2614 1346 2680 ἀναβεβηκότος
1374 2615 1578 2681 Πατέρα,
1606 2613 1691 2677 τὴν

107 2703 189 2749 τοῦ
214 2698 522 2764 παρακλήτου
552 2697 752 2749 κάθοδον
779 2699 862 2749 οὑκ
889 2697 946 2762 ἧν
971 2699 1018 2748 ἐν
1045 2697 1308 2764 ἀνθρώποις
1333 2696 1692 2759 τετελειωμένην

155 2856 188 2886 4.
214 2845 285 2879 τοῖς
301 2843 409 2888 ἁγίοις
427 2844 468 2877 Ε.
687 2853 739 2888 15.
765 2857 818 2877 και
837 2844 895 2878 alt.
914 2855 984 2877 om.
1003 2842 1087 2876 Nik.
1320 2841 1373 2875 16.
1398 2842 1436 2874 τὸ
1456 2840 1540 2874 Nik.
1558 2841 1604 2883 τῷ
1623 2837 1688 2871 Ed.

115 2899 167 2934 17.
193 2890 247 2924 διὰ
264 2893 363 2924 τοῦτο
380 2890 619 2934 παραιτώμεθα
639 2890 820 2935 (omittens
837 2889 963 2933 τοίνυν)
983 2889 1068 2923 Nik.
1423 2898 1478 2920 21.
1500 2885 1630 2937 μαριὰμ
1649 2884 1691 2918 Ε.

114 2947 168 2970 22.
191 2937 400 2981 μαγδαλινὴν
419 2938 473 2980 (ut
491 2948 596 2981 supra
618 2937 704 2982 1089
724 2936 810 2980 d)E
1014 2947 1068 2980 23.
1095 2934 1248 2980 Πατέρα]
1273 2938 1308 2974 -1-
1330 2948 1395 2977 μου
1413 2932 1478 2966 Ed.
1499 2931 1606 2964 invito
1626 2929 1666 2964 Ε.

168 3002 260 3030 VOL.
282 3003 349 3030 111.
901 3003 928 3029 U
