<?xml version="1.0" encoding="UTF-8"?>
<!DOCTYPE html PUBLIC "-//W3C//DTD XHTML 1.0 Transitional//EN"
    "http://www.w3.org/TR/xhtml1/DTD/xhtml1-transitional.dtd">
<html xmlns="http://www.w3.org/1999/xhtml" xml:lang="en" lang="en">
 <head>
  <title>
</title>
<meta http-equiv="Content-Type" content="text/html;charset=utf-8" />
  <meta name='ocr-system' content='tesseract 3.04.00' />
  <meta name='ocr-capabilities' content='ocr_page ocr_carea ocr_par ocr_line ocrx_word'/>
</head>
<body>
  <div class='ocr_page' id='page_1' title='image "./operacyrilli05cyriuoft/operacyrilli05cyriuoft_0485.png"; bbox 0 0 2012 3272; ppageno 0'>
   <div class='ocr_carea' id='block_1_1' title="bbox 468 133 1676 176">
    <p class='ocr_par' dir='ltr' id='par_1_1' title="bbox 468 133 1676 176">
     <span class='ocr_line' id='line_1_1' title="bbox 468 133 1676 176; baseline 0 -1"><span class='ocrx_word' id='word_1_1' title='bbox 468 134 843 175; x_wconf 86' lang='lat' dir='ltr'><strong>FRAGMENTA</strong></span> <span class='ocrx_word' id='word_1_2' title='bbox 877 133 1291 175; x_wconf 87' lang='lat' dir='ltr'><strong>HOMILIARUM</strong></span> <span class='ocrx_word' id='word_1_3' title='bbox 1298 165 1306 173; x_wconf 92' lang='lat'><strong>.</strong></span> <span class='ocrx_word' id='word_1_4' title='bbox 1596 136 1676 176; x_wconf 77' lang='lat'>471</span> 
     </span>
    </p>
   </div>
   <div class='ocr_carea' id='block_1_2' title="bbox 29 240 1908 2431">
    <p class='ocr_par' dir='ltr' id='par_1_2' title="bbox 29 240 1908 2431">
     <span class='ocr_line' id='line_1_2' title="bbox 93 240 1861 311; baseline 0.001 -19"><span class='ocrx_word' id='word_1_5' title='bbox 93 242 214 306; x_wconf 83' lang='grc' dir='ltr'>ώδης</span> <span class='ocrx_word' id='word_1_6' title='bbox 239 241 332 308; x_wconf 82' lang='grc' dir='ltr'>γὰρ</span> <span class='ocrx_word' id='word_1_7' title='bbox 356 240 414 306; x_wconf 81' lang='grc' dir='ltr'>ἧν</span> <span class='ocrx_word' id='word_1_8' title='bbox 441 243 466 292; x_wconf 85' lang='grc' dir='ltr'>ὁ</span> <span class='ocrx_word' id='word_1_9' title='bbox 492 242 596 304; x_wconf 85' lang='grc' dir='ltr'>βίος</span> <span class='ocrx_word' id='word_1_10' title='bbox 622 243 791 296; x_wconf 83' lang='grc' dir='ltr'>αὐτοῖς·</span> <span class='ocrx_word' id='word_1_11' title='bbox 835 244 910 292; x_wconf 74' lang='grc' dir='ltr'>καὶ</span> <span class='ocrx_word' id='word_1_12' title='bbox 937 248 1052 308; x_wconf 82' lang='grc' dir='ltr'>γοῦν</span> <span class='ocrx_word' id='word_1_13' title='bbox 1078 242 1292 311; x_wconf 77' lang='grc' dir='ltr'>ἔφασκον</span> <span class='ocrx_word' id='word_1_14' title='bbox 1319 241 1390 293; x_wconf 80' lang='grc' dir='ltr'>ὅτι</span> <span class='ocrx_word' id='word_1_15' title='bbox 1416 249 1444 271; x_wconf 85' lang='grc'><strong>“</strong></span> <span class='ocrx_word' id='word_1_16' title='bbox 1464 246 1682 309; x_wconf 83' lang='grc' dir='ltr'>Χριστοῦ</span> <span class='ocrx_word' id='word_1_17' title='bbox 1705 268 1720 288; x_wconf 90' lang='lat'><strong>2</strong></span> <span class='ocrx_word' id='word_1_18' title='bbox 1737 259 1810 290; x_wconf 88' lang='lat' dir='ltr'><strong>Cor.</strong></span> <span class='ocrx_word' id='word_1_19' title='bbox 1828 258 1861 288; x_wconf 86' lang='lat' dir='ltr'>ii.</span> 
     </span>
     <span class='ocr_line' id='line_1_3' title="bbox 93 312 1754 394; baseline 0 -20"><span class='ocrx_word' id='word_1_20' title='bbox 93 330 120 353; x_wconf 84' lang='lat'><strong>“</strong></span> <span class='ocrx_word' id='word_1_21' title='bbox 146 324 311 374; x_wconf 81' lang='grc' dir='ltr'><em>εὐωδία</em></span> <span class='ocrx_word' id='word_1_22' title='bbox 336 323 479 387; x_wconf 75' lang='grc' dir='ltr'>ἐσμὲν</span> <span class='ocrx_word' id='word_1_23' title='bbox 506 327 573 392; x_wconf 74' lang='grc' dir='ltr'>τῷ</span> <span class='ocrx_word' id='word_1_24' title='bbox 598 325 745 392; x_wconf 77' lang='grc' dir='ltr'>Θεῷ,”</span> <span class='ocrx_word' id='word_1_25' title='bbox 773 323 899 388; x_wconf 79' lang='grc' dir='ltr'>ἦσαν</span> <span class='ocrx_word' id='word_1_26' title='bbox 926 324 974 375; x_wconf 81' lang='grc' dir='ltr'>δὲ</span> <span class='ocrx_word' id='word_1_27' title='bbox 999 323 1118 390; x_wconf 77' lang='grc' dir='ltr'>πρὸς</span> <span class='ocrx_word' id='word_1_28' title='bbox 1143 324 1294 394; x_wconf 80' lang='grc' dir='ltr'>τούτῳ</span> <span class='ocrx_word' id='word_1_29' title='bbox 1328 326 1404 375; x_wconf 81' lang='grc' dir='ltr'>καὶ</span> <span class='ocrx_word' id='word_1_30' title='bbox 1438 324 1678 375; x_wconf 90' lang='grc' dir='ltr'>πανσύνε-</span> <span class='ocrx_word' id='word_1_31' title='bbox 1706 312 1754 342; x_wconf 44' lang='lat'>1⁵·</span> 
     </span>
     <span class='ocr_line' id='line_1_4' title="bbox 91 404 1876 489; baseline 0.001 -35"><span class='ocrx_word' id='word_1_32' title='bbox 91 422 178 455; x_wconf 89' lang='grc' dir='ltr'>τοι·</span> <span class='ocrx_word' id='word_1_33' title='bbox 221 404 290 454; x_wconf 83' lang='grc' dir='ltr'>διὸ</span> <span class='ocrx_word' id='word_1_34' title='bbox 316 406 391 455; x_wconf 78' lang='grc' dir='ltr'>καὶ</span> <span class='ocrx_word' id='word_1_35' title='bbox 415 404 584 468; x_wconf 75' lang='grc' dir='ltr'>ἤκουον</span> <span class='ocrx_word' id='word_1_36' title='bbox 611 411 639 435; x_wconf 84' lang='grc'><strong>“</strong></span> <span class='ocrx_word' id='word_1_37' title='bbox 665 406 826 469; x_wconf 69' lang='grc' dir='ltr'>’Υμεῖς</span> <span class='ocrx_word' id='word_1_38' title='bbox 852 407 959 456; x_wconf 85' lang='grc' dir='ltr'>ἐστε</span> <span class='ocrx_word' id='word_1_39' title='bbox 994 405 1048 456; x_wconf 85' lang='grc' dir='ltr'>τὸ</span> <span class='ocrx_word' id='word_1_40' title='bbox 1082 405 1203 459; x_wconf 81' lang='grc' dir='ltr'>ἅλας</span> <span class='ocrx_word' id='word_1_41' title='bbox 1235 409 1319 469; x_wconf 80' lang='grc' dir='ltr'>τῆς</span> <span class='ocrx_word' id='word_1_42' title='bbox 1349 406 1476 471; x_wconf 79' lang='grc' dir='ltr'>γῆς.”</span> <span class='ocrx_word' id='word_1_43' title='bbox 1530 404 1683 456; x_wconf 80' lang='grc' dir='ltr'>ἀκούω</span> <span class='ocrx_word' id='word_1_44' title='bbox 1704 414 1876 489; x_wconf 43' lang='lat' dir='ltr'>{ymb-</span> 
     </span>
     <span class='ocr_line' id='line_1_5' title="bbox 93 468 1801 555; baseline 0 -20"><span class='ocrx_word' id='word_1_45' title='bbox 93 484 142 536; x_wconf 80' lang='grc' dir='ltr'>δὲ</span> <span class='ocrx_word' id='word_1_46' title='bbox 168 486 244 535; x_wconf 81' lang='grc' dir='ltr'>καὶ</span> <span class='ocrx_word' id='word_1_47' title='bbox 270 491 353 536; x_wconf 88' lang='grc' dir='ltr'>τοῦ</span> <span class='ocrx_word' id='word_1_48' title='bbox 378 485 629 554; x_wconf 85' lang='grc' dir='ltr'>προφήτου</span> <span class='ocrx_word' id='word_1_49' title='bbox 647 488 821 537; x_wconf 75' lang='grc' dir='ltr'>Δαυεὶδ</span> <span class='ocrx_word' id='word_1_50' title='bbox 846 485 1129 555; x_wconf 73' lang='grc' dir='ltr'>ψάλλοντος</span> <span class='ocrx_word' id='word_1_51' title='bbox 1153 510 1201 537; x_wconf 92' lang='grc' dir='ltr'>τε</span> <span class='ocrx_word' id='word_1_52' title='bbox 1228 488 1303 537; x_wconf 75' lang='grc' dir='ltr'>καὶ</span> <span class='ocrx_word' id='word_1_53' title='bbox 1330 487 1553 553; x_wconf 86' lang='grc' dir='ltr'>λέγοντος</span> <span class='ocrx_word' id='word_1_54' title='bbox 1578 489 1684 552; x_wconf 76' lang='grc' dir='ltr'>περὶ</span> <span class='ocrx_word' id='word_1_55' title='bbox 1728 481 1735 489; x_wconf 54' lang='grc'>’</span> <span class='ocrx_word' id='word_1_56' title='bbox 1772 468 1801 499; x_wconf 83' lang='lat'>3·</span> 
     </span>
     <span class='ocr_line' id='line_1_6' title="bbox 51 567 1865 647; baseline 0.001 -31"><span class='ocrx_word' id='word_1_57' title='bbox 51 586 73 624; x_wconf 88' lang='grc'>5</span> <span class='ocrx_word' id='word_1_58' title='bbox 94 567 246 616; x_wconf 81' lang='grc' dir='ltr'>αὐτῶν</span> <span class='ocrx_word' id='word_1_59' title='bbox 273 573 300 595; x_wconf 80' lang='grc'><strong>“</strong></span> <span class='ocrx_word' id='word_1_60' title='bbox 318 567 450 617; x_wconf 85' lang='grc' dir='ltr'>Ἐκεῖ</span> <span class='ocrx_word' id='word_1_61' title='bbox 463 570 685 630; x_wconf 76' lang='grc' dir='ltr'>Βενιαμὶν</span> <span class='ocrx_word' id='word_1_62' title='bbox 703 567 921 633; x_wconf 84' lang='grc' dir='ltr'>νεώτερος</span> <span class='ocrx_word' id='word_1_63' title='bbox 947 569 995 617; x_wconf 84' lang='grc' dir='ltr'>ἐν</span> <span class='ocrx_word' id='word_1_64' title='bbox 1021 567 1256 630; x_wconf 80' lang='grc' dir='ltr'>ἐκστάσει,</span> <span class='ocrx_word' id='word_1_65' title='bbox 1278 567 1501 635; x_wconf 75' lang='grc' dir='ltr'>ἄρχοντες</span> <span class='ocrx_word' id='word_1_66' title='bbox 1527 569 1683 618; x_wconf 83' lang='grc' dir='ltr'>Ἰούδα</span> <span class='ocrx_word' id='word_1_67' title='bbox 1704 573 1758 647; x_wconf 53' lang='lat' dir='ltr'>f}-</span> <span class='ocrx_word' id='word_1_68' title='bbox 1773 572 1865 603; x_wconf 77' lang='lat' dir='ltr'><strong>lxvii.</strong></span> 
     </span>
     <span class='ocr_line' id='line_1_7' title="bbox 94 641 1757 718; baseline 0.002 -21"><span class='ocrx_word' id='word_1_69' title='bbox 94 655 121 677; x_wconf 89' lang='lat'><strong>“</strong></span> <span class='ocrx_word' id='word_1_70' title='bbox 145 647 363 712; x_wconf 79' lang='grc' dir='ltr'>ἡγεμόνες</span> <span class='ocrx_word' id='word_1_71' title='bbox 407 649 574 711; x_wconf 79' lang='grc' dir='ltr'>αὐτῶν,</span> <span class='ocrx_word' id='word_1_72' title='bbox 615 649 840 714; x_wconf 80' lang='grc' dir='ltr'>ἄρχοντες</span> <span class='ocrx_word' id='word_1_73' title='bbox 881 647 1161 711; x_wconf 76' lang='grc' dir='ltr'>Ζαβουλὼν,</span> <span class='ocrx_word' id='word_1_74' title='bbox 1207 649 1431 716; x_wconf 77' lang='grc' dir='ltr'>ἄρχοντες</span> <span class='ocrx_word' id='word_1_75' title='bbox 1478 654 1681 718; x_wconf 89' lang='grc' dir='ltr'>Νεφθα-</span> <span class='ocrx_word' id='word_1_76' title='bbox 1711 642 1721 647; x_wconf 43' lang='grc'><strong>”</strong></span> <span class='ocrx_word' id='word_1_77' title='bbox 1750 641 1757 647; x_wconf 43' lang='grc'><strong>’</strong></span> 
     </span>
     <span class='ocr_line' id='line_1_8' title="bbox 93 729 1680 799; baseline 0.003 -21"><span class='ocrx_word' id='word_1_78' title='bbox 93 735 120 758; x_wconf 84' lang='grc'><strong>“</strong></span> <span class='ocrx_word' id='word_1_79' title='bbox 145 730 294 792; x_wconf 82' lang='grc' dir='ltr'>λείμ.”</span> <span class='ocrx_word' id='word_1_80' title='bbox 337 730 513 797; x_wconf 81' lang='grc' dir='ltr'>σχεδὸν</span> <span class='ocrx_word' id='word_1_81' title='bbox 538 729 632 796; x_wconf 74' lang='grc' dir='ltr'>γὰρ</span> <span class='ocrx_word' id='word_1_82' title='bbox 661 730 718 798; x_wconf 73' lang='grc' dir='ltr'>ἐξ</span> <span class='ocrx_word' id='word_1_83' title='bbox 737 729 927 794; x_wconf 84' lang='grc' dir='ltr'>ἁπάσης</span> <span class='ocrx_word' id='word_1_84' title='bbox 952 733 1110 797; x_wconf 79' lang='grc' dir='ltr'>φυλῆς</span> <span class='ocrx_word' id='word_1_85' title='bbox 1136 733 1219 794; x_wconf 84' lang='grc' dir='ltr'>τῆς</span> <span class='ocrx_word' id='word_1_86' title='bbox 1246 731 1302 799; x_wconf 79' lang='grc' dir='ltr'>ἐξ</span> <span class='ocrx_word' id='word_1_87' title='bbox 1323 730 1527 796; x_wconf 85' lang='grc' dir='ltr'>Ἰσραὴλ</span> <span class='ocrx_word' id='word_1_88' title='bbox 1558 731 1680 782; x_wconf 81' lang='grc' dir='ltr'>ἀπό-</span> 
     </span>
     <span class='ocr_line' id='line_1_9' title="bbox 94 811 1686 880; baseline 0.001 -19"><span class='ocrx_word' id='word_1_89' title='bbox 94 816 251 861; x_wconf 88' lang='grc' dir='ltr'>λεκτοι</span> <span class='ocrx_word' id='word_1_90' title='bbox 289 811 544 877; x_wconf 84' lang='grc' dir='ltr'>γεγόνασιν</span> <span class='ocrx_word' id='word_1_91' title='bbox 571 815 612 862; x_wconf 84' lang='grc' dir='ltr'>οἱ</span> <span class='ocrx_word' id='word_1_92' title='bbox 650 811 869 877; x_wconf 87' lang='grc' dir='ltr'>μακάριοι</span> <span class='ocrx_word' id='word_1_93' title='bbox 907 814 1112 875; x_wconf 79' lang='grc' dir='ltr'>μαθηταὶ</span> <span class='ocrx_word' id='word_1_94' title='bbox 1152 814 1229 863; x_wconf 78' lang='grc' dir='ltr'>καὶ</span> <span class='ocrx_word' id='word_1_95' title='bbox 1268 816 1522 880; x_wconf 84' lang='grc' dir='ltr'>φωστῆρες</span> <span class='ocrx_word' id='word_1_96' title='bbox 1559 811 1686 876; x_wconf 77' lang='grc' dir='ltr'>ἦσαν</span> 
     </span>
     <span class='ocr_line' id='line_1_10' title="bbox 93 893 1908 963; baseline 0.002 -21"><span class='ocrx_word' id='word_1_97' title='bbox 93 896 394 955; x_wconf 80' lang='grc' dir='ltr'>οἰκουμενικοὶ</span> <span class='ocrx_word' id='word_1_98' title='bbox 429 893 578 959; x_wconf 85' lang='grc' dir='ltr'>λόγον</span> <span class='ocrx_word' id='word_1_99' title='bbox 613 893 730 960; x_wconf 74' lang='grc' dir='ltr'>ζωῆς</span> <span class='ocrx_word' id='word_1_100' title='bbox 765 894 1052 960; x_wconf 85' lang='grc' dir='ltr'>ἐπίσχοντες·</span> <span class='ocrx_word' id='word_1_101' title='bbox 1093 895 1169 944; x_wconf 76' lang='grc' dir='ltr'>καὶ</span> <span class='ocrx_word' id='word_1_102' title='bbox 1208 893 1262 945; x_wconf 86' lang='grc' dir='ltr'>τό</span> <span class='ocrx_word' id='word_1_103' title='bbox 1301 917 1354 958; x_wconf 91' lang='grc' dir='ltr'>γε</span> <span class='ocrx_word' id='word_1_104' title='bbox 1393 895 1681 963; x_wconf 77' lang='grc' dir='ltr'>παράδοξον·</span> <span class='ocrx_word' id='word_1_105' title='bbox 1706 904 1792 935; x_wconf 84' lang='lat' dir='ltr'><strong>Phil.</strong></span> <span class='ocrx_word' id='word_1_106' title='bbox 1808 904 1841 934; x_wconf 83' lang='lat' dir='ltr'>ii.</span> <span class='ocrx_word' id='word_1_107' title='bbox 1859 905 1908 936; x_wconf 74' lang='grc'>16-</span> 
     </span>
     <span class='ocr_line' id='line_1_11' title="bbox 29 973 1683 1045; baseline 0.001 -19"><span class='ocrx_word' id='word_1_108' title='bbox 29 1001 75 1026; x_wconf 91' lang='lat'>10</span> <span class='ocrx_word' id='word_1_109' title='bbox 94 975 382 1038; x_wconf 84' lang='grc' dir='ltr'>εὐγλωττίαν</span> <span class='ocrx_word' id='word_1_110' title='bbox 412 973 498 1038; x_wconf 77' lang='grc' dir='ltr'>μὲν</span> <span class='ocrx_word' id='word_1_111' title='bbox 528 974 622 1042; x_wconf 78' lang='grc' dir='ltr'>γὰρ</span> <span class='ocrx_word' id='word_1_112' title='bbox 654 975 816 1043; x_wconf 77' lang='grc' dir='ltr'>ἔχουσι</span> <span class='ocrx_word' id='word_1_113' title='bbox 847 975 1074 1041; x_wconf 80' lang='grc' dir='ltr'>λαμπρὰν</span> <span class='ocrx_word' id='word_1_114' title='bbox 1101 979 1143 1026; x_wconf 84' lang='grc' dir='ltr'>οἱ</span> <span class='ocrx_word' id='word_1_115' title='bbox 1174 980 1269 1026; x_wconf 82' lang='grc' dir='ltr'>τῶν</span> <span class='ocrx_word' id='word_1_116' title='bbox 1295 975 1510 1040; x_wconf 89' lang='grc' dir='ltr'>ἑλλήνων</span> <span class='ocrx_word' id='word_1_117' title='bbox 1535 979 1683 1045; x_wconf 81' lang='grc' dir='ltr'>σοφοὶ</span> 
     </span>
     <span class='ocr_line' id='line_1_12' title="bbox 93 1056 1680 1123; baseline 0.003 -18"><span class='ocrx_word' id='word_1_118' title='bbox 93 1057 169 1106; x_wconf 81' lang='grc' dir='ltr'>καὶ</span> <span class='ocrx_word' id='word_1_119' title='bbox 194 1056 509 1120; x_wconf 84' lang='grc' dir='ltr'>εὐστομοῦσιν</span> <span class='ocrx_word' id='word_1_120' title='bbox 534 1057 674 1122; x_wconf 76' lang='grc' dir='ltr'>ἄγαν·</span> <span class='ocrx_word' id='word_1_121' title='bbox 717 1060 760 1107; x_wconf 79' lang='grc' dir='ltr'>οἱ</span> <span class='ocrx_word' id='word_1_122' title='bbox 786 1056 841 1107; x_wconf 85' lang='grc' dir='ltr'>δέ</span> <span class='ocrx_word' id='word_1_123' title='bbox 861 1079 916 1122; x_wconf 91' lang='grc' dir='ltr'>γε</span> <span class='ocrx_word' id='word_1_124' title='bbox 942 1062 1025 1108; x_wconf 86' lang='grc' dir='ltr'>τοῦ</span> <span class='ocrx_word' id='word_1_125' title='bbox 1056 1061 1276 1123; x_wconf 83' lang='grc' dir='ltr'>Σωτῆρος</span> <span class='ocrx_word' id='word_1_126' title='bbox 1302 1058 1433 1121; x_wconf 79' lang='grc' dir='ltr'>ἡμῶν</span> <span class='ocrx_word' id='word_1_127' title='bbox 1459 1061 1680 1122; x_wconf 76' lang='grc' dir='ltr'>μαθηταὶ,</span> 
     </span>
     <span class='ocr_line' id='line_1_13' title="bbox 94 1136 1682 1207; baseline 0.003 -21"><span class='ocrx_word' id='word_1_128' title='bbox 94 1136 330 1202; x_wconf 75' lang='grc' dir='ltr'>ἄνθρωποι</span> <span class='ocrx_word' id='word_1_129' title='bbox 358 1136 587 1203; x_wconf 87' lang='grc' dir='ltr'>γεγόνασι</span> <span class='ocrx_word' id='word_1_130' title='bbox 612 1138 900 1205; x_wconf 75' lang='grc' dir='ltr'>χειροτέχναι</span> <span class='ocrx_word' id='word_1_131' title='bbox 925 1140 999 1189; x_wconf 73' lang='grc' dir='ltr'>καὶ</span> <span class='ocrx_word' id='word_1_132' title='bbox 1032 1141 1398 1205; x_wconf 77' lang='grc' dir='ltr'>θαλασσουργοῖ</span> <span class='ocrx_word' id='word_1_133' title='bbox 1425 1141 1500 1190; x_wconf 73' lang='grc' dir='ltr'>καὶ</span> <span class='ocrx_word' id='word_1_134' title='bbox 1525 1143 1682 1207; x_wconf 80' lang='grc' dir='ltr'>ἰχθυο-</span> 
     </span>
     <span class='ocr_line' id='line_1_14' title="bbox 93 1217 1682 1289; baseline 0.003 -22"><span class='ocrx_word' id='word_1_135' title='bbox 93 1219 330 1283; x_wconf 82' lang='grc' dir='ltr'>θῆραι,οὐ</span> <span class='ocrx_word' id='word_1_136' title='bbox 357 1217 540 1282; x_wconf 85' lang='grc' dir='ltr'>κόμπον</span> <span class='ocrx_word' id='word_1_137' title='bbox 567 1219 749 1286; x_wconf 76' lang='grc' dir='ltr'>ἔχοντες</span> <span class='ocrx_word' id='word_1_138' title='bbox 775 1219 948 1285; x_wconf 88' lang='grc' dir='ltr'>λόγων,</span> <span class='ocrx_word' id='word_1_139' title='bbox 980 1220 1033 1270; x_wconf 83' lang='grc' dir='ltr'>οὐ</span> <span class='ocrx_word' id='word_1_140' title='bbox 1060 1220 1236 1289; x_wconf 76' lang='grc' dir='ltr'>λέξεων</span> <span class='ocrx_word' id='word_1_141' title='bbox 1261 1222 1481 1287; x_wconf 81' lang='grc' dir='ltr'>εὐπορίαν</span> <span class='ocrx_word' id='word_1_142' title='bbox 1507 1224 1682 1272; x_wconf 86' lang='grc' dir='ltr'>δεδοκι-</span> 
     </span>
     <span class='ocr_line' id='line_1_15' title="bbox 94 1300 1871 1380; baseline 0.003 -31"><span class='ocrx_word' id='word_1_143' title='bbox 94 1300 365 1362; x_wconf 36' lang='grc' dir='ltr'>μασμεΗνων</span> <span class='ocrx_word' id='word_1_144' title='bbox 405 1301 516 1351; x_wconf 84' lang='grc' dir='ltr'>ἀλλ’</span> <span class='ocrx_word' id='word_1_145' title='bbox 547 1304 723 1351; x_wconf 80' lang='grc' dir='ltr'>ἰδιῶται</span> <span class='ocrx_word' id='word_1_146' title='bbox 757 1324 842 1363; x_wconf 89' lang='grc' dir='ltr'>μεν</span> <span class='ocrx_word' id='word_1_147' title='bbox 867 1303 934 1370; x_wconf 72' lang='grc' dir='ltr'>τῷ</span> <span class='ocrx_word' id='word_1_148' title='bbox 969 1301 1114 1370; x_wconf 83' lang='grc' dir='ltr'>λόγω,</span> <span class='ocrx_word' id='word_1_149' title='bbox 1140 1303 1366 1353; x_wconf 92' lang='grc' dir='ltr'>πλούσιοι</span> <span class='ocrx_word' id='word_1_150' title='bbox 1391 1302 1440 1354; x_wconf 89' lang='grc' dir='ltr'>δε</span> <span class='ocrx_word' id='word_1_151' title='bbox 1465 1307 1524 1370; x_wconf 84' lang='grc' dir='ltr'>τῇ</span> <span class='ocrx_word' id='word_1_152' title='bbox 1555 1303 1677 1368; x_wconf 80' lang='grc' dir='ltr'>γνώ-</span> <span class='ocrx_word' id='word_1_153' title='bbox 1702 1306 1809 1380; x_wconf 60' lang='grc' dir='ltr'>ἕΟΟΓ·</span> <span class='ocrx_word' id='word_1_154' title='bbox 1828 1307 1871 1338; x_wconf 77' lang='lat' dir='ltr'>xi.</span> 
     </span>
     <span class='ocr_line' id='line_1_16' title="bbox 30 1382 1683 1449; baseline 0.003 -19"><span class='ocrx_word' id='word_1_155' title='bbox 30 1402 75 1440; x_wconf 88' lang='lat'>15</span> <span class='ocrx_word' id='word_1_156' title='bbox 95 1403 186 1431; x_wconf 90' lang='grc' dir='ltr'>σει.</span> <span class='ocrx_word' id='word_1_157' title='bbox 241 1383 316 1432; x_wconf 83' lang='grc' dir='ltr'>καὶ</span> <span class='ocrx_word' id='word_1_158' title='bbox 346 1383 600 1447; x_wconf 87' lang='grc' dir='ltr'>σεσίγηται</span> <span class='ocrx_word' id='word_1_159' title='bbox 630 1405 715 1445; x_wconf 91' lang='grc' dir='ltr'>μεν</span> <span class='ocrx_word' id='word_1_160' title='bbox 753 1382 811 1433; x_wconf 81' lang='grc' dir='ltr'>τὰ</span> <span class='ocrx_word' id='word_1_161' title='bbox 850 1382 1066 1447; x_wconf 88' lang='grc' dir='ltr'>ἑλλήνων</span> <span class='ocrx_word' id='word_1_162' title='bbox 1104 1383 1361 1449; x_wconf 88' lang='grc' dir='ltr'>γράμματα</span> <span class='ocrx_word' id='word_1_163' title='bbox 1402 1407 1476 1435; x_wconf 91' lang='grc' dir='ltr'>και</span> <span class='ocrx_word' id='word_1_164' title='bbox 1519 1385 1547 1448; x_wconf 80' lang='grc' dir='ltr'>ἡ</span> <span class='ocrx_word' id='word_1_165' title='bbox 1588 1389 1683 1435; x_wconf 79' lang='grc' dir='ltr'>τῶν</span> 
     </span>
     <span class='ocr_line' id='line_1_17' title="bbox 95 1462 1680 1532; baseline 0.003 -20"><span class='ocrx_word' id='word_1_166' title='bbox 95 1462 272 1530; x_wconf 77' lang='grc' dir='ltr'>λέξεων</span> <span class='ocrx_word' id='word_1_167' title='bbox 303 1464 543 1527; x_wconf 85' lang='grc' dir='ltr'>εὐκομπία,</span> <span class='ocrx_word' id='word_1_168' title='bbox 571 1468 853 1529; x_wconf 88' lang='grc' dir='ltr'>κατακρατεῖ</span> <span class='ocrx_word' id='word_1_169' title='bbox 884 1463 932 1514; x_wconf 89' lang='grc' dir='ltr'>δε</span> <span class='ocrx_word' id='word_1_170' title='bbox 968 1467 1051 1528; x_wconf 87' lang='grc' dir='ltr'>τῆς</span> <span class='ocrx_word' id='word_1_171' title='bbox 1086 1464 1161 1516; x_wconf 84' lang='grc' dir='ltr'>ὑπ’</span> <span class='ocrx_word' id='word_1_172' title='bbox 1190 1465 1386 1532; x_wconf 82' lang='grc' dir='ltr'>οὐρανὸν</span> <span class='ocrx_word' id='word_1_173' title='bbox 1417 1471 1512 1517; x_wconf 78' lang='grc' dir='ltr'>τῶν</span> <span class='ocrx_word' id='word_1_174' title='bbox 1542 1467 1680 1532; x_wconf 83' lang='grc' dir='ltr'>εὐαγ-</span> 
     </span>
     <span class='ocr_line' id='line_1_18' title="bbox 95 1543 1684 1612; baseline 0.004 -18"><span class='ocrx_word' id='word_1_175' title='bbox 95 1549 298 1610; x_wconf 82' lang='grc' dir='ltr'>γελικῶν</span> <span class='ocrx_word' id='word_1_176' title='bbox 336 1543 649 1610; x_wconf 78' lang='grc' dir='ltr'>κηρυγμάτων</span> <span class='ocrx_word' id='word_1_177' title='bbox 687 1546 715 1608; x_wconf 85' lang='grc' dir='ltr'>ἡ</span> <span class='ocrx_word' id='word_1_178' title='bbox 755 1545 963 1609; x_wconf 89' lang='grc' dir='ltr'>δύναμις,</span> <span class='ocrx_word' id='word_1_179' title='bbox 1011 1546 1190 1598; x_wconf 88' lang='grc' dir='ltr'>τούτων</span> <span class='ocrx_word' id='word_1_180' title='bbox 1229 1547 1534 1612; x_wconf 81' lang='grc' dir='ltr'>διαμέμνηται</span> <span class='ocrx_word' id='word_1_181' title='bbox 1563 1547 1684 1602; x_wconf 78' lang='grc' dir='ltr'>Θεὸς</span> 
     </span>
     <span class='ocr_line' id='line_1_19' title="bbox 95 1624 1682 1696; baseline 0.003 -21"><span class='ocrx_word' id='word_1_182' title='bbox 95 1628 171 1676; x_wconf 83' lang='grc' dir='ltr'>καὶ</span> <span class='ocrx_word' id='word_1_183' title='bbox 215 1624 292 1675; x_wconf 78' lang='grc' dir='ltr'>διὰ</span> <span class='ocrx_word' id='word_1_184' title='bbox 329 1629 490 1694; x_wconf 83' lang='grc' dir='ltr'>φωνῆς</span> <span class='ocrx_word' id='word_1_185' title='bbox 533 1627 756 1692; x_wconf 87' lang='grc' dir='ltr'>Ἱερεμίου</span> <span class='ocrx_word' id='word_1_186' title='bbox 799 1627 954 1692; x_wconf 79' lang='grc' dir='ltr'>λέγων</span> <span class='ocrx_word' id='word_1_187' title='bbox 991 1631 1096 1693; x_wconf 79' lang='grc' dir='ltr'>περὶ</span> <span class='ocrx_word' id='word_1_188' title='bbox 1142 1634 1223 1679; x_wconf 84' lang='grc' dir='ltr'>τοῦ</span> <span class='ocrx_word' id='word_1_189' title='bbox 1266 1628 1457 1680; x_wconf 88' lang='grc' dir='ltr'>πάντων</span> <span class='ocrx_word' id='word_1_190' title='bbox 1499 1631 1682 1696; x_wconf 83' lang='grc' dir='ltr'>ἐχθροῦ,</span> 
     </span>
     <span class='ocr_line' id='line_1_20' title="bbox 96 1707 1841 1794; baseline 0.003 -37"><span class='ocrx_word' id='word_1_191' title='bbox 96 1709 217 1774; x_wconf 79' lang='grc' dir='ltr'>φημὶ</span> <span class='ocrx_word' id='word_1_192' title='bbox 244 1707 300 1771; x_wconf 88' lang='grc' dir='ltr'>δὴ</span> <span class='ocrx_word' id='word_1_193' title='bbox 327 1713 410 1758; x_wconf 86' lang='grc' dir='ltr'>τοῦ</span> <span class='ocrx_word' id='word_1_194' title='bbox 436 1713 622 1759; x_wconf 81' lang='grc' dir='ltr'>σατανᾶ</span> <span class='ocrx_word' id='word_1_195' title='bbox 648 1715 676 1738; x_wconf 80' lang='grc'><strong>“</strong></span> <span class='ocrx_word' id='word_1_196' title='bbox 696 1709 820 1759; x_wconf 79' lang='grc' dir='ltr'>Οὐαὶ</span> <span class='ocrx_word' id='word_1_197' title='bbox 856 1710 880 1759; x_wconf 85' lang='grc' dir='ltr'>ὁ</span> <span class='ocrx_word' id='word_1_198' title='bbox 916 1709 1173 1774; x_wconf 79' lang='grc' dir='ltr'>πληθύνων</span> <span class='ocrx_word' id='word_1_199' title='bbox 1199 1712 1325 1780; x_wconf 75' lang='grc' dir='ltr'>αὐτῷ</span> <span class='ocrx_word' id='word_1_200' title='bbox 1361 1710 1420 1761; x_wconf 79' lang='grc' dir='ltr'>τὰ</span> <span class='ocrx_word' id='word_1_201' title='bbox 1457 1712 1537 1761; x_wconf 80' lang='grc' dir='ltr'>οὐκ</span> <span class='ocrx_word' id='word_1_202' title='bbox 1570 1710 1684 1761; x_wconf 77' lang='grc' dir='ltr'>ὄντα</span> <span class='ocrx_word' id='word_1_203' title='bbox 1701 1720 1790 1794; x_wconf 47' lang='lat' dir='ltr'>{ab</span> <span class='ocrx_word' id='word_1_204' title='bbox 1806 1720 1841 1751; x_wconf 63' lang='lat' dir='ltr'>ii.</span> 
     </span>
     <span class='ocr_line' id='line_1_21' title="bbox 95 1771 1779 1861; baseline 0.002 -22"><span class='ocrx_word' id='word_1_205' title='bbox 95 1795 123 1818; x_wconf 76' lang='lat'>‘⁶</span> <span class='ocrx_word' id='word_1_206' title='bbox 148 1790 289 1840; x_wconf 82' lang='grc' dir='ltr'>αὐτοῦ</span> <span class='ocrx_word' id='word_1_207' title='bbox 324 1791 400 1840; x_wconf 76' lang='grc' dir='ltr'>καὶ</span> <span class='ocrx_word' id='word_1_208' title='bbox 435 1789 656 1856; x_wconf 81' lang='grc' dir='ltr'>βαρύνων</span> <span class='ocrx_word' id='word_1_209' title='bbox 682 1789 764 1841; x_wconf 83' lang='grc' dir='ltr'>τὸν</span> <span class='ocrx_word' id='word_1_210' title='bbox 797 1789 960 1842; x_wconf 81' lang='grc' dir='ltr'>κλοιὸν</span> <span class='ocrx_word' id='word_1_211' title='bbox 985 1792 1128 1842; x_wconf 81' lang='grc' dir='ltr'>αὐτοῦ</span> <span class='ocrx_word' id='word_1_212' title='bbox 1163 1797 1419 1859; x_wconf 76' lang='grc' dir='ltr'>στιβαρῶς,</span> <span class='ocrx_word' id='word_1_213' title='bbox 1448 1792 1518 1843; x_wconf 80' lang='grc' dir='ltr'>ὅτι</span> <span class='ocrx_word' id='word_1_214' title='bbox 1553 1793 1679 1861; x_wconf 76' lang='grc' dir='ltr'>ἐξαί-</span> <span class='ocrx_word' id='word_1_215' title='bbox 1724 1771 1779 1804; x_wconf 51' lang='lat'>’7&#39;</span> 
     </span>
     <span class='ocr_line' id='line_1_22' title="bbox 95 1870 1684 1943; baseline 0.002 -21"><span class='ocrx_word' id='word_1_216' title='bbox 95 1877 123 1900; x_wconf 81' lang='lat'><strong>“</strong></span> <span class='ocrx_word' id='word_1_217' title='bbox 149 1875 270 1939; x_wconf 89' lang='grc' dir='ltr'>φνης</span> <span class='ocrx_word' id='word_1_218' title='bbox 300 1870 657 1936; x_wconf 83' lang='grc' dir='ltr'>ἀναστήσονται</span> <span class='ocrx_word' id='word_1_219' title='bbox 692 1875 733 1922; x_wconf 81' lang='grc' dir='ltr'>οἱ</span> <span class='ocrx_word' id='word_1_220' title='bbox 769 1872 1013 1927; x_wconf 83' lang='grc' dir='ltr'>δάκνοντες</span> <span class='ocrx_word' id='word_1_221' title='bbox 1041 1873 1183 1924; x_wconf 77' lang='grc' dir='ltr'>αὐτὸν</span> <span class='ocrx_word' id='word_1_222' title='bbox 1213 1876 1289 1925; x_wconf 81' lang='grc' dir='ltr'>καὶ</span> <span class='ocrx_word' id='word_1_223' title='bbox 1323 1873 1615 1943; x_wconf 78' lang='grc' dir='ltr'>ἐκνήψουσιν</span> <span class='ocrx_word' id='word_1_224' title='bbox 1641 1878 1684 1925; x_wconf 78' lang='grc' dir='ltr'>οἱ</span> 
     </span>
     <span class='ocr_line' id='line_1_23' title="bbox 96 1953 1684 2021; baseline 0.002 -18"><span class='ocrx_word' id='word_1_225' title='bbox 96 1959 123 1981; x_wconf 87' lang='grc'><strong>“</strong></span> <span class='ocrx_word' id='word_1_226' title='bbox 147 1953 396 2013; x_wconf 87' lang='grc' dir='ltr'>ἐπίβουλοί</span> <span class='ocrx_word' id='word_1_227' title='bbox 418 1975 510 2004; x_wconf 87' lang='grc' dir='ltr'>σου</span> <span class='ocrx_word' id='word_1_228' title='bbox 536 1956 611 2004; x_wconf 83' lang='grc' dir='ltr'>καὶ</span> <span class='ocrx_word' id='word_1_229' title='bbox 631 1953 718 2021; x_wconf 79' lang='grc' dir='ltr'>ἔσῃ</span> <span class='ocrx_word' id='word_1_230' title='bbox 746 1957 809 2007; x_wconf 78' lang='grc' dir='ltr'>εἷς</span> <span class='ocrx_word' id='word_1_231' title='bbox 832 1955 1097 2021; x_wconf 85' lang='grc' dir='ltr'>διαρπαγὴν</span> <span class='ocrx_word' id='word_1_232' title='bbox 1123 1956 1325 2009; x_wconf 82' lang='grc' dir='ltr'>αύτοΐς.”</span> <span class='ocrx_word' id='word_1_233' title='bbox 1360 1954 1576 2010; x_wconf 81' lang='grc' dir='ltr'>ἅπαντας</span> <span class='ocrx_word' id='word_1_234' title='bbox 1598 1955 1684 2019; x_wconf 79' lang='grc' dir='ltr'>μὲν</span> 
     </span>
     <span class='ocr_line' id='line_1_24' title="bbox 94 2032 1684 2104; baseline 0.004 -19"><span class='ocrx_word' id='word_1_235' title='bbox 94 2032 200 2088; x_wconf 76' lang='grc' dir='ltr'>τοὺς</span> <span class='ocrx_word' id='word_1_236' title='bbox 221 2035 294 2085; x_wconf 83' lang='grc' dir='ltr'>ἐπὶ</span> <span class='ocrx_word' id='word_1_237' title='bbox 310 2037 396 2100; x_wconf 89' lang='grc' dir='ltr'>γῆς</span> <span class='ocrx_word' id='word_1_238' title='bbox 412 2034 687 2101; x_wconf 82' lang='grc' dir='ltr'>ἀνθρώπους</span> <span class='ocrx_word' id='word_1_239' title='bbox 705 2036 788 2086; x_wconf 84' lang='grc' dir='ltr'>οὐκ</span> <span class='ocrx_word' id='word_1_240' title='bbox 807 2034 945 2090; x_wconf 77' lang='grc' dir='ltr'>ὄντας</span> <span class='ocrx_word' id='word_1_241' title='bbox 963 2037 1106 2087; x_wconf 81' lang='grc' dir='ltr'>αὐτοῦ</span> <span class='ocrx_word' id='word_1_242' title='bbox 1127 2037 1399 2104; x_wconf 85' lang='grc' dir='ltr'>συνήγαγεν</span> <span class='ocrx_word' id='word_1_243' title='bbox 1421 2039 1446 2089; x_wconf 85' lang='grc' dir='ltr'><em>ὁ</em></span> <span class='ocrx_word' id='word_1_244' title='bbox 1473 2042 1684 2091; x_wconf 81' lang='grc' dir='ltr'>σατανᾶς</span> 
     </span>
     <span class='ocr_line' id='line_1_25' title="bbox 96 2116 1684 2184; baseline 0.003 -18"><span class='ocrx_word' id='word_1_245' title='bbox 96 2118 171 2166; x_wconf 80' lang='grc' dir='ltr'>καὶ·</span> <span class='ocrx_word' id='word_1_246' title='bbox 188 2116 327 2169; x_wconf 81' lang='grc' dir='ltr'>ἰδίους</span> <span class='ocrx_word' id='word_1_247' title='bbox 348 2116 558 2184; x_wconf 79' lang='grc' dir='ltr'>ἀπέφηνε</span> <span class='ocrx_word' id='word_1_248' title='bbox 574 2116 904 2183; x_wconf 79' lang='grc' dir='ltr'>προσκυνητάς</span> <span class='ocrx_word' id='word_1_249' title='bbox 918 2119 1497 2184; x_wconf 80' lang='grc' dir='ltr'>καταβαρύνωναύτοῦτὸν</span> <span class='ocrx_word' id='word_1_250' title='bbox 1508 2119 1684 2170; x_wconf 87' lang='grc' dir='ltr'>κλοιόν·</span> 
     </span>
     <span class='ocr_line' id='line_1_26' title="bbox 29 2197 1685 2266; baseline 0.002 -19"><span class='ocrx_word' id='word_1_251' title='bbox 29 2216 76 2253; x_wconf 88' lang='lat'>25</span> <span class='ocrx_word' id='word_1_252' title='bbox 96 2199 205 2248; x_wconf 83' lang='grc' dir='ltr'>ἀλλ’</span> <span class='ocrx_word' id='word_1_253' title='bbox 243 2197 481 2266; x_wconf 79' lang='grc' dir='ltr'>ἐξένηψαν</span> <span class='ocrx_word' id='word_1_254' title='bbox 518 2201 560 2248; x_wconf 78' lang='grc' dir='ltr'>οἱ</span> <span class='ocrx_word' id='word_1_255' title='bbox 596 2197 925 2264; x_wconf 64' lang='grc' dir='ltr'>διαρπάῷντες</span> <span class='ocrx_word' id='word_1_256' title='bbox 971 2201 1113 2250; x_wconf 79' lang='grc' dir='ltr'>αὐτοῦ</span> <span class='ocrx_word' id='word_1_257' title='bbox 1156 2200 1216 2250; x_wconf 84' lang='grc' dir='ltr'>τὰ</span> <span class='ocrx_word' id='word_1_258' title='bbox 1252 2200 1418 2265; x_wconf 88' lang='grc' dir='ltr'>σκεύη·</span> <span class='ocrx_word' id='word_1_259' title='bbox 1459 2201 1685 2266; x_wconf 87' lang='grc' dir='ltr'>ἐθήρευσε</span> 
     </span>
     <span class='ocr_line' id='line_1_27' title="bbox 95 2278 1686 2345; baseline 0.003 -17"><span class='ocrx_word' id='word_1_260' title='bbox 95 2278 189 2345; x_wconf 80' lang='grc' dir='ltr'>γὰρ</span> <span class='ocrx_word' id='word_1_261' title='bbox 223 2281 306 2342; x_wconf 85' lang='grc' dir='ltr'>τῆς</span> <span class='ocrx_word' id='word_1_262' title='bbox 331 2280 653 2342; x_wconf 80' lang='grc' dir='ltr'>ἀποστολικῆς</span> <span class='ocrx_word' id='word_1_263' title='bbox 679 2280 1020 2345; x_wconf 84' lang='grc' dir='ltr'>μυσταγωγίας</span> <span class='ocrx_word' id='word_1_264' title='bbox 1045 2280 1100 2331; x_wconf 83' lang='grc' dir='ltr'>τὸ</span> <span class='ocrx_word' id='word_1_265' title='bbox 1128 2282 1314 2332; x_wconf 87' lang='grc' dir='ltr'>δίκτυον</span> <span class='ocrx_word' id='word_1_266' title='bbox 1339 2280 1552 2336; x_wconf 79' lang='grc' dir='ltr'>ἅπαντας</span> <span class='ocrx_word' id='word_1_267' title='bbox 1577 2281 1686 2335; x_wconf 75' lang='grc' dir='ltr'>τοὺς</span> 
     </span>
     <span class='ocr_line' id='line_1_28' title="bbox 95 2359 1648 2431; baseline 0.003 -21"><span class='ocrx_word' id='word_1_268' title='bbox 95 2359 483 2424; x_wconf 80' lang='grc' dir='ltr'>πεπλανημένους</span> <span class='ocrx_word' id='word_1_269' title='bbox 509 2362 584 2411; x_wconf 79' lang='grc' dir='ltr'>καὶ</span> <span class='ocrx_word' id='word_1_270' title='bbox 609 2360 971 2426; x_wconf 86' lang='grc' dir='ltr'>προσεκόμισαν</span> <span class='ocrx_word' id='word_1_271' title='bbox 996 2365 1062 2431; x_wconf 74' lang='grc' dir='ltr'>τῷ</span> <span class='ocrx_word' id='word_1_272' title='bbox 1089 2364 1198 2431; x_wconf 68' lang='grc' dir='ltr'>Θεῷ</span> <span class='ocrx_word' id='word_1_273' title='bbox 1223 2361 1310 2426; x_wconf 87' lang='grc' dir='ltr'>τὴν</span> <span class='ocrx_word' id='word_1_274' title='bbox 1334 2365 1407 2415; x_wconf 84' lang='grc' dir='ltr'>ὑπ’</span> <span class='ocrx_word' id='word_1_275' title='bbox 1437 2362 1648 2430; x_wconf 82' lang='grc' dir='ltr'>οὐρανόν.</span> 
     </span>
    </p>
   </div>
   <div class='ocr_carea' id='block_1_3' title="bbox 97 2503 1686 3013">
    <p class='ocr_par' dir='ltr' id='par_1_3' title="bbox 97 2503 1685 3013">
     <span class='ocr_line' id='line_1_29' title="bbox 147 2503 1683 2543; baseline 0.003 -5"><span class='ocrx_word' id='word_1_276' title='bbox 147 2515 178 2539; x_wconf 91' lang='lat'>1.</span> <span class='ocrx_word' id='word_1_277' title='bbox 204 2503 256 2539; x_wconf 82' lang='grc' dir='ltr'>ὅτι</span> <span class='ocrx_word' id='word_1_278' title='bbox 273 2515 344 2538; x_wconf 89' lang='lat' dir='ltr'>om.</span> <span class='ocrx_word' id='word_1_279' title='bbox 363 2504 441 2539; x_wconf 82' lang='lat' dir='ltr'><strong>Cat.</strong></span> <span class='ocrx_word' id='word_1_280' title='bbox 460 2505 568 2540; x_wconf 82' lang='lat' dir='ltr'><strong>Matr.</strong></span> <span class='ocrx_word' id='word_1_281' title='bbox 747 2516 779 2540; x_wconf 87' lang='lat'>2.</span> <span class='ocrx_word' id='word_1_282' title='bbox 804 2505 1008 2541; x_wconf 82' lang='grc' dir='ltr'>πανσύνετοι</span> <span class='ocrx_word' id='word_1_283' title='bbox 1026 2506 1098 2541; x_wconf 82' lang='lat' dir='ltr'><strong>des.</strong></span> <span class='ocrx_word' id='word_1_284' title='bbox 1120 2507 1197 2542; x_wconf 82' lang='lat' dir='ltr'><strong>Cat.</strong></span> <span class='ocrx_word' id='word_1_285' title='bbox 1216 2507 1505 2543; x_wconf 83' lang='lat' dir='ltr'><strong>Mediolanensis.</strong></span> <span class='ocrx_word' id='word_1_286' title='bbox 1557 2508 1683 2543; x_wconf 83' lang='lat' dir='ltr'>Statim</span> 
     </span>
     <span class='ocr_line' id='line_1_30' title="bbox 97 2551 1682 2600; baseline 0.002 -15"><span class='ocrx_word' id='word_1_287' title='bbox 97 2551 259 2596; x_wconf 81' lang='grc' dir='ltr'>διὸ-γῆς</span> <span class='ocrx_word' id='word_1_288' title='bbox 275 2557 498 2596; x_wconf 84' lang='lat' dir='ltr'><strong>assumptum</strong></span> <span class='ocrx_word' id='word_1_289' title='bbox 516 2563 534 2585; x_wconf 83' lang='lat' dir='ltr'>e</span> <span class='ocrx_word' id='word_1_290' title='bbox 552 2551 629 2585; x_wconf 75' lang='lat' dir='ltr'><strong>Cat.</strong></span> <span class='ocrx_word' id='word_1_291' title='bbox 650 2551 756 2586; x_wconf 76' lang='lat' dir='ltr'><strong>Matr.</strong></span> <span class='ocrx_word' id='word_1_292' title='bbox 775 2558 815 2586; x_wconf 88' lang='lat' dir='ltr'>ut</span> <span class='ocrx_word' id='word_1_293' title='bbox 832 2552 886 2586; x_wconf 88' lang='lat' dir='ltr'>ed.</span> <span class='ocrx_word' id='word_1_294' title='bbox 904 2553 928 2586; x_wconf 90' lang='lat'>1.</span> <span class='ocrx_word' id='word_1_295' title='bbox 941 2565 971 2587; x_wconf 89' lang='lat' dir='ltr'>c.</span> <span class='ocrx_word' id='word_1_296' title='bbox 1150 2567 1184 2597; x_wconf 80' lang='lat'>4.</span> <span class='ocrx_word' id='word_1_297' title='bbox 1210 2569 1246 2588; x_wconf 84' lang='grc' dir='ltr'>τε</span> <span class='ocrx_word' id='word_1_298' title='bbox 1265 2555 1318 2588; x_wconf 86' lang='grc' dir='ltr'>καὶ</span> <span class='ocrx_word' id='word_1_299' title='bbox 1335 2556 1497 2600; x_wconf 78' lang='grc' dir='ltr'>λέγοντος</span> <span class='ocrx_word' id='word_1_300' title='bbox 1514 2566 1584 2589; x_wconf 92' lang='lat' dir='ltr'>om.</span> <span class='ocrx_word' id='word_1_301' title='bbox 1605 2555 1682 2589; x_wconf 82' lang='lat' dir='ltr'><strong>Cat.</strong></span> 
     </span>
     <span class='ocr_line' id='line_1_31' title="bbox 99 2597 1682 2646; baseline 0.003 -15"><span class='ocrx_word' id='word_1_302' title='bbox 99 2597 207 2632; x_wconf 85' lang='lat' dir='ltr'><strong>Matr.</strong></span> <span class='ocrx_word' id='word_1_303' title='bbox 348 2606 382 2642; x_wconf 89' lang='lat'>5.</span> <span class='ocrx_word' id='word_1_304' title='bbox 409 2600 567 2642; x_wconf 81' lang='grc' dir='ltr'>νεώτερος</span> <span class='ocrx_word' id='word_1_305' title='bbox 584 2604 805 2642; x_wconf 84' lang='lat' dir='ltr'>assumptum</span> <span class='ocrx_word' id='word_1_306' title='bbox 824 2610 865 2632; x_wconf 85' lang='lat' dir='ltr'>ex</span> <span class='ocrx_word' id='word_1_307' title='bbox 885 2598 963 2633; x_wconf 81' lang='lat' dir='ltr'><strong>Cat.</strong></span> <span class='ocrx_word' id='word_1_308' title='bbox 983 2599 1091 2634; x_wconf 86' lang='lat' dir='ltr'><strong>Matr.</strong></span> <span class='ocrx_word' id='word_1_309' title='bbox 1245 2613 1278 2646; x_wconf 92' lang='lat'>9.</span> <span class='ocrx_word' id='word_1_310' title='bbox 1304 2601 1483 2646; x_wconf 82' lang='grc' dir='ltr'>ἐπέχοντες</span> <span class='ocrx_word' id='word_1_311' title='bbox 1501 2602 1585 2645; x_wconf 83' lang='grc' dir='ltr'>ζωῆς</span> <span class='ocrx_word' id='word_1_312' title='bbox 1605 2601 1682 2635; x_wconf 83' lang='lat' dir='ltr'><strong>Cat.</strong></span> 
     </span>
     <span class='ocr_line' id='line_1_32' title="bbox 99 2643 1682 2692; baseline 0.003 -15"><span class='ocrx_word' id='word_1_313' title='bbox 99 2643 205 2678; x_wconf 83' lang='lat' dir='ltr'><strong>Matr.</strong></span> <span class='ocrx_word' id='word_1_314' title='bbox 404 2655 507 2688; x_wconf 89' lang='lat'><strong>9-11.</strong></span> <span class='ocrx_word' id='word_1_315' title='bbox 533 2645 586 2678; x_wconf 83' lang='grc' dir='ltr'>καὶ</span> <span class='ocrx_word' id='word_1_316' title='bbox 603 2645 642 2678; x_wconf 91' lang='grc' dir='ltr'>τό</span> <span class='ocrx_word' id='word_1_317' title='bbox 658 2644 891 2689; x_wconf 75' lang='grc' dir='ltr'>’γε-μαθηταί</span> <span class='ocrx_word' id='word_1_318' title='bbox 907 2657 977 2679; x_wconf 84' lang='grc'><strong>0111.</strong></span> <span class='ocrx_word' id='word_1_319' title='bbox 997 2645 1073 2681; x_wconf 83' lang='lat' dir='ltr'><strong>Cat.</strong></span> <span class='ocrx_word' id='word_1_320' title='bbox 1093 2646 1199 2681; x_wconf 85' lang='lat' dir='ltr'><strong>Matr.</strong></span> <span class='ocrx_word' id='word_1_321' title='bbox 1393 2658 1446 2682; x_wconf 90' lang='lat'>12.</span> <span class='ocrx_word' id='word_1_322' title='bbox 1472 2648 1682 2692; x_wconf 78' lang='grc' dir='ltr'>χειροτέχναι</span> 
     </span>
     <span class='ocr_line' id='line_1_33' title="bbox 98 2688 1682 2738; baseline 0.003 -14"><span class='ocrx_word' id='word_1_323' title='bbox 98 2691 276 2735; x_wconf 82' lang='grc' dir='ltr'>γεγονότες</span> <span class='ocrx_word' id='word_1_324' title='bbox 294 2688 372 2724; x_wconf 89' lang='lat' dir='ltr'><strong>Cat.</strong></span> <span class='ocrx_word' id='word_1_325' title='bbox 391 2690 497 2725; x_wconf 81' lang='lat' dir='ltr'><strong>Matr.</strong></span> <span class='ocrx_word' id='word_1_326' title='bbox 675 2701 728 2735; x_wconf 85' lang='lat'>13.</span> <span class='ocrx_word' id='word_1_327' title='bbox 753 2691 793 2724; x_wconf 84' lang='grc' dir='ltr'>οὐ</span> <span class='ocrx_word' id='word_1_328' title='bbox 810 2693 940 2735; x_wconf 88' lang='grc' dir='ltr'>κόμπον</span> <span class='ocrx_word' id='word_1_329' title='bbox 957 2703 1026 2725; x_wconf 83' lang='grc'><strong>0111.</strong></span> <span class='ocrx_word' id='word_1_330' title='bbox 1031 2693 1193 2737; x_wconf 72' lang='grc' dir='ltr'>,ἔχοντες</span> <span class='ocrx_word' id='word_1_331' title='bbox 1209 2699 1289 2737; x_wconf 80' lang='lat' dir='ltr'>post</span> <span class='ocrx_word' id='word_1_332' title='bbox 1305 2693 1432 2738; x_wconf 81' lang='grc' dir='ltr'>λεξεων</span> <span class='ocrx_word' id='word_1_333' title='bbox 1449 2701 1682 2738; x_wconf 78' lang='lat' dir='ltr'>transponens</span> 
     </span>
     <span class='ocr_line' id='line_1_34' title="bbox 102 2735 1682 2783; baseline 0.003 -14"><span class='ocrx_word' id='word_1_334' title='bbox 102 2735 179 2770; x_wconf 88' lang='lat' dir='ltr'><strong>Cat.</strong></span> <span class='ocrx_word' id='word_1_335' title='bbox 197 2736 305 2770; x_wconf 80' lang='lat' dir='ltr'><strong>Matr.</strong></span> <span class='ocrx_word' id='word_1_336' title='bbox 466 2745 532 2781; x_wconf 91' lang='lat'>15-</span> <span class='ocrx_word' id='word_1_337' title='bbox 536 2745 590 2782; x_wconf 88' lang='lat'>17.</span> <span class='ocrx_word' id='word_1_338' title='bbox 616 2750 670 2770; x_wconf 87' lang='grc' dir='ltr'>και</span> <span class='ocrx_word' id='word_1_339' title='bbox 689 2737 1056 2782; x_wconf 80' lang='grc' dir='ltr'>σεσίγηται-δύναμις</span> <span class='ocrx_word' id='word_1_340' title='bbox 1073 2750 1143 2773; x_wconf 82' lang='grc'><strong>0111.</strong></span> <span class='ocrx_word' id='word_1_341' title='bbox 1163 2738 1240 2774; x_wconf 89' lang='lat' dir='ltr'><strong>Cat.</strong></span> <span class='ocrx_word' id='word_1_342' title='bbox 1259 2740 1366 2774; x_wconf 84' lang='lat' dir='ltr'><strong>Matr.</strong></span> <span class='ocrx_word' id='word_1_343' title='bbox 1517 2751 1589 2783; x_wconf 89' lang='lat'>17.</span> <span class='ocrx_word' id='word_1_344' title='bbox 1616 2740 1682 2773; x_wconf 86' lang='grc' dir='ltr'>διε-</span> 
     </span>
     <span class='ocr_line' id='line_1_35' title="bbox 99 2781 1685 2830; baseline 0.003 -16"><span class='ocrx_word' id='word_1_345' title='bbox 99 2782 246 2827; x_wconf 83' lang='grc' dir='ltr'>μέμνητο</span> <span class='ocrx_word' id='word_1_346' title='bbox 265 2782 342 2816; x_wconf 88' lang='lat' dir='ltr'><strong>Cat.</strong></span> <span class='ocrx_word' id='word_1_347' title='bbox 361 2781 468 2816; x_wconf 87' lang='lat' dir='ltr'><strong>Matr.</strong></span> <span class='ocrx_word' id='word_1_348' title='bbox 600 2784 654 2817; x_wconf 90' lang='grc'>18.</span> <span class='ocrx_word' id='word_1_349' title='bbox 680 2784 920 2817; x_wconf 86' lang='grc' dir='ltr'>πάντων-τοῦ</span> <span class='ocrx_word' id='word_1_350' title='bbox 938 2795 1008 2819; x_wconf 90' lang='lat' dir='ltr'>om.</span> <span class='ocrx_word' id='word_1_351' title='bbox 1029 2784 1106 2819; x_wconf 85' lang='lat' dir='ltr'><strong>Cat.</strong></span> <span class='ocrx_word' id='word_1_352' title='bbox 1125 2785 1232 2820; x_wconf 86' lang='lat' dir='ltr'><strong>Matr.</strong></span> <span class='ocrx_word' id='word_1_353' title='bbox 1377 2797 1433 2820; x_wconf 92' lang='lat'>20.</span> <span class='ocrx_word' id='word_1_354' title='bbox 1458 2787 1511 2819; x_wconf 84' lang='grc' dir='ltr'>καὶ</span> <span class='ocrx_word' id='word_1_355' title='bbox 1527 2785 1685 2830; x_wconf 78' lang='grc' dir='ltr'>βαρύνων</span> 
     </span>
     <span class='ocr_line' id='line_1_36' title="bbox 100 2827 1685 2885; baseline 0.001 -23"><span class='ocrx_word' id='word_1_356' title='bbox 100 2830 321 2885; x_wconf 81' lang='grc' dir='ltr'>-στιβαρῶς</span> <span class='ocrx_word' id='word_1_357' title='bbox 337 2839 407 2862; x_wconf 86' lang='grc'><strong>0111.</strong></span> <span class='ocrx_word' id='word_1_358' title='bbox 428 2827 505 2862; x_wconf 84' lang='lat' dir='ltr'><strong>Cat.</strong></span> <span class='ocrx_word' id='word_1_359' title='bbox 524 2828 633 2863; x_wconf 82' lang='lat' dir='ltr'><strong>Matr.</strong></span> <span class='ocrx_word' id='word_1_360' title='bbox 812 2841 867 2864; x_wconf 88' lang='lat'>22.</span> <span class='ocrx_word' id='word_1_361' title='bbox 891 2829 967 2875; x_wconf 91' lang='grc' dir='ltr'>μεν]</span> <span class='ocrx_word' id='word_1_362' title='bbox 992 2835 1028 2871; x_wconf 82' lang='grc' dir='ltr'>-Ι-</span> <span class='ocrx_word' id='word_1_363' title='bbox 1048 2832 1114 2876; x_wconf 85' lang='grc' dir='ltr'>γὰρ</span> <span class='ocrx_word' id='word_1_364' title='bbox 1134 2830 1211 2866; x_wconf 83' lang='lat' dir='ltr'><strong>Cat.</strong></span> <span class='ocrx_word' id='word_1_365' title='bbox 1229 2832 1335 2866; x_wconf 84' lang='lat' dir='ltr'><strong>Matr.</strong></span> <span class='ocrx_word' id='word_1_366' title='bbox 1504 2843 1559 2873; x_wconf 83' lang='lat'>24.</span> <span class='ocrx_word' id='word_1_367' title='bbox 1585 2846 1685 2865; x_wconf 85' lang='grc' dir='ltr'>κατα-</span> 
     </span>
     <span class='ocr_line' id='line_1_37' title="bbox 100 2873 1685 2923; baseline 0.001 -15"><span class='ocrx_word' id='word_1_368' title='bbox 100 2873 256 2919; x_wconf 84' lang='grc' dir='ltr'>βαρυνων</span> <span class='ocrx_word' id='word_1_369' title='bbox 272 2875 374 2908; x_wconf 81' lang='grc' dir='ltr'>αὐτοῦ</span> <span class='ocrx_word' id='word_1_370' title='bbox 391 2875 450 2908; x_wconf 88' lang='grc' dir='ltr'>τὸν</span> <span class='ocrx_word' id='word_1_371' title='bbox 467 2876 582 2909; x_wconf 87' lang='grc' dir='ltr'>κλοιόν</span> <span class='ocrx_word' id='word_1_372' title='bbox 598 2886 669 2909; x_wconf 92' lang='lat' dir='ltr'>om.</span> <span class='ocrx_word' id='word_1_373' title='bbox 689 2874 765 2910; x_wconf 87' lang='lat' dir='ltr'><strong>Cat.</strong></span> <span class='ocrx_word' id='word_1_374' title='bbox 784 2875 890 2910; x_wconf 81' lang='lat' dir='ltr'><strong>Matr.</strong></span> <span class='ocrx_word' id='word_1_375' title='bbox 988 2886 1044 2921; x_wconf 88' lang='lat'>25.</span> <span class='ocrx_word' id='word_1_376' title='bbox 1069 2878 1085 2910; x_wconf 84' lang='grc' dir='ltr'>ε’</span> <span class='ocrx_word' id='word_1_377' title='bbox 1087 2876 1257 2922; x_wconf 74' lang='grc' dir='ltr'>ξενηψαν]</span> <span class='ocrx_word' id='word_1_378' title='bbox 1278 2877 1467 2923; x_wconf 80' lang='grc' dir='ltr'>ἐγέρθησαν</span> <span class='ocrx_word' id='word_1_379' title='bbox 1485 2876 1562 2911; x_wconf 84' lang='lat' dir='ltr'><strong>Cat.</strong></span> <span class='ocrx_word' id='word_1_380' title='bbox 1578 2877 1685 2911; x_wconf 84' lang='lat' dir='ltr'><strong>Matr.</strong></span> 
     </span>
     <span class='ocr_line' id='line_1_38' title="bbox 103 2919 1686 2969; baseline 0.003 -16"><span class='ocrx_word' id='word_1_381' title='bbox 103 2930 160 2965; x_wconf 87' lang='lat'>27.</span> <span class='ocrx_word' id='word_1_382' title='bbox 185 2920 271 2954; x_wconf 85' lang='lat' dir='ltr'><strong>Nik.</strong></span> <span class='ocrx_word' id='word_1_383' title='bbox 290 2920 325 2954; x_wconf 91' lang='lat' dir='ltr'>in</span> <span class='ocrx_word' id='word_1_384' title='bbox 346 2919 382 2954; x_wconf 91' lang='lat' dir='ltr'>S.</span> <span class='ocrx_word' id='word_1_385' title='bbox 397 2920 484 2955; x_wconf 88' lang='lat' dir='ltr'><strong>Luc.</strong></span> <span class='ocrx_word' id='word_1_386' title='bbox 505 2921 608 2964; x_wconf 84' lang='lat' dir='ltr'>(Maii</span> <span class='ocrx_word' id='word_1_387' title='bbox 625 2934 659 2966; x_wconf 95' lang='lat' dir='ltr'>p.</span> <span class='ocrx_word' id='word_1_388' title='bbox 678 2922 761 2965; x_wconf 87' lang='lat'><strong>295)</strong></span> <span class='ocrx_word' id='word_1_389' title='bbox 780 2922 939 2957; x_wconf 83' lang='lat' dir='ltr'>scholion</span> <span class='ocrx_word' id='word_1_390' title='bbox 955 2924 1244 2967; x_wconf 76' lang='grc' dir='ltr'>Τοιοῦτος-μηδὲ</span> <span class='ocrx_word' id='word_1_391' title='bbox 1260 2924 1387 2969; x_wconf 85' lang='grc' dir='ltr'>πίωμεν</span> <span class='ocrx_word' id='word_1_392' title='bbox 1405 2923 1470 2958; x_wconf 89' lang='lat' dir='ltr'>sub</span> <span class='ocrx_word' id='word_1_393' title='bbox 1488 2924 1630 2958; x_wconf 79' lang='lat' dir='ltr'>nomine</span> <span class='ocrx_word' id='word_1_394' title='bbox 1649 2923 1686 2957; x_wconf 94' lang='lat' dir='ltr'>S.</span> 
     </span>
     <span class='ocr_line' id='line_1_39' title="bbox 102 2965 1279 3013; baseline 0.004 -14"><span class='ocrx_word' id='word_1_395' title='bbox 102 2966 220 3011; x_wconf 84' lang='lat' dir='ltr'>cyrilli</span> <span class='ocrx_word' id='word_1_396' title='bbox 240 2965 383 3001; x_wconf 85' lang='lat' dir='ltr'>homilia</span> <span class='ocrx_word' id='word_1_397' title='bbox 402 2966 542 3001; x_wconf 85' lang='lat' dir='ltr'>exhibet</span> <span class='ocrx_word' id='word_1_398' title='bbox 559 2966 620 3001; x_wconf 84' lang='lat' dir='ltr'>sed</span> <span class='ocrx_word' id='word_1_399' title='bbox 639 2967 676 3001; x_wconf 91' lang='lat' dir='ltr'>S.</span> <span class='ocrx_word' id='word_1_400' title='bbox 690 2967 862 3013; x_wconf 88' lang='lat' dir='ltr'>Cyrillum</span> <span class='ocrx_word' id='word_1_401' title='bbox 880 2975 1058 3004; x_wconf 85' lang='lat' dir='ltr'><strong>auctorem</strong></span> <span class='ocrx_word' id='word_1_402' title='bbox 1074 2980 1146 3004; x_wconf 90' lang='lat' dir='ltr'>non</span> <span class='ocrx_word' id='word_1_403' title='bbox 1163 2969 1279 3004; x_wconf 79' lang='lat' dir='ltr'><strong>habet.</strong></span> 
     </span>
    </p>
   </div>
  </div>
 </body>
</html>
