1981 3282
661 144 872 180 INDEX

112 157 326 181 HAERETICI

161 266 409 314 unionemque
451 266 639 314 quomodo
682 265 750 302 scit
789 265 873 312 Ipse

166 334 242 368 823
265 332 301 368 b.

107 395 210 431 Filiis
230 396 427 444 indulgent
448 401 572 444 patres
594 398 670 433 222
692 409 722 432 c.

106 460 313 508 Flagellum
351 461 607 497 venditoribus
648 461 683 496 in
719 461 872 497 aedibus

161 525 274 561 sacris
296 538 316 561 a
336 525 489 562 Christo
510 526 729 567 immissum,
751 539 873 575 poena

162 589 305 625 servilis
332 590 369 625 in
391 602 454 625 eos
475 590 537 638 qui
558 590 692 626 Filium
719 591 869 627 liberta-

162 660 238 690 tem
271 654 423 690 dantem
450 667 525 690 non
553 656 763 703 acceperint
797 658 870 693 139

163 731 184 755 a
223 719 278 755 vel
291 720 518 755 Judaeorum
533 720 744 767 rejectionis
759 726 871 769 typus

168 786 242 820 140
264 796 283 819 c
297 784 332 821 d.

109 848 343 884 Fluminibus
391 854 655 896 comparantur
696 850 870 899 Evange-

164 913 271 948 listae
292 918 629 961 praeceptoresque
651 917 728 950 470
750 927 783 951 a.

109 977 311 1019 Foeminis,
332 989 401 1013 nec
422 978 540 1013 solum
562 979 736 1014 masculis
756 979 871 1015 vitam

162 1042 292 1078 tribuit
313 1042 470 1079 Creator
495 1046 567 1080 193
590 1044 626 1080 b.

110 1107 242 1143 Fortes
276 1108 490 1156 strenuique
522 1108 567 1143 ad
599 1109 815 1156 patiendum
847 1110 872 1146 ii

165 1174 226 1219 qui
247 1172 388 1208 Christi
409 1178 494 1208 sunt
516 1175 591 1209 257
615 1173 648 1210 d.

114 1237 220 1285 Fuga
250 1237 449 1285 aliquando
488 1237 587 1273 utilis
619 1240 737 1274 2100
782 1244 819 1274 et
852 1252 871 1275 e

164 1303 344 1339 charitate
366 1305 454 1339 271.

474 1466 508 1501 G

113 1563 311 1599 GALILAEI
377 1562 546 1600 Judaeos
620 1563 872 1600 condemnant

168 1630 244 1665 203
266 1641 298 1664 a.

113 1692 300 1728 Gaudium
330 1693 532 1741 perfectum
565 1694 757 1730 Christum
791 1705 871 1729 esse

167 1757 288 1792 Deum
307 1770 536 1805 cognoscere
557 1760 633 1794 979
656 1758 691 1794 d.

113 1821 404 1858 Generationem
453 1822 657 1859 Salvatoris
696 1822 871 1858 Divinam

166 1886 351 1933 explicare
373 1886 410 1923 S.
433 1886 592 1923 Joannis
615 1890 636 1923 8
655 1900 686 1923 c.

113 1949 316 1986 Generatio
354 1951 437 1987 Filii
470 1953 637 1988 Aeterna
675 1965 720 1988 ex
761 1952 871 1988 Patre

170 2016 244 2051 169
275 2027 296 2050 a
316 2016 340 2051 b
398 2016 533 2064 duplex
567 2029 588 2052 a
622 2017 731 2053 Patre
764 2023 801 2053 et
834 2016 872 2052 in

166 2091 276 2115 carne
297 2082 373 2117 447
390 2080 413 2116 b
427 2093 446 2116 c
459 2081 494 2116 d.

113 2149 136 2163 “
155 2143 358 2180 Generatio
372 2144 394 2157 ''
417 2144 498 2181 Filii
514 2146 792 2182 subsistentiam
809 2159 874 2182 seu

166 2208 281 2244 vitam
300 2209 485 2257 significat
507 2212 583 2246 446
604 2223 637 2252 e,
660 2213 736 2247 447
758 2223 790 2246 a.

116 2273 295 2309 Genitum
338 2280 375 2310 et
418 2275 627 2323 ingenitum
659 2276 793 2312 collata
821 2276 871 2312 iii.

172 2342 261 2381 371,
283 2339 331 2376 cf.
355 2339 404 2377 iii.
429 2342 516 2376 367.

117 2401 251 2440 Gladio
270 2403 324 2439 uti
344 2416 417 2439 non
440 2404 618 2440 debemus
642 2407 743 2442 1016
764 2417 793 2442 c.

117 2466 278 2503 Gloriari
324 2481 400 2503 non
447 2469 595 2511 debent,
636 2470 697 2517 qui
735 2470 876 2506 Christi

169 2532 329 2581 vestigia
353 2533 456 2581 sequi
475 2534 603 2576 velint,
625 2534 778 2570 Christo
808 2535 875 2571 soli

169 2597 315 2644 placere
336 2598 530 2634 studentes
552 2601 629 2635 294
650 2599 684 2635 d.

122 2661 290 2698 Gloriam
307 2663 510 2699 humanam
525 2665 587 2712 qui
604 2672 795 2712 quaerant,
811 2666 836 2702 ii
856 2679 877 2702 a

171 2726 252 2762 Deo
272 2726 390 2776 gloria
409 2733 536 2763 carent
558 2730 633 2766 262
656 2742 675 2766 e
718 2731 874 2779 gloriam

171 2790 376 2826 humanam
394 2791 649 2841 honoremque
668 2807 743 2830 non
764 2808 874 2844 quae-

172 2855 329 2891 rendum
376 2856 441 2891 sed
487 2857 610 2904 potius
656 2858 877 2896 humilitatis

174 2920 348 2968 graviora
368 2922 443 2957 287
464 2921 499 2965 b,
521 2921 566 2957 cf.
585 2924 673 2959 344.

215 2994 309 3024 VOL.
333 2995 400 3022 ΙΙΙ.

930 145 960 179 R
979 144 1008 181 E
1024 144 1056 179 R
1071 144 1105 180 U
1120 144 1175 180 M.
1630 146 1705 181 633

944 264 1073 300 Gloria
1102 265 1222 300 inanis
1251 277 1326 300 non
1357 277 1503 312 semper
1528 269 1596 306 est,
1619 263 1707 311 quid

996 329 1044 364 sit
1065 329 1230 376 quisque,
1253 329 1440 365 declarare
1458 330 1549 364 489.

943 393 1072 429 Gloria
1111 394 1181 429 Dei
1220 394 1258 429 id
1297 394 1396 441 quod
1435 405 1589 441 peccare
1630 405 1705 428 non

996 463 1121 506 potest
1142 458 1183 494 M
1210 461 1242 494 3.

943 523 1184 559 Glorificatur
1204 523 1315 558 Pater
1334 522 1371 558 in
1396 523 1503 563 Filio,
1526 521 1639 557 Filius
1670 521 1706 555 in

996 590 1104 625 Patre
1127 591 1203 626 746
1225 589 1296 630 ab,
1320 590 1507 625 946-950
1557 587 1666 622 Pater
1686 599 1708 621 a

996 655 1087 690 Filio
1118 657 1194 691 957
1218 666 1249 699 a,
1282 656 1358 690 958
1389 653 1483 688 bcd
1541 650 1577 687 in
1612 651 1706 688 Filio

998 720 1072 755 961
1098 732 1132 754 a.

942 783 1206 819 Glorificantes
1235 783 1369 825 Deum,
1398 788 1436 818 et
1466 794 1535 818 uos
1566 781 1707 829 glorifi-

996 847 1096 883 cabit
1117 847 1183 883 Ille
1205 850 1281 884 746
1303 860 1335 888 c,
1359 849 1436 883 955
1458 859 1477 882 c
1494 846 1530 882 d.

940 912 1205 948 Glorificamus
1235 912 1357 948 Deum
1391 924 1467 947 non
1506 923 1574 946 nos
1606 910 1707 958 ipsos

995 977 1058 1025 qui
1077 977 1173 1013 bene
1193 977 1362 1013 vivamus
1384 978 1462 1013 955
1484 987 1514 1011 c.

941 1042 1077 1078 Graeci
1115 1042 1324 1086 veritatem,
1362 1043 1401 1076 τὸ
1447 1041 1591 1076 bonum
1639 1051 1707 1074 seu

990 1107 1134 1154 justum
1165 1118 1342 1154 quaerere
1372 1105 1549 1141 simulant
1576 1106 1652 1140 405
1674 1115 1705 1148 e,

997 1174 1073 1208 406
1096 1184 1127 1207 a.

942 1235 1175 1272 Graecorum
1204 1235 1404 1277 sententia,
1435 1247 1493 1270 res
1522 1234 1707 1270 humanas

994 1300 1097 1336 horis
1142 1312 1224 1336 esse
1272 1300 1471 1348 subjectas,
1512 1299 1706 1347 impietate

996 1365 1104 1413 plena
1119 1367 1195 1401 453
1222 1364 1417 1400 arbitrium
1432 1364 1590 1400 liberum
1604 1376 1706 1399 ever-

996 1429 1040 1465 tit
1062 1432 1139 1465 453
1162 1442 1193 1470 e,
1221 1432 1297 1465 454
1342 1428 1608 1465 absurdissima
1629 1430 1705 1464 455

997 1495 1205 1535 ‘ab-457,
1228 1496 1304 1530 458
1327 1494 1433 1529 bcd.

943 1559 1075 1595 Gratia
1108 1558 1248 1594 Divina
1279 1564 1316 1594 et
1347 1558 1543 1594 ineffabilis
1578 1557 1705 1593 Salva-

996 1623 1086 1659 toris
1121 1623 1244 1659 verbis
1286 1623 1475 1659 auditores
1514 1622 1705 1658 emulcens

1000 1690 1073 1725 132
1109 1701 1129 1724 e
1181 1688 1251 1723 Dei
1283 1688 1330 1723 ad
1367 1687 1560 1724 Christum
1593 1686 1708 1722 trahit

999 1756 1074 1789 345
1096 1753 1152 1788 bc
1191 1764 1267 1788 non
1287 1752 1323 1788 vi
1347 1754 1423 1789 246
1446 1752 1482 1787 b.

943 1817 1074 1853 Gratia
1095 1817 1216 1853 amitti
1235 1822 1361 1864 potest
1383 1819 1459 1853 789
1481 1817 1551 1852 ab„

943 1881 1157 1917 Gratiarum
1207 1882 1304 1917 actio
1360 1894 1404 1917 ea
1451 1893 1543 1929 quae
1594 1892 1708 1928 super

996 1958 1145 1982 mensas
1497 1945 1706 1981 sanctificat

999 2013 1075 2048 282
1095 2023 1127 2046 e.

944 2076 1087 2113 Graves
1125 2088 1184 2112 res
1222 2075 1281 2111 vel
1327 2075 1493 2111 animum
1542 2075 1708 2111 sobrium

999 2140 1198 2176 deturbare
1218 2144 1392 2187 potentes
1415 2142 1516 2176 1064
1539 2153 1570 2176 e.

1227 1951 1419 1993 ponuntur

1305 2300 1339 2335 H

945 2397 1209 2433 HAERETICUS
1245 2397 1381 2434 citatur
1408 2400 1484 2434 785
1507 2398 1542 2443 d,
1574 2400 1648 2435 788
1670 2397 1705 2439 b,

1001 2464 1075 2498 792
1098 2474 1130 2503 e,
1155 2464 1231 2499 794
1253 2475 1284 2508 e,
1311 2465 1386 2500 797
1408 2476 1440 2505 a,
1468 2465 1543 2500 798
1564 2463 1602 2505 b,
1628 2465 1704 2499 846

998 2526 1100 2568 cde,
1123 2529 1199 2563 848
1221 2527 1257 2572 d,
1281 2529 1357 2564 860
1379 2540 1398 2563 c
1415 2527 1448 2564 d.

944 2590 1133 2627 Haeretici
1155 2596 1286 2628 contra
1305 2591 1437 2627 Filium
1453 2591 1537 2634 Dei,
1551 2604 1594 2627 ea
1610 2602 1705 2638 quae

997 2655 1234 2703 perversitati
1253 2669 1340 2692 suae
1365 2656 1489 2693 favere
1510 2656 1705 2692 videantur

999 2720 1198 2769 diligenter
1263 2728 1548 2770 persequuntur,
1611 2733 1704 2768 quae

998 2790 1122 2821 autem
1171 2786 1253 2821 Filii
1294 2786 1394 2822 Patri
1440 2785 1704 2833 aequalitatem

999 2849 1204 2897 proferant,
1226 2862 1269 2886 ea
1290 2850 1436 2886 silentio
1457 2862 1595 2898 magno
1616 2862 1704 2886 con-

999 2914 1092 2950 dunt
1113 2917 1161 2951 47
1184 2915 1218 2950 d.

877 2999 957 3037 4M
