2012 3272
98 145 165 171 xx.
188 143 337 188 22‚23·
399 133 473 174 IN
516 135 558 174 S.
588 133 927 175 JOANNEM.
979 133 1106 173 LIB.
1130 132 1235 173 XII.
1287 132 1420 172 CAP.
1445 132 1480 171 Ι.
1600 130 1681 170 137

99 238 264 307 ὥσπερ
302 243 384 293 οὖν
422 243 569 294 καίτοι
607 241 727 293 κατὰ
766 240 952 309 καιροὺς
986 243 1127 295 ἰδίους
1165 240 1225 292 τὰ
1263 246 1453 292 τοιαῦτα
1491 237 1685 306 δράσειν

102 324 475 391 ὑπισχνούμενος
501 325 712 391 καθάπερ
738 324 865 378 τινὰς
903 325 1185 391 ἀῤῥαβῶνας
1219 329 1302 374 τοῦ
1340 321 1459 374 κατὰ
1493 321 1686 374 πάντων

101 406 299 457 ε”σεσθαι
347 406 743 472 προσδοκωμένου
795 409 870 458 καὶ
921 404 1234 472 γενικωτάτου
1281 404 1577 472 πράγματος,
1626 401 1686 453 τὰ

103 487 222 538 κατὰ
258 489 397 555 μέρος
435 489 669 556 εἰργάζετο
708 491 782 540 καὶ
820 488 914 555 πρὸ
953 494 1114 555 καιροῦ
1149 493 1232 539 τοῦ
1267 488 1467 549 δέοντος,
1496 486 1572 537 ἵνα
1611 487 1685 536 καὶ
1701 498 1909 536 a1099A.

59 570 443 624 5ἀνενδοιάστως
492 571 788 635 πιστεύηται·
851 571 972 623 κατὰ
1019 570 1102 621 τὸν
1146 568 1289 621 αὐτὸν
1333 568 1459 632 οἶμαι
1510 567 1688 634 τρόπον

103 653 311 721 πέμψειν
335 658 396 707 εἷς
422 654 543 717 ἡμᾶς
568 653 651 704 τὸν
679 652 999 720 Παράκλητον
1025 652 1181 716 εἰπὼν,
1208 651 1322 703 ὅταν
1349 650 1536 717 ἀπέλθῃ
1571 648 1690 715 πρὸς

102 733 186 785 τὸν
220 736 425 801 Πατέρα,
468 738 543 786 καὶ
583 735 742 801 καιρὸν
780 740 839 803 τῇ
881 735 1001 786 κατὰ
1040 735 1233 786 ποίντων
1272 736 1348 785 καὶ
1393 735 1466 784 ἐπὶ
1510 731 1692 784 πάντας

103 816 258 884 χάριτι
295 823 462 868 τοῦτον
489 818 826 884 διορισάμενος,
855 816 1074 885 ἀπαρχὴν
1101 815 1264 883 ὥσπερ
1290 816 1394 867 τινὰ
1430 818 1512 878 τῆς
1544 816 1693 879 ἐπαγ-

105 899 265 963 γελίας
299 900 347 950 ἐν
371 904 466 954 τοῖς
501 904 732 965 μαθηταῖς
767 900 1016 967 εἰργάζετο,
1045 898 1121 949 διὰ
1154 896 1345 951 πολλὰς
1380 896 1606 962 εὐλόγους
1644 919 1693 946 τε

36 1004 84 1029 10
106 982 180 1031 καὶ
207 982 462 1047 ἀναγκαίας
490 980 710 1051 ἀφορμὰς
736 980 790 1036 ἃς
818 982 1117 1048 προείπομεν.

180 1064 368 1115 Οὐκοῦν
394 1064 609 1132 δέχονται
643 1063 729 1128 μὲν
760 1063 846 1129 τὴν
872 1069 955 1115 τοῦ
980 1064 1149 1129 εΑγίου
1178 1062 1456 1126 Πνεύματος
1486 1061 1693 1130 μέθεξιν,

105 1145 182 1196 ὅτε
209 1148 284 1196 καὶ
311 1150 561 1216 ἐνεφύσησεν
584 1150 730 1202 αὐτοῖς
758 1147 914 1213 λέγων
940 1147 1124 1206 Λάβετε
1154 1143 1527 1213 Πνεῧμοι”Ἀγιον·
1590 1142 1695 1194 οὐδὲ
1712 1151 1739 1192 b

104 1227 199 1294 γὰρ
242 1226 301 1292 ἧν
340 1229 699 1297 διαψεύσασθαι
743 1228 944 1295 λέγοντα
982 1229 1064 1279 τὸν
1099 1226 1331 1295 Χριστὸν,
1367 1228 1467 1278 οὐδ’
1510 1227 1566 1278 ἂν
1605 1227 1696 1294 ἔφη

108 1311 304 1374 Λάβετε,
330 1310 395 1375 μὴ
423 1310 593 1366 διδούς·
636 1313 684 1362 ἐν
713 1310 761 1362 δὲ
787 1315 887 1364 ταῖς
920 1311 1108 1377 ἡμέραις
1148 1313 1231 1374 τῆς
1265 1310 1402 1376 ἁγίας
1432 1332 1698 1375 πεντηκοσ-

38 1408 85 1447 ¹5
107 1395 190 1456 τῆς
224 1393 580 1461 ἐμφανεστεραν
604 1396 687 1457 τῆς
717 1393 908 1461 χάριτος
934 1392 1019 1457 τὴν
1046 1391 1307 1460 ἀνάρῥησιν
1333 1393 1408 1442 καὶ
1444 1391 1529 1456 τὴν
1556 1390 1699 1459 φανέ-

106 1497 258 1540 ρωσιν
293 1480 376 1525 τοῦ
414 1475 751 1529 ἐνοικισθέντος
788 1476 945 1529 αὐτοῖς
970 1476 1139 1539 Ἀγίου
1176 1473 1455 1537 Πνεύματος
1492 1473 1699 1527 τιθέντος

109 1560 249 1619 Θεοῦ,
276 1555 513 1625 ὤφθησαν
539 1561 586 1608 αἱ
617 1562 848 1623 γλῶσσαι
884 1557 959 1608 διὰ
993 1557 1154 1623 πυρὸς,
1181 1557 1264 1607 οὐκ
1291 1555 1442 1623 ἀρχὴν
1468 1557 1516 1606 ἐν
1543 1557 1698 1608 αὐτοῖς

105 1640 188 1702 τῆς
224 1641 398 1705 δωρεᾶς
435 1640 770 1703 σημαίνουσαι,
798 1643 860 1693 εἷς
896 1638 1047 1706 ἀρχὴν
1075 1638 1124 1689 δὲ
1155 1643 1346 1702 μᾶλλον
1372 1637 1698 1706 ἀναφέρουσαι

105 1726 189 1771 τοῦ
228 1721 389 1785 λόγου.
461 1722 722 1788 γέγραπται
761 1727 877 1787 γοῦν
917 1720 987 1772 ὅτι
1024 1728 1051 1751 “
1071 1720 1278 1789 ἤρξαντο
1319 1725 1485 1770 λαλεῖν
1523 1719 1698 1786 ἑτέραις
1760 1723 1925 1809 ssssbaiisi‘.

107 1809 134 1831 ‘⁶
161 1802 418 1868 γλώσσαις
457 1803 611 1857 καθὼς
651 1804 705 1855 τὸ
747 1807 944 1866 Πνεῦμα
984 1804 1135 1854 ἐδίδου
1175 1803 1570 1871 ἀποφθέγγεσθαι
1610 1803 1694 1853 αὑ-

108 1891 136 1914 “
161 1885 298 1938 τοῖς.”
341 1884 520 1939 ἀκούεις
559 1885 686 1940 ὅπως
725 1885 932 1955 ἤρξαντο
970 1890 1152 1948 λαλεῖν,
1192 1886 1245 1936 οὐ
1284 1890 1366 1935 τοῦ
1406 1882 1697 1951 ἀγιάζεσθαι,
1719 1908 1742 1936 o

107 1967 185 2017 καὶ
224 1966 295 2017 ὅτι
333 1972 582 2031 γλωσσῶν
621 1967 817 2031 διανομὴ
857 1968 1264 2036 καταπεφοίτηκεν
1302 1966 1371 2018 ἐπ’
1406 1965 1586 2028 αὐτοὺς,
1618 1972 1702 2017 τοῦ

107 2049 156 2098 ἐν
188 2049 342 2102 αὐτοῖς
382 2048 516 2102 ὄντος
551 2050 826 2112 Πνεύματος
865 2052 1164 2116 ἐνεργοῦντος
1204 2051 1280 2100 καὶ
1320 2054 1494 2110 τοῦτο;
1539 2045 1704 2114 ὥσπερ

109 2129 203 2197 γὰρ
230 2130 288 2199 ἐξ
311 2131 511 2197 οὐρανοῦ
541 2132 821 2200 πεφώνηκεν
847 2133 873 2182 ὁ
901 2130 1072 2197 Πατὴρ
1100 2129 1484 2197 ἐπιμαρτυρήσας
1510 2134 1577 2180 τῶ
1604 2130 1703 2198 ιδίῳ

41 2239 90 2278 25
111 2212 368 2278 γεννήματι
394 2236 470 2264 και
505 2212 661 2279 λέγων
689 2221 716 2243 “
738 2211 894 2267 Οὗτός
926 2215 1058 2264 ἐστιν
1083 2214 1108 2263 ὁ
1134 2213 1249 2266 Υιός
1281 2235 1372 2276 μου
1404 2213 1429 2262 ὁ
1461 2211 1704 2278 ἀγαπητος
1764 2220 1928 2305 iSiiMIaJth.

111 2292 273 2345 “ἐν
239 2300 276 2364 ᾡ
306 2293 590 2393 ηὑδόκησα,”
619 2298 695 2345 καὶ
723 2294 913 2360 δεδρακε
939 2316 1078 2345 τουτο
1103 2293 1221 2360 πρὸς
1247 2294 1583 2391 πληροφορίαν
1610 2297 1704 2344 τῶν
1766 2309 1844 2339 xvii
1859 2317 1887 2348 5.

111 2377 434 2443 ἀκροωμένων,
462 2375 715 2443 ὀργανικὴν
742 2375 908 2443 ὥσπερ
934 2376 1038 2427 τινὰ
1073 2378 1150 2427 καὶ
1185 2381 1281 2429 τοῖς
1317 2376 1553 2442 ἡμετεροις
1586 2377 1706 2426 ὠσιν

111 2457 444 2520 ἐμπίπτουσαν
485 2458 784 2528 καταῤῥήξας
835 2459 1013 2527 φωνὴν,
1055 2457 1159 2522 ἤτοι
1209 2457 1431 2523 γενέσθαι
1475 2456 1702 2522 ποιήσας,

112 2542 234 2591 οὕτω
260 2542 336 2591 καὶ
360 2541 434 2591 ἐπὶ
466 2545 560 2591 τῶν
587 2541 735 2606 ἁγίων
760 2539 1052 2592 ἀποστόλων
1077 2540 1436 2607 ἐμφανεστέραν
1461 2540 1598 2591 ἐτίθει
1623 2542 1706 2603 τῆς
1725 2549 1752 2589 d

45 2643 95 2680 30
112 2621 304 2690 χάριτος
341 2621 428 2686 τὴν
460 2622 708 2691 ἀνάδειξιν,
740 2623 789 2673 ἐν
823 2623 929 2673 ε’ίδει
967 2621 1115 2689 πυρὸς
1153 2621 1238 2676 τὰς
1275 2622 1514 2688 γλώσσας
1553 2623 1709 2676 αὐτοῖς

111 2705 321 2773 ἐπαφεὶς,
357 2706 433 2755 καὶ
469 2707 552 2768 τῆς
591 2711 619 2734 “
641 2704 902 2773 φερομένης
939 2706 1096 2767 βιαίας
1133 2705 1312 2769 πνοῆς”
1346 2703 1429 2755 τὸν
1467 2703 1585 2772 ἦχον
1623 2703 1710 2767 τὴν
1770 2699 1935 2786 {ga-15}

167 2900 221 2938 17.
247 2892 302 2927 διὰ
320 2893 433 2939 Empe.
453 2894 536 2929 ὧσει
555 2894 622 2930 Ed.
736 2905 792 2929 20.
818 2894 933 2930 αὐτοις
949 2894 1016 2929 ἄπο
1019 2894 1112 2940 φθέγ
1139 2894 1238 2929 εσθαι
1257 2906 1288 2929 a.
1402 2905 1458 2928 21.
1484 2891 1646 2938 ἤρξαντο]
1671 2896 1708 2933 -ff-

117 2940 178 2972 τοῦ
196 2951 227 2973 a.
373 2952 429 2985 29.
455 2943 526 2977 τοῖς
543 2941 652 2986 ἁγίοις
669 2941 880 2977 ἀποστόλοις
896 2953 931 2986 p.
1006 2909 1137 2986 ἐτίθειῖ
1146 2941 1331 2985 ἐδείχθηΕ

179 3005 269 3034 VOL.
293 3007 359 3034 ΙΙΙ.
907 3009 930 3035 T
