1986 3282
92 148 175 189 xix.
197 150 234 199 8,
254 162 290 204 9.
454 148 529 189 IN
571 148 613 190 S.
649 147 990 190 JOANNEM.
1053 148 1180 190 LIB.
1213 148 1318 190 XII.
1628 151 1683 190 69

91 258 217 328 αὐτῷ
254 260 330 309 καὶ
365 257 424 310 τὰ
458 261 540 323 τῆς
567 257 786 323 θεότητος
812 258 928 324 ἔργα
955 260 1031 309 καὶ
1058 256 1144 322 τὴν
1170 260 1245 310 ἐπὶ
1271 262 1367 312 τοῖς
1393 257 1684 327 παραδόξοις

91 345 421 392 καταιτιᾶσθαι
458 341 823 407 μεγαλουργίαν·
872 339 961 391 ἔδει
1001 341 1098 403 μετ’
1142 342 1286 391 ἐκεῖνο
1324 345 1459 403 βοᾶν,
1500 339 1570 392 ὅτι
1609 363 1683 392 τε-

91 422 321 489 θρήμερος
359 422 445 486 μὲν
476 424 648 485 ἀνεβίω
685 421 845 490 νεκρὸς
883 421 960 473 διὰ
996 427 1105 486 μιᾶς
1143 428 1226 473 τοῦ
1266 425 1487 489 Σωτῆρος
1522 426 1682 492 φωνῆς
1698 426 1726 466 b
1745 412 1856 496 31⁰¹&

89 505 482 573 παλινδρομήσας
509 508 571 559 εἰς
599 504 736 571 ζωήν·
798 505 886 556 ε”δει
912 508 1212 571 παρενεγκεῖν
1237 503 1320 556 τὸν
1345 508 1574 571 μονογενῆ
1602 508 1685 570 τῆς

47 602 70 642 5
90 587 238 655 χήρας
263 587 374 651 υἱὸν,
401 589 478 639 καὶ
515 593 598 639 τοῦ
637 585 1035 655 ἀρχισυναγώγου
1073 585 1126 637 τὸ
1153 585 1327 653 κόριον·
1371 587 1461 638 ε”δει
1499 590 1575 638 καὶ
1601 591 1684 652 τῆς

91 670 504 736 θεοπρεπεστάτης
545 670 717 735 ἐκείνης
762 671 1111 733 διαμεμνῆσθαι
1156 672 1332 737 φωνῆς,
1374 671 1449 721 ἐπὶ
1492 670 1578 734 μὲν
1619 673 1685 740 τῷ

90 754 174 815 τῆς
211 751 359 819 χήρας
400 754 481 822 υἱῲ
520 759 546 781 “
569 753 821 814 Νεανίσκε,
849 754 930 802 σοὶ
968 752 1111 817 λε’γω,
1139 750 1393 817 ἐγε’ρθητι,”
1439 754 1512 804 ἐπὶ
1539 752 1587 803 δὲ
1618 755 1684 822 τῷ
1745 760 1871 834 §5310-

91 835 232 904 κορίῳ
272 834 384 885 “‘H
423 839 533 888 παῖς
572 835 786 901 ε”γειραυ”
833 836 976 902 ἐχρῆν
1002 835 1075 885 ἐπὶ
1114 833 1294 887 τούτοις
1329 833 1584 898 διδάσκειν,
1614 837 1685 886 ὅτι
1744 814 1874 886 Ιι).’νῑῑ4ῑ’.

90 920 291 985 τυφλοῖς
327 915 412 979 μὲν
438 915 492 968 τὸ
518 917 729 979 βλέπειν,
755 921 947 983 λεπροῖς
973 914 1020 967 δὲ
1043 914 1128 980 τὴν
1154 914 1388 982 κάθαρσιν
1414 917 1683 984 ἐχαρίσατο,
1747 908 1798 939 54-

23 1024 72 1050 10
91 1000 166 1050 καὶ
192 999 312 1065 πρὸς
337 998 530 1062 τούτοις,
557 998 628 1051 ὅτι
653 1002 739 1067 μιᾷ
772 996 1116 1064 κατεστόρεσεν
1142 999 1316 1065 ἀπειλῇ
1342 1000 1418 1049 καὶ
1444 999 1684 1064 θαλάττης

90 1083 257 1148 ἀγριάς
295 1081 481 1145 κίνησιν
506 1085 582 1133 καὶ
620 1080 900 1145 πνευμάτων
934 1080 1174 1147 ῥαγδαίων
1209 1080 1500 1149 καταφορὰν,
1537 1082 1613 1132 καὶ
1648 1081 1691 1132 εἴ

90 1185 136 1214 τι
173 1163 291 1226 πρὸς
324 1163 506 1217 τούτοις
540 1163 789 1230 εἴργασται
822 1161 1050 1230 Χριστός.
1105 1163 1215 1213 ἀλλ’
1257 1163 1405 1213 ἐκεῖνα
1442 1160 1527 1226 μὲν
1566 1164 1685 1231 ἀχα-

90 1246 270 1311 ρίστοις
314 1246 704 1314 καταχωννύουσι
747 1250 964 1308 σιωπαΐς,
1010 1247 1086 1296 καὶ
1131 1243 1190 1296 τὰ
1236 1246 1291 1296 δι’
1335 1242 1401 1295 ὧν
1442 1245 1499 1310 ῆν
1542 1246 1722 1297 αὐτὸνΟ

92 1329 295 1395 ὁρᾶσθαι
339 1327 463 1379 Θεὸν
503 1327 727 1395 παρέντες
772 1326 1052 1393 δυστρόπως
1101 1327 1176 1379 ἐπὶ
1220 1326 1390 1390 μόνους
1436 1328 1685 1395 βαδίζουσι

23 1428 72 1468 15
92 1411 505 1477 παραλογισμούς·
558 1411 691 1477 ἀνδρὶ
718 1408 768 1460 δὲ
794 1411 1048 1475 ἀλλογενεῖ
1081 1411 1158 1460 καὶ
1183 1408 1269 1473 τὴν
1295 1409 1424 1460 θείαν
1451 1408 1575 1464 ὅλως
1601 1411 1686 1461 οὐκ

91 1493 231 1544 εἰδότι
265 1491 473 1562 γραφὴν,
511 1492 761 1559 ἄνθρωπον
789 1493 958 1557 ὁρῶντι
991 1489 1074 1542 τὸν
1099 1491 1306 1555 Ἰησοῦν,
1344 1493 1605 1552 ἐπιβοῶσιν
1643 1497 1685 1544 οἱ

91 1575 285 1626 δείλαιοι
329 1573 421 1626 ’Υἱόν
463 1576 574 1626 Θεοῦ
622 1574 770 1626 {aurbu
812 1575 1000 1636 ἐποίησε,
1045 1574 1195 1625 καίτοι
1239 1576 1322 1637 τῆς
1367 1573 1685 1626 θεοπνεύστου

90 1659 280 1726 γραφῆς
311 1658 359 1707 ἐν
384 1656 657 1726 ἀνθρωπείῳ
684 1655 897 1723 σχήματι
933 1654 1016 1707 τὸν
1040 1661 1123 1706 τοῦ
1152 1659 1278 1706 Θεοῦ
1306 1654 1468 1720 Λόγον
1495 1658 1680 1725 ἐπιφοι-

91 1738 254 1804 τήσειν
279 1737 395 1790 ποτὲ
420 1742 486 1808 τῷ
513 1737 682 1808 κόσμῳ
707 1737 916 1802 βοώσης·
966 1745 993 1767 “
1014 1736 1136 1789 Ἰδοὺ
1171 1737 1279 1804 γὰρ,
1307 1738 1472 1806 φησὶν,
1499 1739 1527 1803 ἡ
1555 1762 1679 1805 παρ-
1746 1761 1910 1793 SMatth.

24 1844 75 1869 20
93 1828 121 1851 ‘⁶
146 1821 276 1875 θένος
314 1821 361 1872 ἐν
399 1823 576 1887 γαστρὶ
614 1821 706 1889 ἕξει
742 1821 817 1871 καὶ
853 1819 1033 1889 τέξεται
1073 1818 1183 1882 υἱὸν,
1216 1822 1291 1871 καὶ
1331 1821 1595 1872 καλέσουσι
1629 1820 1683 1872 τὸ
1746 1814 1896 1880 ἓξῖζηῗλ

1748 1902 1800 1932 14.

93 1911 122 1934 ‘⁶
147 1903 295 1968 ὄνομα
333 1903 476 1953 αὐτοῦ
512 1900 838 1966 Ἐμμανουὴλ,
871 1901 896 1953 ὅ
929 1904 1032 1953 ἐστι
1066 1902 1524 1968 μεθερμηνευόμενον
1553 1903 1681 1954 Μεθ’

93 1992 121 2015 “
146 1986 279 2050 ἡμῶν
318 1986 343 2035 ὁ
372 1985 535 2039 Θεός.”
581 1983 636 2036 τὸ
672 1983 720 2036 δὲ
759 1986 809 2035 ἐκ
846 1984 1081 2050 παρθένου
1119 1983 1304 2052 τεχθὲν,
1347 1985 1396 2035 τί
1429 1983 1488 2036 ἀν
1526 1985 1685 2052 ἕτερον

92 2068 159 2132 εἴη
186 2066 355 2119 λοιπὸν
381 2065 408 2132 ἢ
433 2066 680 2132 ἄνθρωπος
707 2065 816 2118 καθ’
844 2066 980 2130 ἡμᾶς,
1008 2065 1127 2117 ὅσον
1153 2070 1213 2120 εἷς
1241 2065 1326 2130 τὴν
1350 2072 1434 2117 τοῦ
1461 2067 1684 2131 σώματος
1705 2074 1729 2115 d

92 2150 209 2218 ὄψιν
241 2172 289 2200 τε
329 2150 404 2200 καὶ
443 2149 627 2217 φύσιν;
672 2147 730 2211 ἧν
763 2148 856 2214 γὰρ
890 2147 1008 2213 μετὰ
1046 2153 1130 2199 τοῦ
1169 2146 1282 2199 εἶναι
1321 2148 1570 2215 ἄνθρωπος
1609 2152 1684 2200 καὶ

25 2247 74 2286 25
95 2231 216 2286 Θεὸς
249 2234 455 2296 ἀληθῶς.

84 2381 192 2424 ’Ότε
230 2379 303 2423 οὖν
339 2381 520 2423 ἄκουσεν
550 2381 573 2425 ὃ
604 2381 791 2422 Πιλάτοο
829 2382 977 2421 τοῦτον
1008 2380 1082 2422 τὸν
1113 2380 1253 2431 λόΓον,
1280 2382 1447 2429 μᾶλλον
1473 2381 1683 2437 ἐφοβήθΗ,
1706 2389 1727 2424 8

162 2464 231 2505 καὶ
269 2463 464 2506 εἰσῆλθεν
502 2462 562 2505 e'tc
604 2464 652 2506 τὸ
692 2463 958 2520 Πραιτώριον
996 2464 1140 2515 Πάλιν,
1180 2463 1248 2504 καὶ
1292 2464 1405 2511 λὲΓει
1447 2468 1509 2518 τῷ
1540 2464 1683 2507 ἸΗσοῦ
1707 2477 1729 2512 9

159 2548 297 2590 Πόθεν
336 2543 375 2588 εἶ
411 2550 484 2600 σύ;
534 2547 557 2590 ὁ
595 2546 641 2589 δὲ
673 2547 842 2589 ἸΗσοῡο
880 2547 1107 2605 ἀπόκρισιν
1146 2547 1223 2588 οὐκ
1260 2546 1424 2588 ἔδωκεν
1463 2547 1593 2602 αὐτῷ.

168 2661 505 2729 Περιτρέπεται
537 2666 634 2715 τοῖς
658 2660 900 2716 Ἰουδαίοις
928 2660 982 2713 τὸ
1009 2661 1318 2727 κακούργημα
1343 2659 1463 2727 πρὸς
1489 2659 1543 2711 τὸ
1570 2659 1683 2726 παρ’

24 2763 76 2799 30
94 2745 277 2796 ἐλπίδα.
337 2747 380 2795 οἱ
405 2743 491 2808 μὲν
515 2742 609 2811 γὰρ
643 2747 706 2797 εἷς
743 2745 867 2812 ὕψος
901 2742 988 2808 τὴν
1013 2748 1097 2795 τοῦ
1131 2741 1430 2808 ἐγκλήματος
1467 2741 1684 2808 αἴρουσιν

145 2872 175 2896 Ι.
201 2861 302 2896 αὐτὸν
320 2862 363 2896 Ε.
611 2872 644 2896 2.
670 2861 802 2897 ἐκείνων
821 2862 863 2897 Ε.
1119 2873 1172 2895 10.
1199 2861 1447 2904 κατεστόρεσεν
1466 2858 1503 2892 F.
1524 2857 1591 2892 Ed.
1608 2868 1681 2902 mg.

96 2909 345 2953 κατεστόρησεν
362 2907 405 2942 Ε.
423 2907 676 2953 κατεστὴρησεν
694 2908 762 2943 Ed.
1137 2918 1261 2942 10-12.
1288 2907 1342 2941 καὶ
1359 2905 1530 2949 alu-peut
1546 2915 1617 2938 om.
1637 2903 1679 2937 E.

97 2965 153 3000 23.
179 2954 280 3000 ὅσον]
305 2959 342 2995 -1-
362 2952 381 2997 ἧ
401 2955 443 2989 Ε.
