2017 3252
90 664 101 684 1
118 653 150 684 S.
163 654 236 685 Pess.
255 653 289 683 ii.

87 706 138 727 22.

97 2252 129 2283 S.
142 2253 239 2283 Joan.
255 2251 289 2282 ii.

101 2304 150 2337 19.

307 124 392 163 488
606 124 654 163 B.
688 122 936 163 CYRILLI
978 122 1323 163 ALEXANDR.
1364 122 1586 162 FRAGM.

305 239 426 301 ἡμᾶς
452 236 573 289 οἶδεν
599 238 737 292 ὄντας
763 239 941 304 σαρκὸς
968 240 1043 288 καὶ
1079 238 1303 300 αἵματοςς
1342 235 1432 304 ἆρα
1458 237 1722 300 πνεύμασιν
1749 237 1882 286 ἀσω-

306 320 472 382 μάτοις
502 320 561 371 τὰ
595 319 748 370 τοιάδε
780 323 1084 385 προσλαλεῖ;
1130 319 1277 370 καίτοι
1301 324 1400 372 πῶς
1427 320 1480 369 οὐ
1514 319 1753 384 τερθρείαν
1782 323 1888 367 τοῦ-

305 400 360 452 τό
385 424 439 466 γε
467 406 585 452 νοεῖν
611 401 639 465 ἢ
667 401 886 469 φράσαις
927 402 1091 451 οὐκοῦν
1118 401 1189 468 ἐφ’
1217 400 1348 463 ἡμῶν
1374 399 1458 463 μὲν
1484 399 1642 465 σάρκα
1675 401 1797 467 φησὶ
1829 396 1889 448 τὰ

304 485 388 544 τῆς
412 483 591 548 σαρκὸς
616 481 789 533 ε”κτοπά
819 505 869 532 τε
895 484 971 533 καὶ
997 483 1079 532 οὐκ
1106 483 1431 545 ἀνεπίπληκτα
1456 480 1601 545 πάθη·
1656 482 1729 530 ἐπὶ
1756 479 1810 529 δέ
1835 502 1888 543 γε

305 571 388 616 τοῦ
424 564 615 615 πάντων
642 565 774 628 ἡμῶν
801 567 1021 629 Σωτῆρος
1047 567 1276 629 Χριστοῦ,
1304 563 1547 628 πανοίγνου
1570 584 1619 612 τε
1650 560 1783 613 ὄντος
1814 562 1889 611 καὶ
1910 572 1933 610 5

306 646 360 697 τὸ
397 649 696 710 πλημμελεῖν
722 647 804 696 οὐκ
842 644 1033 699 εἰδότος·
1086 653 1111 675 “
1130 646 1205 695 Οὐ
1236 644 1329 711 γὰρ
1360 645 1578 708 ἐποίησεν
1610 643 1886 707 ἁμαρτίαν·”

307 727 623 794 ἑτεροτρόπως
665 726 722 778 ἂν
761 727 814 778 τό
858 727 997 778 Κατὰ
1038 726 1196 793 σάρκα
1238 731 1447 778 νοεῖσθαι
1484 726 1662 791 πρέπει,
1702 724 1755 774 οὐ
1797 723 1890 789 γάρ

307 812 438 861 ἐστιν
463 812 510 860 ἐν
536 810 796 862 ἀσθενείαις
823 809 888 859 ἔτι
916 813 1174 875 σαρκικαῖς.

1056 954 1138 1014 ιβ’.

381 1063 678 1127 Νενήστευκε
719 1068 834 1127 γοῦν
873 1065 947 1113 καὶ
988 1062 1203 1112 ἐπείνασε
1245 1063 1319 1112 καὶ
1359 1061 1583 1124 κε’κμηκεν
1621 1061 1670 1110 ἐκ
1708 1063 1890 1124 μακρᾶς
1916 1084 1962 1108 10

307 1145 585 1210 ὁδοιπορίας,
615 1145 681 1195 ἔτι
713 1167 762 1195 τε
800 1142 918 1209 πρὸς
949 1144 1128 1196 τούτοις
1167 1143 1448 1208 ἐσταυρώθη
1470 1164 1520 1192 τε
1553 1142 1628 1192 καὶ
1666 1141 1885 1191 ἀπέθανε·

307 1225 569 1277 συνδέδωκε
609 1225 657 1276 δὲ
695 1231 841 1276 ταῦτα
876 1229 1041 1276 παθεῖν
1068 1224 1208 1275 αὑτὸν
1235 1226 1287 1275 οὐ
1315 1224 1458 1292 φύσει
1497 1222 1727 1287 θεότητος·
1772 1222 1892 1287 περα

307 1306 401 1372 γὰρ
428 1313 511 1358 τοῦ
544 1311 710 1358 παθεῖν
739 1307 764 1371 ἡ
792 1307 891 1358 θεία
917 1329 967 1357 τε
994 1308 1068 1357 καὶ
1100 1306 1334 1372 ὑπερτάτη
1364 1305 1510 1372 φύσις
1548 1309 1729 1354 νοεῖται·
1780 1303 1889 1354 ἀλλ’

309 1390 401 1457 ἰδίᾳ
425 1394 615 1452 μᾶλλον
641 1389 801 1456 σαρκί·
855 1388 1012 1452 ἐπειδὴ
1040 1387 1088 1438 δὲ
1116 1388 1284 1448 ἀνεβίω
1310 1386 1532 1451 πατήσας
1557 1385 1640 1436 τὸν
1667 1384 1889 1446 θάνατον,

309 1471 715 1538 ἀναστοιχειώσας
767 1493 817 1521 τε
860 1469 946 1534 τὴν
997 1469 1247 1535 ἀνθρώπου
1297 1469 1446 1536 φύσιν
1489 1470 1538 1518 ἐν
1578 1470 1725 1536 ἑαυτῷ
1776 1465 1894 1530 πρὸς
1916 1483 1964 1521 15

310 1553 586 1621 ἀφθαρσίαν
613 1554 688 1603 καὶ
723 1552 857 1617 ζωὴν,
884 1554 958 1602 καὶ
994 1554 1219 1617 σαρκικῆς
1251 1551 1495 1604 ἀσθενείας
1526 1549 1728 1600 εἷσάπαν
1753 1549 1891 1612 ἠμοι-

311 1632 463 1700 ρηκὼς
499 1635 661 1700 ὁρᾶται
695 1632 877 1685 λοιπόν·
931 1633 1149 1697 ταύτητοι
1176 1634 1252 1683 καὶ
1278 1632 1409 1695 μάλα
1435 1631 1567 1694 εἰκὸς,
1594 1630 1742 1681 οὐκέτι
1776 1628 1895 1681 κατὰ

312 1714 469 1782 σάρκα
514 1715 840 1780 γινώσκεσθαί
880 1720 1032 1784 φησιν
1077 1714 1232 1775 αὐτὸν,
1276 1712 1518 1765 τουτέστιν
1560 1714 1608 1763 ἐν
1650 1716 1895 1778 σαρκικαῖς

313 1798 584 1859 ἀσθενείαις,
613 1799 637 1848 ὁ
664 1802 758 1848 τῶν
785 1798 926 1848 αὐτοῦ
952 1798 1228 1863 μυστηρίων
1255 1795 1504 1863 ἱερουργός.

1067 1968 1144 2034 ιγ’.
1920 1979 1969 2003 ²0

393 2073 692 2138 Γευσάμενος
743 2074 792 2126 δὲ
852 2081 935 2127 τοῦ
988 2074 1193 2126 θανάτου
1255 2076 1398 2142 σαρκὶ
1455 2076 1508 2125 δι’
1568 2074 1704 2138 ἡμᾶς,
1754 2073 1898 2138 ἀνέβη

318 2156 464 2209 πάλιν
502 2157 788 2221 ἐνσώματος,
828 2160 901 2208 καὶ
939 2163 1056 2224 γοῦν
1095 2157 1206 2207 αὐτὸ
1252 2155 1308 2220 δὴ
1353 2158 1481 2208 τουτὶ
1524 2161 1620 2210 τοῖς
1662 2156 1899 2206 Ἰουδαίων

321 2239 483 2303 δήμοις
516 2239 964 2305 προκαταμεμήνυκε
1001 2239 1156 2304 λε’γων
1192 2246 1218 2268 “
1241 2237 1433 2289 Λύσατε
1464 2236 1548 2289 τὸν
1574 2236 1685 2288 ναὸν
1709 2242 1894 2298 τοῦτον,

320 2328 348 2350 “
374 2322 448 2370 καὶ
488 2322 535 2371 ἐν
573 2321 728 2386 τρίσιν
765 2319 953 2386 ἡμέραις
998 2321 1142 2386 ἐγερῶ
1182 2318 1368 2371 αὐτόν.”
1430 2318 1676 2385 ἐγήγερται
1713 2317 1807 2383 γὰρ
1845 2318 1899 2368 τὸ

320 2402 475 2464 λυθὲν,
516 2401 751 2452 λελύσθαι
793 2401 941 2467 γεμὴν
978 2401 1064 2466 τὴν
1102 2402 1261 2467 σάρκα
1298 2399 1454 2469 φαμὲν
1489 2402 1564 2451 καὶ
1603 2401 1656 2450 οὐ
1694 2399 1779 2464 τὴν
1816 2405 1899 2451 τοῦ
1922 2422 1970 2461 25

322 2482 482 2548 Λόγου
509 2482 673 2551 φύσιν·
727 2483 969 2550 ἀμήχανον
995 2482 1101 2549 γάρ.

370 2646 401 2668 2.
427 2634 615 2678 legendum
634 2641 673 2668 ut
691 2634 761 2667 vid.
780 2635 945 2679 τερθρεία.
1185 2644 1238 2667 10.
1265 2635 1323 2666 τοῦ
1341 2633 1443 2667 αὐτοῦ
1462 2633 1497 2666 εἰ(
1514 2636 1573 2667 τοῦ
1591 2634 1692 2668 αὐτοῦ
1709 2635 1816 2678 λόγου
1833 2633 1901 2669 b.c.

320 2681 419 2727 γοῦν]
439 2682 504 2726 γὰρ
523 2693 552 2714 c.
668 2692 720 2714 12.
742 2680 858 2726 αὐτὸν]
878 2682 925 2714 ita
942 2680 1011 2715 b.c.
1082 2680 1167 2724 πέρα
1184 2679 1267 2725 γὰρ]
1287 2681 1377 2724 παρά
1395 2681 1482 2724 γε(ἓ)
1503 2692 1532 2714 c.
1649 2693 1700 2723 14.
1727 2681 1799 2715 ἐπεὶ
1817 2681 1851 2714 δὲ
1870 2692 1900 2715 c.

327 2730 377 2762 18.
405 2726 596 2773 σαρκικιιῖς]
617 2728 716 2771 σαρκὶ
735 2728 787 2761 καὶ
805 2739 835 2761 C.
979 2738 1034 2762 21.
1055 2729 1114 2760 τοῦ
1132 2727 1234 2760 αὐτοῦ
1251 2729 1286 2759 εἰ(
1304 2729 1363 2760 τοῦ
1380 2727 1481 2760 αὐτοῦ
1499 2729 1605 2772 λόγου
1619 2727 1685 2762 b.c.
