2017 3252
71 221 262 263 [110M-]

59 760 115 791 Es.
136 760 214 791 xlix.
234 769 263 801 9.

61 1090 91 1122 S.
105 1091 202 1122 Joan.

61 1145 115 1166 xx.
134 1141 181 1175 17.

279 155 363 194 380
500 155 550 194 Β.
587 152 835 202 CYRILLI
873 151 1223 192 ALEXANDR.
1262 150 1636 191 FRAGMENTA
1772 150 1798 190 i.
1817 164 1855 204 9.

279 265 436 314 δοῦναι
474 261 529 313 τὸ
563 266 771 326 Πνεῦμα,
815 263 1018 329 ὑψοῦται
1059 259 1107 310 δὲ
1148 258 1365 323 δηλονότι
1407 258 1481 310 ὅτε
1524 258 1854 310 τεταπείνωκεν

280 342 460 394 ἑαυτόν·
515 343 679 409 ὥσπερ
706 342 799 409 γὰρ
838 345 1038 405 καθῆκεν
1076 339 1240 391 ἑαυτὸν
1279 344 1339 394 εἰς
1383 346 1522 391 τοῦτο
1561 338 1694 398 ἑκὼν,
1735 341 1856 390 οὕτω

278 424 427 476 πάλιν
463 424 626 475 ἑαυτὸν
666 425 787 492 ὑψοῖ
821 425 895 473 καὶ
933 420 1050 484 μετὰ
1086 421 1266 488 σαρκὸς
1303 421 1438 474 αὐτὸς
1479 420 1542 471 ὧν
1573 421 1600 484 ἡ
1638 422 1737 487 χεὶρ
1775 426 1858 471 τοῦ

282 505 491 572 Πατρὸς,
537 506 592 556 δι’
632 505 686 569 ἧς
736 504 795 554 τὰ
837 503 994 555 πάντα
1043 506 1312 569 θεοπρεπῶς
1353 502 1602 569 ἐργάζεται.
1654 504 1859 569 ὑψοῦται

280 586 435 637 τοίνυν
461 587 515 636 δι’
544 587 708 636 ἑαυτοῦ
747 584 866 635 κατὰ
904 583 1102 648 θέλησιν
1136 589 1219 635 τοῦ
1253 583 1460 649 Πατρὸς,
1492 583 1567 634 ὅτε
1607 583 1858 651 διαῤῥήξας
1879 597 1901 636 5

280 667 340 718 τὰ
379 673 461 718 τοῦ
499 666 702 718 θανάτου
743 665 898 730 δεσμὰ
943 667 1018 716 καὶ
1058 670 1154 719 τοῖς
1195 664 1320 715 κάτω
1364 664 1626 728 πνεύμασιν
1669 663 1861 730 εἰρηκώς

282 756 307 778 “
333 748 626 817 Ἐξὲλθετε,”
655 745 893 799 κεκάθικεν
918 748 966 798 ἐν
992 747 1125 815 δεξιᾷ
1149 752 1230 797 τοῦ
1258 745 1463 812 Πατρός.

357 831 620 898 Κέχρισται
670 830 825 880 τοίνυν
873 832 941 898 τῷ
991 829 1134 898 ἐλαίῳ
1178 830 1260 891 τῆς
1301 826 1635 893 ἀγαλλιάσεως
1675 828 1700 878 ὁ
1742 826 1861 878 κατὰ

282 911 431 982 φύσιν
456 911 587 972 Υἱὸς,
617 911 692 961 ὅτε
719 912 794 961 καὶ
822 908 945 964 Θεὸς
975 910 1117 960 αὐτοῦ
1149 909 1482 976 κεχρημοῖτικεν
1507 910 1531 959 ὁ
1559 909 1727 975 Πατὴρ
1753 910 1858 960 καθ’

282 994 401 1058 ἡμᾶς
428 992 693 1060 γεγονότος.
748 991 925 1043 ἄτοπον
952 991 998 1042 δὲ
1026 997 1161 1042 τοῦτο
1190 991 1343 1056 λέγειν
1370 991 1598 1053 οὐδαμῶς·
1653 990 1743 1058 ἔφη
1769 990 1862 1057 γάρ
1886 1011 1935 1038 10

282 1097 375 1126 που
411 1079 508 1128 τοῖς
546 1074 694 1140 ἁγίοις
724 1072 1014 1126 ἀποστόλοις
1051 1080 1079 1102 “
1101 1071 1369 1138 Πορεύομαι
1406 1072 1525 1138 πρὸς
1562 1071 1644 1122 τὸν
1672 1072 1863 1138 Πατέρα

284 1163 311 1186 “
336 1178 427 1220 μου
466 1155 542 1206 καὶ
581 1154 773 1221 Πατέρα
813 1156 941 1217 ὑμῶν
979 1157 1055 1204 καὶ
1100 1151 1224 1204 Θεόν
1266 1176 1356 1217 μου
1397 1155 1473 1204 καὶ
1518 1152 1642 1204 Θεὸν
1686 1154 1861 1216 ὑμῶν.”

283 1235 381 1287 ἰδοὺ
415 1235 471 1300 δὴ
510 1240 683 1302 σαφῶς
721 1234 846 1286 Θεὸν
884 1235 1050 1285 ἑαυτοῦ
1093 1233 1168 1285 διὰ
1206 1233 1260 1285 τὸ
1299 1233 1592 1300 ἀνθρώπινον
1630 1232 1712 1285 τὸν
1749 1235 1865 1285 ἰ’διον

283 1317 374 1386 ἔφη
403 1317 611 1383 Πατέρα.
667 1314 822 1379 ἐπειδὴ
850 1315 898 1366 δὲ
925 1316 1190 1380 κεκλήμεθα
1217 1316 1270 1366 δι’
1300 1316 1441 1365 αὑτοῦ
1469 1314 1587 1381 πρὸς
1615 1317 1863 1378 υἱοθεσίαν,

283 1397 619 1466 κεχρήματικεν
660 1396 870 1466 ἀδελφὸς
913 1402 1009 1451 τοῖς
1059 1396 1179 1447 κατὰ
1219 1396 1370 1465 φύσιν
1414 1396 1624 1458 οἰκέταις,
1670 1396 1864 1448 δέδωκεν
1888 1419 1935 1456 15

283 1482 393 1546 ἡμῖν
420 1480 614 1546 Πατέρα
650 1479 732 1531 τὸν
763 1480 943 1530 ἑαυτοῦ.
995 1480 1103 1529 ἀλλ’
1131 1478 1294 1544 ὥσπερ
1320 1479 1449 1542 ἡμεῖς
1484 1482 1521 1529 εἰ
1560 1480 1635 1529 καὶ
1667 1480 1754 1529 υὶοῖ
1787 1501 1860 1530 κε-

285 1561 500 1626 κλήμεθα
524 1567 607 1612 τοῦ
631 1560 836 1627 Πατρὸς,
858 1559 1002 1624 ἐσμὲν
1026 1563 1063 1611 εἰ
1090 1557 1245 1623 ἐσμὲν,
1272 1560 1510 1626 ἄνθρωποι
1537 1559 1770 1625 δηλονότι,
1789 1563 1864 1611 καὶ

286 1642 371 1707 τὴν
409 1649 492 1694 τοῦ
530 1641 826 1707 τετιμηκότος
866 1643 948 1692 οὐκ
985 1641 1280 1707 ἠγνοήκαμεν
1313 1641 1465 1708 χάριν·
1520 1643 1665 1695 οὕτως
1697 1641 1866 1692 ὃκατά

288 1725 438 1793 φύσιν
463 1723 578 1778 Υἱὸς
613 1726 689 1775 καὶ
718 1723 906 1789 Κύριος,
935 1722 1021 1774 κᾶν
1050 1723 1228 1788 ἐπέγνω
1264 1723 1339 1774 διὰ
1370 1722 1456 1787 τὴν
1487 1723 1644 1789 σοι’ρκα
1672 1724 1746 1774 καὶ
1781 1722 1867 1787 τὴν

286 1805 404 1872 πρὸς
435 1807 557 1870 ἡμᾶς
589 1804 815 1868 ὁμοίωσιν
842 1804 967 1856 Θεὸν
992 1806 1157 1856 ἑαυτοῦ
1189 1804 1271 1856 τὸν
1298 1805 1503 1871 Πατέρα,
1531 1805 1640 1854 ἀλλ’
1669 1804 1750 1855 οῦκ
1775 1803 1866 1872 ἔξω
1885 1827 1935 1853 20

287 1889 449 1954 γέγονε
479 1893 562 1938 τοῦ
588 1885 702 1937 εἶναι
729 1886 753 1937 ὅ
778 1887 923 1949 ἐστιν,
950 1888 1054 1937 οὕτε
1079 1886 1172 1950 μὴν
1199 1890 1255 1954 τῇ
1281 1885 1399 1948 μετὰ
1424 1884 1602 1952 σαρκὸς
1629 1886 1866 1953 οἰκονομίᾳ

285 1967 392 2022 τοὺς
417 1969 682 2035 πρέποντας
708 1966 880 2033 λόγους
906 1968 1034 2031 ἡμεῖς
1059 1967 1373 2034 ἀγνοήσομεν.
1417 1972 1517 2020 πῶς
1543 1966 1591 2018 δὲ
1621 1967 1712 2033 ἄρα
1737 1966 1867 2036 παρὰ

286 2049 382 2105 τοὶς
408 2050 625 2119 μετόχους
651 2050 791 2099 αὐτοῦ
817 2049 1062 2116 κεχρίσθαι
1089 2049 1290 2114 λέγεται,
1318 2047 1427 2116 φέρε
1454 2048 1666 2114 λέγωμεν
1693 2050 1755 2102 ὡς
1780 2048 1861 2099 ἔνι.

286 2132 414 2195 ἡμεῖς
449 2131 534 2194 μὲν
559 2130 651 2196 γὰρ
678 2131 967 2197 κεχρίσμεθα
998 2135 1064 2199 τῷ
1093 2131 1227 2199 Ἁγίῳ
1257 2130 1510 2193 Πνεύματι,
1548 2128 1866 2194 διωρισμένων

285 2212 333 2263 δὲ
373 2217 586 2280 φυσικῶς
623 2217 717 2263 τῶν
757 2213 862 2262 καθ’
904 2212 1025 2275 ἡμᾶς
1064 2214 1139 2262 καὶ
1177 2217 1422 2273 τοσοῦτον,
1462 2212 1578 2262 ὅσον
1616 2211 1674 2262 ἂν
1715 2216 1865 2263 νοοῖτο
1886 2235 1933 2274 25

285 2293 504 2359 θεότητος
543 2293 688 2362 φύσις
722 2293 898 2346 παντὸς
933 2298 1146 2358 γενητοῦ·
1214 2295 1239 2344 ὁ
1279 2291 1326 2343 δὲ
1367 2292 1422 2344 δι’
1462 2294 1581 2357 ἡμᾶς
1620 2293 1865 2358 γενόμενος

284 2375 531 2441 ἄνθρωπος
556 2381 639 2426 τοῦ
663 2379 788 2426 Θεοῦ
816 2373 973 2440 Λόγος
998 2379 1065 2444 τῷ
1101 2375 1198 2443 ἰδίῳ
1227 2374 1467 2438 Πνεύματι
1508 2374 1744 2442 καταχρίει
1783 2373 1866 2426 τὸν

284 2458 449 2507 ἑαυτοῦ
493 2456 619 2516 ναὸν,
665 2457 717 2506 οὐ
761 2454 954 2521 μερικὴν
997 2456 1228 2521 ἐνεργειαν
1279 2456 1484 2517 ἐντιθεὶς,
1529 2455 1633 2505 οὔτε
1681 2454 1774 2519 μὴν
1817 2457 1866 2506 ἐν

284 2538 557 2603 άῤῥαβῶνος
592 2536 722 2605 τάξει
751 2535 874 2586 καθὰ
908 2538 983 2586 καὶ
1014 2537 1122 2599 ἡμῖν
1150 2535 1451 2602 δωρούμενος,
1479 2535 1786 2600 ἀναπιμπλᾶς
1817 2535 1865 2588 δὲ

284 2622 476 2680 μᾶλλον
513 2618 755 2682 ἁγιασμοῦ
794 2619 869 2667 καὶ
905 2620 987 2680 τῆς
1017 2619 1181 2668 ἑαυτοῦ
1223 2616 1458 2681 δυνάμεώς
1497 2640 1545 2668 τε
1587 2620 1662 2668 καὶ
1703 2616 1859 2686 δόξης.
1884 2639 1934 2676 30

286 2698 523 2764 τοιγάρτοι
558 2700 632 2748 καὶ
670 2698 879 2767 ἔφασκεν
916 2697 1099 2764 “Υπε“ρ
1135 2699 1288 2749 αὐτῶν
1326 2697 1418 2763 ἐγὼ
1457 2697 1632 2764 ἁγιάζω
1667 2697 1865 2762 ἐμαυτὸν

287 2787 314 2809 “
340 2781 414 2831 ἵνα
439 2779 557 2830 ὧσιν
585 2780 659 2830 καὶ
686 2780 814 2829 αὐτοὶ
841 2778 1116 2844 ἡγιασμένοι
1142 2781 1190 2829 ἐν
1216 2780 1457 2848 ἀληθει’ᾳ.”

336 2900 387 2922 12.
416 2888 468 2921 καὶ
488 2887 700 2931 secundum]
728 2892 760 2927 ÷
783 2888 841 2921 τὸν
859 2899 875 2921 c
894 2899 957 2922 suo
980 2887 1177 2922 Cramerus.
1424 2897 1477 2933 17.
1503 2889 1531 2922 εἰ
1549 2888 1652 2933 ἐσμὲν
1669 2888 1785 2923 omisit
1804 2888 1862 2923 Cr.

288 2935 490 2979 hgcndum
512 2940 548 2968 ut
568 2933 702 2968 videtur
720 2934 737 2967 ὅ
756 2934 869 2978 ἐσμεν.
