2017 3252
340 151 424 191 566
553 149 601 190 B.
635 145 881 189 CYRILLI
913 143 1261 186 ALEXANDR.
1294 142 1372 183 DE
1403 142 1540 185 DOG.
1574 142 1700 183 SOL:

339 259 515 325 ψεῦδος
541 255 767 320 ἀλήθειαν
791 255 1006 317 ποιῆσαι.
1051 254 1127 303 καὶ
1153 253 1236 302 οὐκ
1260 249 1503 303 ἀσθενείας
1526 250 1744 314 ἔγκλημα
1770 252 1923 309 τοῦτο,

338 337 470 389 ἀλλὰ
496 337 687 406 φύσεως
713 334 964 403 ἀπόδειξις,
992 334 1074 384 οὐκ
1099 331 1379 400 ἀνεχομένης
1404 354 1449 383 τι
1472 334 1638 382 παθεῖν
1664 328 1689 380 ὃ
1715 328 1779 394 μὴ
1806 330 1924 396 αὐτῇ

338 419 521 486 πρέπει·
575 417 832 482 ἀλλότριον
876 415 925 466 δὲ
972 418 1097 466 Θεοῦ
1134 413 1188 465 τὸ
1226 416 1402 482 ψεῦδος
1441 415 1698 474 παντελῶς,
1723 413 1924 477 ψεῦσμα

338 499 432 567 γάρ
457 501 561 551 ἐστι
588 498 641 550 τὸ
668 499 754 562 τὴν
779 496 1115 563 πορνεύσασαν
1141 497 1337 557 ποιῆσαι
1361 492 1426 557 μὴ
1450 492 1713 560 πορνεῦσαί
1734 514 1865 543 ποτε.

415 585 507 632 Δεῖ
535 580 597 643 δὲ,
628 582 691 633 ὡς
726 579 859 647 ἔφην,
895 576 978 631 τὰς
1013 578 1159 630 οὕτως
1201 574 1376 640 εὐήθεις
1410 579 1505 625 τῶν
1542 573 1816 639 ἐρωτήσεων
1849 574 1922 623 καὶ
1942 588 1966 625 5

339 660 465 714 πολὺ
490 660 545 713 τὸ
571 661 748 712 ἄτοπον
773 659 975 727 ἐχούσας
1000 658 1117 722 μηδὲ
1141 658 1430 724 προσίεσθαι
1456 655 1542 720 τὴν
1567 654 1733 722 ἀρχήν·
1776 659 1924 705 ταῦτα

340 743 445 795 οὐδὲ
479 742 732 810 ἐγγράφως
766 743 908 807 ἐχρῆν
935 740 1171 805 γενέσθαι,
1199 737 1313 804 ὑπὲρ
1340 736 1388 788 δὲ
1419 742 1502 788 τοῦ
1539 734 1627 799 τὴν
1658 735 1752 799 σὴν
1779 735 1918 786 εὐλά-

339 830 474 886 βειαν
501 824 608 876 καθ’
638 822 804 886 ἑαυτὴν
830 824 1121 889 ἐντυχοῦσαν
1147 821 1196 870 εὖ
1220 819 1422 887 ἕχουσας
1448 817 1532 871 τὰς
1551 820 1715 881 ἑαυτῆς
1734 816 1923 879 ἐννοίας,

341 907 467 971 ἤδειν
512 905 570 957 τὰ
621 905 694 973 ἐφ’
738 903 925 972 ἑκάστῳ
971 907 1066 953 τῶν
1109 901 1383 971 κεφαλαίων
1429 902 1491 953 ὡς
1540 900 1606 950 ἔνι
1654 898 1925 967 σαφηνίσαι

341 987 688 1057 προεθυμήθην.
1948 995 1995 1020 10

393 1139 424 1163 1.
447 1128 599 1173 ἔγκλημα
615 1127 715 1159 τοῦτο
732 1124 799 1159 hoc
816 1123 937 1158 ordine
956 1123 997 1158 C.
1017 1122 1142 1168 Chrys.
1349 1132 1381 1156 2.
1407 1122 1466 1155 οὐκ
1483 1096 1685 1164 ἅνεχομένης
1702 1134 1733 1154 τι
1750 1119 1869 1154 παθεῖν
1883 1119 1924 1155 C.

345 1174 470 1220 Chrys.
496 1175 573 1207 οὔτε
594 1171 683 1217 [οὔτι
701 1170 785 1216 Ed.]
812 1170 933 1205 παθεῖν
956 1169 1159 1214 ἀνεχομένης
1180 1168 1227 1202 D.
1246 1167 1315 1202 Ed.
1391 1169 1473 1211 αὐτῇ
1498 1167 1618 1212 πρέπει
1644 1166 1709 1199 hoc
1735 1166 1856 1200 Ordine
1882 1166 1925 1201 C.

345 1221 474 1265 ChryS.
613 1230 647 1263 3.
670 1221 758 1252 Θεοῦ
775 1218 814 1251 τὸ
833 1217 924 1251 C-D.
945 1217 1071 1261 ChryS.
1089 1215 1209 1249 τούτου
1227 1214 1295 1249 Ed.
1342 1215 1488 1259 ψεῦσμα
1503 1214 1569 1259 γάρ
1589 1212 1629 1247 C.
1650 1212 1776 1257 Chrys.
1794 1213 1926 1258 ψεῦδος

343 1268 382 1301 δέ
400 1266 466 1301 Ed.
724 1273 757 1306 5.
784 1263 889 1299 οὕτως
906 1262 1033 1307 εὐήθεις
1050 1262 1116 1296 hoc
1133 1262 1255 1296 ordine
1274 1261 1314 1295 C.
1334 1261 1460 1306 Chrys.
1697 1258 1799 1293 6—10.
1828 1258 1926 1292 Haec

342 1310 737 1357 Ταῦτα--προεθυμὴθην
753 1316 974 1344 accesserunt
990 1321 1032 1344 ex
1051 1308 1092 1345 C.
1111 1308 1171 1354 qui
1188 1308 1302 1353 pergit
1319 1308 1498 1343 ἐπίλυσιςε
1525 1306 1576 1341 ὅτι
1596 1305 1701 1352 [resp.
1721 1305 1765 1339 ad
1781 1305 1860 1340 Tib.
1872 1304 1925 1350 9.]

345 1362 376 1395 8.
403 1358 509 1405 ᾔδειν]
528 1357 761 1404 legendumne
780 1356 897 1401 ἤδιονὲ
