2017 3252
85 198 178 238 [114
197 199 276 240 M]

79 1321 166 1351 Hah.
183 1321 228 1352 iii.

83 1373 108 1399 1,
129 1374 156 1395 2.

265 308 286 342 9

303 127 386 167 386
535 128 583 166 Β.
618 125 862 166 CYRILLI
898 124 1242 164 ALEXANDR.
1282 124 1653 164 FRAGMENTA
1784 125 1823 164 ii.
1845 139 1882 177 9.

444 298 598 340 “Omne
636 299 772 353 χάριτι
810 296 919 336 Θεοῦ
958 295 1063 351 ὑπὲρ
1100 296 1262 336 Παντὸς
1300 295 1499 341 semiorum
1538 295 1736 338 Θανάτου.

379 412 446 461 Τί
475 409 529 461 τό
555 408 822 475 Έγεύσατο
848 408 995 458 παντί
1022 430 1086 475 τῳ
1114 406 1269 474 σαφὲς
1294 405 1356 460 ὥς
1382 429 1436 472 γε
1464 405 1604 471 οἶμαι.
1660 405 1766 462 δοὺς·
1791 406 1885 472 γὰρ

304 496 370 561 τῷ
397 490 583 560 θανάτῳ
609 490 663 540 τὸ
690 490 806 540 ’ίδιον
831 494 973 551 σῶμα
1008 490 1083 538 καὶ
1118 487 1215 539 οἷον
1241 487 1623 552 ἀπογευσάμενος
1649 492 1885 553 σαρκικῶς

304 579 387 624 τοῦ
426 570 804 636 συμβεβηκότος,
836 571 1006 631 ἀνεβίω
1045 568 1192 620 πάλιν
1226 571 1300 619 καὶ
1338 568 1602 634 πεπάτηκεν
1632 570 1763 623 εὐθὺς
1800 575 1885 620 τοῦ

305 653 508 704 θανάτου
546 651 600 703 τὸ
639 651 820 718 κροίτος.
874 651 1038 701 οὐκοῦν
1070 651 1094 700 ὁ
1128 648 1285 717 βραχὺ
1323 651 1431 715 παρ’
1461 650 1692 715 ἀγγέλους
1730 651 1878 714 ἠλατ-
1905 662 1927 700 5

304 738 488 785 τῶσθαι
529 733 799 799 λεγόμενος,
839 731 977 784 αὐτός
1017 732 1148 782 ἐστιν
1187 733 1211 781 ὁ
1250 733 1300 781 ἐκ
1340 734 1463 781 Θεοῦ
1497 730 1667 797 Λόγος,
1702 732 1784 782 οὐκ
1823 736 1885 785 εἰς

305 815 424 866 ἰδίαν
451 816 600 884 φύσιν
625 814 790 865 παθὼν
817 813 902 875 τὴν
928 812 1210 863 ἐλάττωσιν·
1253 815 1321 863 ἀεὶ
1356 812 1449 878 γάρ
1481 815 1611 863 ἐστιν
1638 814 1774 868 αὐτὸς
1810 816 1885 864 καὶ

304 897 530 950 ὡσαύτως
555 897 686 964 ἔχων,
715 895 943 961 ἄτρεπτος
978 916 1027 944 τε
1062 895 1137 945 καὶ
1169 894 1502 956 ἀναλλοίωτος,
1529 895 1886 960 ὑπομεμενηκὼς

303 978 352 1029 δὲ
398 980 473 1028 καὶ
517 983 654 1028 τοῦτο
700 978 753 1027 δι’
801 977 922 1039 ἡμᾶς
967 977 1284 1041 ἀνθρωπίνως·
1333 976 1559 1042 ἠνέσχετο
1601 976 1694 1041 γὰρ
1739 976 1886 1027 καίτοι

303 1060 425 1113 Θεὸς
453 1058 518 1110 ῶν
545 1059 688 1127 φύσει
714 1062 808 1109 τῶν
834 1060 916 1120 τῆς
948 1055 1310 1122 ἀνθρωπότητος
1339 1057 1520 1122 με’τρων
1547 1057 1622 1107 διὰ
1646 1056 1731 1121 τὴν
1758 1061 1880 1108 οἶκο-
1910 1078 1959 1103 10

303 1142 482 1205 νομίαν·
542 1143 616 1191 καὶ
655 1139 793 1190 τοῦτό
831 1140 934 1189 ἐστι
974 1143 1056 1189 τοῦ
1093 1139 1190 1188 κατ’
1233 1137 1374 1188 αὐτὸν
1412 1140 1673 1203 μυστηρίου
1717 1138 1770 1189 τὸ
1815 1138 1887 1190 ὅτι

300 1222 516 1285 μάλιστα
543 1220 863 1286 θαυμάζεσθαι
888 1219 1085 1284 πρέπον.
1142 1220 1262 1269 οὕτω
1295 1221 1368 1269 καὶ
1397 1221 1421 1269 ὁ
1447 1219 1696 1287 προφήτης
1724 1220 1886 1286 ε”λεγεν

301 1303 587 1367 Ἀμβακούμ
615 1310 641 1331 “
664 1301 807 1366 Κύριε
835 1299 1089 1364 εἶσακήκοα
1115 1299 1202 1364 τὴν
1228 1300 1372 1363 ἀκοήν
1399 1323 1490 1351 σου
1520 1304 1593 1351 καὶ
1621 1301 1882 1368 ἐφοβήθην,

302 1391 330 1414 “
350 1384 615 1448 κατενόησα
635 1382 693 1433 τὰ
712 1382 827 1448 ἔργα
848 1405 939 1432 σου
959 1383 1035 1432 καὶ
1055 1381 1303 1450 ἐξε’στην·”»
1336 1381 1561 1435 ἔκστασις
1582 1382 1674 1448 γὰρ
1696 1386 1886 1447 ἀληθῶς

301 1467 378 1515 καὶ
423 1470 507 1515 τοῦ
551 1462 728 1517 παντὸς
767 1463 977 1514 ἐπέκεινα
1016 1463 1253 1526 θαύματος
1290 1463 1344 1513 τὸ
1389 1463 1714 1528 γεγενημένον.
1771 1465 1883 1515 ἀλλ’
1911 1481 1956 1518 15

300 1548 383 1598 οὐκ
424 1545 505 1596 οἶδ’
536 1546 662 1598 ὅπως
700 1544 754 1596 τὸ
794 1543 862 1595 ἐπ’
891 1544 1005 1595 αὐτὸ
1044 1543 1307 1610 μυστήριον
1340 1545 1393 1594 οὐ
1433 1544 1698 1608 νενοηκότες
1736 1547 1886 1610 ὀρθῶς

299 1627 613 1693 κενολογοῦσί
649 1650 769 1680 τινες
808 1628 882 1677 καὶ
922 1625 978 1689 δὴ
1017 1627 1092 1676 καὶ
1131 1625 1408 1693 γεγράφασι
1445 1625 1504 1676 τὰ
1544 1627 1592 1676 ἐν
1630 1631 1695 1695 τῷ
1733 1628 1886 1696 ὀγδόῳ

298 1713 484 1778 ψαλμῷ
533 1707 843 1775 διερμηνεύειν
893 1706 1135 1760 ἐθέλοντες
1189 1746 1216 1769 ,,
1240 1711 1500 1770 Σκοπῶμεν
1545 1709 1700 1758 τοίνυν
1749 1709 1818 1762 τίς
1862 1710 1887 1759 ὁ

298 1832 326 1853 ,,
346 1791 594 1856 ἄνθρωπος
610 1792 716 1855 περὶ
736 1789 788 1840 οῦ
813 1787 1122 1852 ἐκπλήττεται
1149 1791 1225 1838 καὶ
1252 1787 1470 1853 θαυμάζει
1498 1788 1568 1839 ὅτι
1594 1788 1649 1853 δὴ
1678 1791 1702 1839 ὁ
1725 1793 1888 1840 Μονο-

298 1913 326 1934 ,,
347 1871 485 1937 γενὴς
513 1871 806 1939 κατηξίωσεν
828 1871 971 1920 αὐτοῦ
997 1871 1271 1933 μνησθῆναί
1287 1892 1335 1919 τε
1357 1872 1429 1920 καὶ
1457 1868 1720 1934 ἐπισκοπὴν
1745 1870 1882 1935 ποιή-
1909 1898 1959 1922 20

298 1994 326 2016 „
348 1954 579 2004 σασθαι·”
635 1951 733 2002 εἶτα
763 1950 944 2004 τούτοις
981 1950 1142 2016 ἐπάγει
1178 1953 1252 2001 καὶ
1291 1951 1423 2013 μάλα
1463 1952 1668 2017 ἐναργῶς
1705 1955 1766 2006 ὡς
1805 1955 1889 2004 οὐκ

299 2076 326 2098 ,,
348 2035 524 2101 εἴρηται
560 2033 643 2096 μὲν
676 2035 751 2084 ἐπὶ
786 2031 963 2087 παντὸς
999 2032 1250 2098 ἀνθρώπου
1285 2033 1339 2083 τό
1379 2035 1446 2083 Τι’
1476 2034 1607 2084 ἐστιν
1642 2034 1889 2100 ἄνθρωπος

298 2158 325 2180 a>
347 2116 418 2167 ὅτι
443 2114 687 2183 μιμνήσκῃ
708 2115 850 2165 αὐτοῦ
876 2113 904 2178 ὴ
933 2113 1028 2167 υἱὸς
1053 2114 1305 2180 ἀνθρώπου
1332 2114 1403 2164 ὅτι
1428 2115 1688 2183 ἐπισκέπτῃ
1714 2115 1883 2178 αὐτόν,

299 2239 327 2261 ,,
347 2197 479 2248 ἀλλὰ
517 2198 621 2263 περὶ
669 2195 814 2259 μόνου
853 2201 936 2246 τοῦ
976 2196 1137 2246 Υἱοῦ·”
1197 2200 1445 2261 πειρῶνται
1484 2196 1532 2246 δὲ
1570 2197 1677 2250 τοὺς
1714 2199 1889 2248 ἑαυτῶν

300 2279 472 2345 λόγους
521 2280 751 2342 ἐμπεδοῦν
801 2280 863 2330 εἰς
915 2275 1140 2340 ἀλήθειαν
1185 2282 1492 2342 περιενεγκεῖν
1542 2277 1758 2342 λέγοντες
1805 2277 1887 2330 τὸν
1909 2296 1956 2334 25

300 2359 529 2426 μακάριον
557 2363 756 2409 Παῦλον
783 2361 844 2412 εἷς
871 2357 924 2409 τὸ
951 2359 1118 2409 ἑαυτοῦ
1151 2357 1414 2424 πρόσωπον
1441 2358 1499 2408 τὰ
1524 2360 1570 2408 ἐν
1597 2362 1662 2427 τῷ
1688 2362 1887 2429 ψαλμῶ,

299 2483 466 2519 πέπονθεν
483 2484 582 2518 αὐτὸς
599 2483 645 2518 εἷς
661 2484 699 2516 τὸ
723 2483 846 2517 οἰκεῖον
864 2487 963 2527 σῶμα
987 2483 1196 2527 πειρασθεὶς,
1214 2483 1468 2528 προθυμότερον
1484 2482 1649 2527 βοηθήσει
1674 2486 1744 2519 τοῖς
1770 2499 1885 2529 πειρα-

302 2530 462 2574 ζομένοις,
488 2534 659 2574 tanquam
690 2529 726 2563 S.
747 2529 881 2574 Cyrilli,
909 2529 1039 2564 codicis
1069 2530 1124 2563 sui
1150 2542 1180 2563 a.
1213 2530 1417 2563 auctoritate
1444 2530 1551 2563 fretus
1579 2530 1718 2564 exhibet
1747 2531 1885 2572 Maius;

301 2584 467 2621 tanquam
494 2583 611 2609 autem
637 2575 753 2615 dubia,
773 2577 807 2608 in
826 2581 908 2608 nota
925 2575 1067 2609 exhibui
1086 2576 1170 2619 ipse.
1221 2576 1272 2609 Ea
1289 2582 1456 2620 tanquam
1477 2576 1514 2610 S.
1528 2576 1772 2620 Chrysostomi
1790 2577 1887 2611 exhi-

301 2623 377 2657 buit
391 2621 478 2656 Cod.
490 2622 525 2655 b.
540 2633 611 2655 non
627 2627 709 2654 sunt
727 2627 767 2654 ut
782 2621 853 2655 vid.
869 2621 911 2655 ad
930 2623 1008 2663 loc„
1027 2621 1163 2655 diversa
1180 2629 1296 2655 tamen
1315 2634 1361 2655 ss.
1380 2628 1517 2666 patrum
1537 2634 1641 2666 opera
1658 2623 1787 2667 passim
1806 2624 1888 2658 citat

301 2669 462 2703 Niketas.
514 2668 597 2701 Post
615 2667 698 2700 haec
718 2667 822 2701 verba
841 2667 877 2701 S.
893 2666 1271 2712 Cyrilli'‘A65m—r02>9
1288 2667 1525 2713 ἁγιαζομένους
1544 2669 1623 2713 (Cr.
1635 2680 1715 2713 430.
1732 2681 1884 2714 32—431.

302 2715 339 2757 5)
365 2714 505 2748 exhibet
524 2714 641 2747 Maius
660 2725 746 2758 quae
765 2725 845 2746 cum
863 2713 906 2746 ad
925 2719 1075 2747 tractum
1096 2714 1149 2747 De
1170 2714 1210 2747 R.
1229 2713 1296 2747 fide
1317 2724 1381 2759 135
1400 2715 1459 2749 fin.
1479 2715 1541 2759 136
1562 2716 1755 2759 pertineant
1772 2717 1886 2750 omisi.

304 2762 468 2806 Sequitur
486 2760 521 2793 in
541 2760 636 2793 Maio
653 2758 762 2792 Ἀλλὰ
787 2760 1006 2804 γὰρ-λόγος
1031 2772 1048 2793 e
1074 2759 1216 2793 homilia
1234 2759 1461 2804 desumptum
1479 2762 1557 2795 vide
1574 2762 1684 2795 infra:
1709 2761 1884 2806 fragmen-

301 2815 377 2841 tum
395 2813 428 2841 et
446 2818 594 2851 sequens
613 2806 735 2850 partim
756 2817 797 2839 ex
816 2805 972 2839 homilia.
1198 2818 1228 2839 1.
1255 2818 1273 2840 e
1291 2818 1320 2840 c.
1339 2807 1398 2840 fol.
1419 2817 1481 2851 251
1505 2819 1537 2842 v.
1557 2808 1617 2853 qui
1635 2809 1652 2841 ὁ
1670 2809 1831 2852 μακάριος
1849 2809 1884 2842 δὲ

304 2853 474 2896 Κύριλλος
491 2853 536 2898 τῷ
554 2853 703 2897 μακαρίῳ
721 2850 856 2894 Ἰωάννῃ
874 2851 1111 2895 ἀκολουθήσας
1134 2853 1214 2886 κατὰ
1232 2854 1271 2885 τό
1288 2851 1404 2888 ’Ὁπως
1421 2855 1534 2898 χάριτι
1554 2856 1642 2888 Θεοῦ
1659 2854 1743 2898 ὑπὲρ
1760 2856 1884 2891 παντὸς

301 2900 463 2944 γεύσηται
483 2900 638 2935 θανάτου,
657 2899 746 2941 φησὶ
767 2898 966 2942 praemittit.
1113 2910 1145 2942 9.
1174 2897 1324 2943 ἠνείχετο
1345 2900 1489 2941 (errore)
1511 2900 1569 2935 Cr.
