<?xml version="1.0" encoding="UTF-8"?>
<!DOCTYPE html PUBLIC "-//W3C//DTD XHTML 1.0 Transitional//EN"
    "http://www.w3.org/TR/xhtml1/DTD/xhtml1-transitional.dtd">
<html xmlns="http://www.w3.org/1999/xhtml" xml:lang="en" lang="en">
 <head>
  <title>
</title>
<meta http-equiv="Content-Type" content="text/html;charset=utf-8" />
  <meta name='ocr-system' content='tesseract 3.04.00' />
  <meta name='ocr-capabilities' content='ocr_page ocr_carea ocr_par ocr_line ocrx_word'/>
</head>
<body>
  <div class='ocr_page' id='page_1' title='image "./operacyrilli05cyriuoft/operacyrilli05cyriuoft_0197.png"; bbox 0 0 2012 3272; ppageno 0'>
   <div class='ocr_carea' id='block_1_1' title="bbox 111 137 1696 191">
    <p class='ocr_par' dir='ltr' id='par_1_1' title="bbox 111 137 1696 191">
     <span class='ocr_line' id='line_1_1' title="bbox 111 137 1696 191; baseline 0.004 -16"><span class='ocrx_word' id='word_1_1' title='bbox 111 151 235 191; x_wconf 86' lang='lat' dir='ltr'>v.13‚</span> <span class='ocrx_word' id='word_1_2' title='bbox 263 151 321 189; x_wconf 78' lang='lat'>14.</span> <span class='ocrx_word' id='word_1_3' title='bbox 441 137 509 177; x_wconf 93' lang='lat' dir='ltr'>IN</span> <span class='ocrx_word' id='word_1_4' title='bbox 546 137 890 179; x_wconf 80' lang='lat' dir='ltr'><strong>EPISTOLAM</strong></span> <span class='ocrx_word' id='word_1_5' title='bbox 927 140 1009 179; x_wconf 88' lang='lat' dir='ltr'>AD</span> <span class='ocrx_word' id='word_1_6' title='bbox 1048 140 1357 181; x_wconf 78' lang='lat' dir='ltr'><strong>ROMANOS.</strong></span> <span class='ocrx_word' id='word_1_7' title='bbox 1615 143 1696 182; x_wconf 81' lang='lat'>183</span> 
     </span>
    </p>
   </div>
   <div class='ocr_carea' id='block_1_2' title="bbox 109 243 1700 558">
    <p class='ocr_par' dir='ltr' id='par_1_2' title="bbox 109 243 1700 558">
     <span class='ocr_line' id='line_1_2' title="bbox 109 243 1698 319; baseline 0.004 -24"><span class='ocrx_word' id='word_1_8' title='bbox 109 245 298 306; x_wconf 84' lang='grc' dir='ltr'>βοῖσεως</span> <span class='ocrx_word' id='word_1_9' title='bbox 348 243 608 311; x_wconf 83' lang='grc' dir='ltr'>γεγόναμεν</span> <span class='ocrx_word' id='word_1_10' title='bbox 659 249 854 310; x_wconf 83' lang='grc' dir='ltr'>μιμηταὶ</span> <span class='ocrx_word' id='word_1_11' title='bbox 899 249 1008 298; x_wconf 81' lang='grc' dir='ltr'>καθ’</span> <span class='ocrx_word' id='word_1_12' title='bbox 1057 247 1081 298; x_wconf 76' lang='grc' dir='ltr'>ὃ</span> <span class='ocrx_word' id='word_1_13' title='bbox 1133 248 1300 304; x_wconf 73' lang='grc' dir='ltr'>πάντες</span> <span class='ocrx_word' id='word_1_14' title='bbox 1347 252 1553 319; x_wconf 70' lang='grc' dir='ltr'>ἥμαρτον,</span> <span class='ocrx_word' id='word_1_15' title='bbox 1598 254 1698 303; x_wconf 81' lang='grc' dir='ltr'>ταῖς</span> 
     </span>
     <span class='ocr_line' id='line_1_3' title="bbox 111 327 1693 396; baseline 0.003 -19"><span class='ocrx_word' id='word_1_16' title='bbox 111 327 234 379; x_wconf 83' lang='grc' dir='ltr'>’ίσαις</span> <span class='ocrx_word' id='word_1_17' title='bbox 260 327 415 396; x_wconf 78' lang='grc' dir='ltr'>ἐκείνῳ</span> <span class='ocrx_word' id='word_1_18' title='bbox 442 328 587 381; x_wconf 93' lang='grc' dir='ltr'>δίκαις</span> <span class='ocrx_word' id='word_1_19' title='bbox 614 328 978 394; x_wconf 85' lang='grc' dir='ltr'>ὑπενενήγμεθα·</span> <span class='ocrx_word' id='word_1_20' title='bbox 1028 332 1139 380; x_wconf 79' lang='grc' dir='ltr'>ἀλλ’</span> <span class='ocrx_word' id='word_1_21' title='bbox 1169 332 1222 380; x_wconf 86' lang='grc' dir='ltr'>οὐ</span> <span class='ocrx_word' id='word_1_22' title='bbox 1253 330 1505 395; x_wconf 74' lang='grc' dir='ltr'>μεμένηκεν</span> <span class='ocrx_word' id='word_1_23' title='bbox 1532 333 1693 383; x_wconf 84' lang='grc' dir='ltr'>ἀνεπι-</span> 
     </span>
     <span class='ocr_line' id='line_1_4' title="bbox 111 408 1700 478; baseline 0.003 -19"><span class='ocrx_word' id='word_1_24' title='bbox 111 408 331 474; x_wconf 84' lang='grc' dir='ltr'>κούρητος</span> <span class='ocrx_word' id='word_1_25' title='bbox 359 409 386 472; x_wconf 83' lang='grc' dir='ltr'>ἡ</span> <span class='ocrx_word' id='word_1_26' title='bbox 414 409 488 460; x_wconf 87' lang='grc' dir='ltr'>ὑπ’</span> <span class='ocrx_word' id='word_1_27' title='bbox 517 408 728 475; x_wconf 80' lang='grc' dir='ltr'>οὐρανὸν,</span> <span class='ocrx_word' id='word_1_28' title='bbox 755 410 1014 478; x_wconf 85' lang='grc' dir='ltr'>καθῄρηται</span> <span class='ocrx_word' id='word_1_29' title='bbox 1042 411 1134 477; x_wconf 80' lang='grc' dir='ltr'>γὰρ</span> <span class='ocrx_word' id='word_1_30' title='bbox 1161 412 1188 476; x_wconf 82' lang='grc' dir='ltr'>ἡ</span> <span class='ocrx_word' id='word_1_31' title='bbox 1218 414 1435 478; x_wconf 84' lang='grc' dir='ltr'>ἁμαρτία,</span> <span class='ocrx_word' id='word_1_32' title='bbox 1457 412 1700 465; x_wconf 79' lang='grc' dir='ltr'>πέπτωκεν</span> 
     </span>
     <span class='ocr_line' id='line_1_5' title="bbox 113 490 1184 558; baseline 0.005 -18"><span class='ocrx_word' id='word_1_33' title='bbox 113 492 137 540; x_wconf 85' lang='grc' dir='ltr'>ὁ</span> <span class='ocrx_word' id='word_1_34' title='bbox 162 494 389 553; x_wconf 83' lang='grc' dir='ltr'>σατανᾶς,</span> <span class='ocrx_word' id='word_1_35' title='bbox 419 490 708 558; x_wconf 80' lang='grc' dir='ltr'>κατήργηται</span> <span class='ocrx_word' id='word_1_36' title='bbox 736 490 785 542; x_wconf 79' lang='grc' dir='ltr'>δὲ</span> <span class='ocrx_word' id='word_1_37' title='bbox 813 494 887 543; x_wconf 80' lang='grc' dir='ltr'>καὶ</span> <span class='ocrx_word' id='word_1_38' title='bbox 915 494 939 542; x_wconf 86' lang='grc' dir='ltr'>ὁ</span> <span class='ocrx_word' id='word_1_39' title='bbox 969 492 1184 548; x_wconf 75' lang='grc' dir='ltr'>θάνατος.</span> 
     </span>
    </p>
   </div>
   <div class='ocr_carea' id='block_1_3' title="bbox 72 650 93 688">
    <p class='ocr_par' dir='ltr' id='par_1_3' title="bbox 72 650 93 688">
     <span class='ocr_line' id='line_1_6' title="bbox 72 650 93 688; textangle 90"><span class='ocrx_word' id='word_1_40' title='bbox 72 650 93 688; x_wconf 69' lang='lat'>01</span> 
     </span>
    </p>
   </div>
   <div class='ocr_carea' id='block_1_4' title="bbox 406 651 1399 710">
    <p class='ocr_par' dir='ltr' id='par_1_4' title="bbox 406 651 1399 710">
     <span class='ocr_line' id='line_1_7' title="bbox 406 651 1399 710; baseline 0.008 -18"><span class='ocrx_word' id='word_1_41' title='bbox 406 652 524 709; x_wconf 73' lang='grc' dir='ltr'>Ἄχρι</span> <span class='ocrx_word' id='word_1_42' title='bbox 562 652 638 709; x_wconf 80' lang='grc' dir='ltr'>Γὰρ</span> <span class='ocrx_word' id='word_1_43' title='bbox 677 654 807 702; x_wconf 82' lang='grc' dir='ltr'>νόμου</span> <span class='ocrx_word' id='word_1_44' title='bbox 846 654 1033 710; x_wconf 79' lang='grc' dir='ltr'>ἁμαρτία</span> <span class='ocrx_word' id='word_1_45' title='bbox 1068 651 1117 695; x_wconf 62' lang='grc' dir='ltr'>ἦν</span> <span class='ocrx_word' id='word_1_46' title='bbox 1157 656 1201 696; x_wconf 77' lang='grc' dir='ltr'>ὲν</span> <span class='ocrx_word' id='word_1_47' title='bbox 1242 657 1399 709; x_wconf 76' lang='grc' dir='ltr'>κόσμῳ.</span> 
     </span>
    </p>
   </div>
   <div class='ocr_carea' id='block_1_5' title="bbox 187 764 1703 838">
    <p class='ocr_par' dir='ltr' id='par_1_5' title="bbox 187 764 1703 838">
     <span class='ocr_line' id='line_1_8' title="bbox 187 764 1703 838; baseline 0.003 -23"><span class='ocrx_word' id='word_1_48' title='bbox 187 765 250 815; x_wconf 78' lang='lat' dir='ltr'>‘O</span> <span class='ocrx_word' id='word_1_49' title='bbox 277 764 417 829; x_wconf 89' lang='grc' dir='ltr'>νόμος</span> <span class='ocrx_word' id='word_1_50' title='bbox 452 767 477 816; x_wconf 84' lang='grc' dir='ltr'><em>ὁ</em></span> <span class='ocrx_word' id='word_1_51' title='bbox 513 765 588 817; x_wconf 80' lang='grc' dir='ltr'>διὰ</span> <span class='ocrx_word' id='word_1_52' title='bbox 616 769 877 832; x_wconf 74' lang='grc' dir='ltr'>Μωυσέως,</span> <span class='ocrx_word' id='word_1_53' title='bbox 905 767 1100 836; x_wconf 81' lang='grc' dir='ltr'>’ἐλεγχος</span> <span class='ocrx_word' id='word_1_54' title='bbox 1134 769 1205 834; x_wconf 82' lang='grc' dir='ltr'>ἧν,</span> <span class='ocrx_word' id='word_1_55' title='bbox 1234 772 1296 823; x_wconf 86' lang='grc' dir='ltr'>ὡς</span> <span class='ocrx_word' id='word_1_56' title='bbox 1332 769 1465 838; x_wconf 75' lang='grc' dir='ltr'>ἔφην,</span> <span class='ocrx_word' id='word_1_57' title='bbox 1490 771 1573 832; x_wconf 85' lang='grc' dir='ltr'>τῆς</span> <span class='ocrx_word' id='word_1_58' title='bbox 1608 772 1703 819; x_wconf 82' lang='grc' dir='ltr'>τῶν</span> 
     </span>
    </p>
   </div>
   <div class='ocr_carea' id='block_1_6' title="bbox 1746 207 1893 250">
    <p class='ocr_par' dir='ltr' id='par_1_6' title="bbox 1746 207 1893 250">
     <span class='ocr_line' id='line_1_9' title="bbox 1746 207 1893 250; baseline -0.014 -10"><span class='ocrx_word' id='word_1_59' title='bbox 1746 207 1893 250; x_wconf 45' lang='grc' dir='ltr'>[στι]</span> 
     </span>
    </p>
   </div>
   <div class='ocr_carea' id='block_1_7' title="bbox 1725 671 1770 707">
    <p class='ocr_par' dir='ltr' id='par_1_7' title="bbox 1725 671 1770 707">
     <span class='ocr_line' id='line_1_10' title="bbox 1725 671 1770 707; baseline 0 0"><span class='ocrx_word' id='word_1_60' title='bbox 1725 671 1770 707; x_wconf 79' lang='lat'>13</span> 
     </span>
    </p>
   </div>
   <div class='ocr_carea' id='block_1_8' title="bbox 114 848 1882 918">
    <p class='ocr_par' dir='ltr' id='par_1_8' title="bbox 114 848 1882 918">
     <span class='ocr_line' id='line_1_11' title="bbox 114 848 1882 918; baseline -0.004 -11"><span class='ocrx_word' id='word_1_61' title='bbox 114 848 375 898; x_wconf 65' lang='grc' dir='ltr'>πταιόντων</span> <span class='ocrx_word' id='word_1_62' title='bbox 400 849 656 911; x_wconf 71' lang='grc' dir='ltr'>ἀσθενείας,</span> <span class='ocrx_word' id='word_1_63' title='bbox 684 850 737 900; x_wconf 80' lang='grc' dir='ltr'>οὐ</span> <span class='ocrx_word' id='word_1_64' title='bbox 772 849 961 904; x_wconf 82' lang='grc' dir='ltr'>λυτικὸς</span> <span class='ocrx_word' id='word_1_65' title='bbox 999 852 1244 917; x_wconf 86' lang='grc' dir='ltr'>ἁμαρτίας·</span> <span class='ocrx_word' id='word_1_66' title='bbox 1301 850 1624 918; x_wconf 72' lang='grc' dir='ltr'>κατειργάζετο</span> <span class='ocrx_word' id='word_1_67' title='bbox 1655 849 1702 902; x_wconf 79' lang='grc' dir='ltr'>δὲ</span> <span class='ocrx_word' id='word_1_68' title='bbox 1720 856 1827 896; x_wconf 81' lang='lat' dir='ltr'>Supra</span> <span class='ocrx_word' id='word_1_69' title='bbox 1840 855 1882 886; x_wconf 87' lang='lat' dir='ltr'>iv.</span> 
     </span>
    </p>
   </div>
   <div class='ocr_carea' id='block_1_9' title="bbox 1665 936 1685 946">
    <p class='ocr_par' dir='ltr' id='par_1_9' title="bbox 1665 936 1685 946">
     <span class='ocr_line' id='line_1_12' title="bbox 1665 936 1685 946; baseline 0 0"><span class='ocrx_word' id='word_1_70' title='bbox 1665 936 1685 946; x_wconf 64' lang='grc' dir='ltr'>Α</span> 
     </span>
    </p>
   </div>
   <div class='ocr_carea' id='block_1_10' title="bbox 49 929 1710 1884">
    <p class='ocr_par' dir='ltr' id='par_1_10' title="bbox 114 929 1705 1081">
     <span class='ocr_line' id='line_1_13' title="bbox 114 929 1705 1000; baseline 0.005 -21"><span class='ocrx_word' id='word_1_71' title='bbox 114 933 304 991; x_wconf 84' lang='grc' dir='ltr'>μᾶλλον</span> <span class='ocrx_word' id='word_1_72' title='bbox 343 929 505 996; x_wconf 86' lang='grc' dir='ltr'>ὀργήν·</span> <span class='ocrx_word' id='word_1_73' title='bbox 560 929 618 995; x_wconf 80' lang='grc' dir='ltr'>ἧν</span> <span class='ocrx_word' id='word_1_74' title='bbox 662 930 756 996; x_wconf 80' lang='grc' dir='ltr'>γὰρ</span> <span class='ocrx_word' id='word_1_75' title='bbox 800 931 983 997; x_wconf 80' lang='grc' dir='ltr'>ἀνάγκη</span> <span class='ocrx_word' id='word_1_76' title='bbox 1028 932 1136 986; x_wconf 75' lang='grc' dir='ltr'>τοὺς</span> <span class='ocrx_word' id='word_1_77' title='bbox 1181 933 1564 1000; x_wconf 87' lang='grc' dir='ltr'>παραβαίνοντας</span> <span class='ocrx_word' id='word_1_78' title='bbox 1605 955 1705 987; x_wconf 81' lang='grc' dir='ltr'>ταις</span> 
     </span>
     <span class='ocr_line' id='line_1_14' title="bbox 115 1009 1705 1081; baseline 0.005 -21"><span class='ocrx_word' id='word_1_79' title='bbox 115 1012 163 1061; x_wconf 85' lang='grc' dir='ltr'>ἐν</span> <span class='ocrx_word' id='word_1_80' title='bbox 189 1009 316 1080; x_wconf 73' lang='grc' dir='ltr'>νόμῳ</span> <span class='ocrx_word' id='word_1_81' title='bbox 355 1012 683 1077; x_wconf 76' lang='grc' dir='ltr'>διωρισμέναις</span> <span class='ocrx_word' id='word_1_82' title='bbox 722 1012 1045 1081; x_wconf 73' lang='grc' dir='ltr'>ὑποφέρεσθαι</span> <span class='ocrx_word' id='word_1_83' title='bbox 1087 1016 1248 1069; x_wconf 82' lang='grc' dir='ltr'>δίκαις·</span> <span class='ocrx_word' id='word_1_84' title='bbox 1305 1014 1358 1065; x_wconf 79' lang='grc' dir='ltr'>οὗ</span> <span class='ocrx_word' id='word_1_85' title='bbox 1398 1014 1446 1065; x_wconf 79' lang='grc' dir='ltr'>δὲ</span> <span class='ocrx_word' id='word_1_86' title='bbox 1485 1014 1541 1078; x_wconf 87' lang='grc' dir='ltr'>δὴ</span> <span class='ocrx_word' id='word_1_87' title='bbox 1581 1014 1705 1068; x_wconf 82' lang='grc' dir='ltr'>ὅλως</span> 
     </span>
    </p>

    <p class='ocr_par' dir='ltr' id='par_1_11' title="bbox 49 1092 1707 1492">
     <span class='ocr_line' id='line_1_15' title="bbox 49 1092 1705 1162; baseline 0.003 -21"><span class='ocrx_word' id='word_1_88' title='bbox 49 1116 97 1140; x_wconf 91' lang='lat'>10</span> <span class='ocrx_word' id='word_1_89' title='bbox 115 1092 432 1158; x_wconf 85' lang='grc' dir='ltr'>παραβάσεως</span> <span class='ocrx_word' id='word_1_90' title='bbox 483 1092 671 1160; x_wconf 83' lang='grc' dir='ltr'>τρόπος,</span> <span class='ocrx_word' id='word_1_91' title='bbox 718 1096 811 1146; x_wconf 85' lang='grc' dir='ltr'>ἐκεῖ</span> <span class='ocrx_word' id='word_1_92' title='bbox 849 1119 942 1147; x_wconf 90' lang='grc' dir='ltr'>που</span> <span class='ocrx_word' id='word_1_93' title='bbox 986 1095 1175 1151; x_wconf 78' lang='grc' dir='ltr'>πάντως</span> <span class='ocrx_word' id='word_1_94' title='bbox 1226 1099 1301 1147; x_wconf 79' lang='grc' dir='ltr'>καὶ</span> <span class='ocrx_word' id='word_1_95' title='bbox 1347 1097 1566 1162; x_wconf 84' lang='grc' dir='ltr'>ἁμαρτία.</span> <span class='ocrx_word' id='word_1_96' title='bbox 1629 1098 1705 1147; x_wconf 82' lang='grc' dir='ltr'>καὶ</span> 
     </span>
     <span class='ocr_line' id='line_1_16' title="bbox 117 1173 1702 1246; baseline 0.003 -22"><span class='ocrx_word' id='word_1_97' title='bbox 117 1173 242 1240; x_wconf 82' lang='grc' dir='ltr'>ε’ίπερ</span> <span class='ocrx_word' id='word_1_98' title='bbox 281 1176 412 1225; x_wconf 78' lang='grc' dir='ltr'>ἐστὶν</span> <span class='ocrx_word' id='word_1_99' title='bbox 452 1176 656 1242; x_wconf 84' lang='grc' dir='ltr'>ἁμαρτία</span> <span class='ocrx_word' id='word_1_100' title='bbox 695 1175 900 1228; x_wconf 82' lang='grc' dir='ltr'>θανάτου</span> <span class='ocrx_word' id='word_1_101' title='bbox 935 1178 1178 1246; x_wconf 74' lang='grc' dir='ltr'>πρόξενος,</span> <span class='ocrx_word' id='word_1_102' title='bbox 1204 1177 1342 1230; x_wconf 82' lang='grc' dir='ltr'>πᾶσά</span> <span class='ocrx_word' id='word_1_103' title='bbox 1378 1201 1478 1231; x_wconf 87' lang='grc' dir='ltr'>πως</span> <span class='ocrx_word' id='word_1_104' title='bbox 1518 1176 1702 1243; x_wconf 81' lang='grc' dir='ltr'>ἀνάγκη</span> 
     </span>
     <span class='ocr_line' id='line_1_17' title="bbox 117 1257 1702 1328; baseline 0.002 -22"><span class='ocrx_word' id='word_1_105' title='bbox 117 1258 446 1323; x_wconf 84' lang='grc' dir='ltr'>συνεῤῥῶσθαι</span> <span class='ocrx_word' id='word_1_106' title='bbox 479 1257 635 1323; x_wconf 81' lang='grc' dir='ltr'>λέγειν</span> <span class='ocrx_word' id='word_1_107' title='bbox 661 1259 778 1326; x_wconf 80' lang='grc' dir='ltr'>αὐτῇ</span> <span class='ocrx_word' id='word_1_108' title='bbox 814 1261 890 1310; x_wconf 81' lang='grc' dir='ltr'>καὶ</span> <span class='ocrx_word' id='word_1_109' title='bbox 916 1259 998 1310; x_wconf 84' lang='grc' dir='ltr'>τὸν</span> <span class='ocrx_word' id='word_1_110' title='bbox 1025 1260 1082 1328; x_wconf 76' lang='grc' dir='ltr'>ἐξ</span> <span class='ocrx_word' id='word_1_111' title='bbox 1109 1261 1252 1323; x_wconf 82' lang='grc' dir='ltr'>αὐτῆς</span> <span class='ocrx_word' id='word_1_112' title='bbox 1276 1259 1524 1327; x_wconf 82' lang='grc' dir='ltr'>ἀναφύντα</span> <span class='ocrx_word' id='word_1_113' title='bbox 1551 1258 1702 1310; x_wconf 84' lang='grc' dir='ltr'>θάνα-</span> 
     </span>
     <span class='ocr_line' id='line_1_18' title="bbox 117 1339 1707 1407; baseline 0.002 -19"><span class='ocrx_word' id='word_1_114' title='bbox 117 1358 216 1389; x_wconf 88' lang='grc' dir='ltr'>τον·</span> <span class='ocrx_word' id='word_1_115' title='bbox 258 1340 555 1407; x_wconf 79' lang='grc' dir='ltr'>καθῃρημένῃ</span> <span class='ocrx_word' id='word_1_116' title='bbox 594 1362 643 1391; x_wconf 86' lang='grc' dir='ltr'>τε</span> <span class='ocrx_word' id='word_1_117' title='bbox 681 1340 871 1394; x_wconf 86' lang='grc' dir='ltr'>πάντως</span> <span class='ocrx_word' id='word_1_118' title='bbox 908 1342 1358 1406; x_wconf 88' lang='grc' dir='ltr'>συγκατασείεσθαι,</span> <span class='ocrx_word' id='word_1_119' title='bbox 1392 1343 1467 1392; x_wconf 81' lang='grc' dir='ltr'>καὶ</span> <span class='ocrx_word' id='word_1_120' title='bbox 1507 1339 1581 1391; x_wconf 77' lang='grc' dir='ltr'>οἶά</span> <span class='ocrx_word' id='word_1_121' title='bbox 1618 1363 1707 1407; x_wconf 92' lang='grc' dir='ltr'>περ</span> 
     </span>
     <span class='ocr_line' id='line_1_19' title="bbox 119 1420 1706 1492; baseline 0.003 -22"><span class='ocrx_word' id='word_1_122' title='bbox 119 1420 213 1488; x_wconf 76' lang='grc' dir='ltr'>ἰδίᾳ</span> <span class='ocrx_word' id='word_1_123' title='bbox 237 1422 618 1473; x_wconf 85' lang='grc' dir='ltr'>συνδιολλύσθαι</span> <span class='ocrx_word' id='word_1_124' title='bbox 643 1423 801 1489; x_wconf 87' lang='grc' dir='ltr'>μητρί·</span> <span class='ocrx_word' id='word_1_125' title='bbox 857 1420 898 1483; x_wconf 71' lang='grc' dir='ltr'>ἧν</span> <span class='ocrx_word' id='word_1_126' title='bbox 925 1424 1006 1474; x_wconf 78' lang='grc' dir='ltr'>οὖν</span> <span class='ocrx_word' id='word_1_127' title='bbox 1033 1422 1138 1491; x_wconf 73' lang='grc' dir='ltr'>ἑίχρι</span> <span class='ocrx_word' id='word_1_128' title='bbox 1168 1426 1293 1492; x_wconf 73' lang='grc' dir='ltr'>νόμου</span> <span class='ocrx_word' id='word_1_129' title='bbox 1320 1423 1526 1491; x_wconf 61' lang='grc' dir='ltr'>ἁμαρτία,</span> <span class='ocrx_word' id='word_1_130' title='bbox 1554 1424 1706 1490; x_wconf 80' lang='grc' dir='ltr'>φησὶν</span> 
     </span>
    </p>

    <p class='ocr_par' dir='ltr' id='par_1_12' title="bbox 54 1502 1710 1884">
     <span class='ocr_line' id='line_1_20' title="bbox 54 1502 1708 1572; baseline -0.002 -15"><span class='ocrx_word' id='word_1_131' title='bbox 54 1518 99 1557; x_wconf 90' lang='lat'>15</span> <span class='ocrx_word' id='word_1_132' title='bbox 120 1502 157 1554; x_wconf 79' lang='grc' dir='ltr'>ἐν</span> <span class='ocrx_word' id='word_1_133' title='bbox 185 1504 356 1572; x_wconf 69' lang='grc' dir='ltr'>κόσμῳ·</span> <span class='ocrx_word' id='word_1_134' title='bbox 410 1503 618 1567; x_wconf 72' lang='grc' dir='ltr'>κειμένου</span> <span class='ocrx_word' id='word_1_135' title='bbox 655 1503 749 1569; x_wconf 75' lang='grc' dir='ltr'>γὰρ</span> <span class='ocrx_word' id='word_1_136' title='bbox 775 1504 840 1555; x_wconf 75' lang='grc' dir='ltr'>ἔτι</span> <span class='ocrx_word' id='word_1_137' title='bbox 867 1511 949 1556; x_wconf 80' lang='grc' dir='ltr'>τοῦ</span> <span class='ocrx_word' id='word_1_138' title='bbox 983 1505 1140 1568; x_wconf 82' lang='grc' dir='ltr'>νόμου,</span> <span class='ocrx_word' id='word_1_139' title='bbox 1169 1506 1243 1555; x_wconf 83' lang='grc' dir='ltr'>καὶ</span> <span class='ocrx_word' id='word_1_140' title='bbox 1280 1503 1340 1555; x_wconf 81' lang='grc' dir='ltr'>τὰ</span> <span class='ocrx_word' id='word_1_141' title='bbox 1373 1507 1456 1568; x_wconf 82' lang='grc' dir='ltr'>τῆς</span> <span class='ocrx_word' id='word_1_142' title='bbox 1488 1503 1708 1569; x_wconf 86' lang='grc' dir='ltr'>παραβά-</span> 
     </span>
     <span class='ocr_line' id='line_1_21' title="bbox 120 1584 1707 1653; baseline 0.003 -19"><span class='ocrx_word' id='word_1_143' title='bbox 120 1607 242 1638; x_wconf 94' lang='grc' dir='ltr'>σεως</span> <span class='ocrx_word' id='word_1_144' title='bbox 268 1584 544 1650; x_wconf 84' lang='grc' dir='ltr'>ἐγκλήματα</span> <span class='ocrx_word' id='word_1_145' title='bbox 569 1584 688 1636; x_wconf 81' lang='grc' dir='ltr'>κατὰ</span> <span class='ocrx_word' id='word_1_146' title='bbox 713 1590 807 1636; x_wconf 83' lang='grc' dir='ltr'>τῶν</span> <span class='ocrx_word' id='word_1_147' title='bbox 832 1585 1097 1637; x_wconf 87' lang='grc' dir='ltr'>πταιόντων</span> <span class='ocrx_word' id='word_1_148' title='bbox 1123 1587 1409 1652; x_wconf 84' lang='grc' dir='ltr'>ἐκρατύνετο·</span> <span class='ocrx_word' id='word_1_149' title='bbox 1452 1588 1707 1653; x_wconf 82' lang='grc' dir='ltr'>ἀργοῦντος</span> 
     </span>
     <span class='ocr_line' id='line_1_22' title="bbox 121 1664 1705 1738; baseline 0.002 -22"><span class='ocrx_word' id='word_1_150' title='bbox 121 1664 169 1716; x_wconf 79' lang='grc' dir='ltr'>δὲ</span> <span class='ocrx_word' id='word_1_151' title='bbox 214 1666 315 1730; x_wconf 74' lang='grc' dir='ltr'>ἤδη,</span> <span class='ocrx_word' id='word_1_152' title='bbox 364 1666 596 1718; x_wconf 78' lang='grc' dir='ltr'>πέπαυται</span> <span class='ocrx_word' id='word_1_153' title='bbox 640 1666 732 1718; x_wconf 77' lang='grc' dir='ltr'>σὺν</span> <span class='ocrx_word' id='word_1_154' title='bbox 776 1668 902 1737; x_wconf 71' lang='grc' dir='ltr'>αὐτῷ</span> <span class='ocrx_word' id='word_1_155' title='bbox 951 1674 1034 1719; x_wconf 85' lang='grc' dir='ltr'>τοῦ</span> <span class='ocrx_word' id='word_1_156' title='bbox 1084 1669 1394 1735; x_wconf 81' lang='grc' dir='ltr'>παραβαίνειν</span> <span class='ocrx_word' id='word_1_157' title='bbox 1445 1669 1472 1731; x_wconf 85' lang='grc' dir='ltr'>ἡ</span> <span class='ocrx_word' id='word_1_158' title='bbox 1523 1668 1705 1738; x_wconf 89' lang='grc' dir='ltr'>γραφή·</span> 
     </span>
     <span class='ocr_line' id='line_1_23' title="bbox 121 1748 1710 1819; baseline 0.002 -21"><span class='ocrx_word' id='word_1_159' title='bbox 121 1748 418 1813; x_wconf 78' lang='grc' dir='ltr'>πεπαυμένης</span> <span class='ocrx_word' id='word_1_160' title='bbox 457 1748 504 1800; x_wconf 79' lang='grc' dir='ltr'>δὲ</span> <span class='ocrx_word' id='word_1_161' title='bbox 542 1751 626 1812; x_wconf 82' lang='grc' dir='ltr'>τῆς</span> <span class='ocrx_word' id='word_1_162' title='bbox 663 1750 904 1816; x_wconf 85' lang='grc' dir='ltr'>ἁμαρτίας,</span> <span class='ocrx_word' id='word_1_163' title='bbox 934 1752 996 1804; x_wconf 85' lang='grc' dir='ltr'>ὡς</span> <span class='ocrx_word' id='word_1_164' title='bbox 1034 1750 1168 1819; x_wconf 77' lang='grc' dir='ltr'>ἔφην,</span> <span class='ocrx_word' id='word_1_165' title='bbox 1200 1750 1596 1815; x_wconf 83' lang='grc' dir='ltr'>συμπεπαύσεται</span> <span class='ocrx_word' id='word_1_166' title='bbox 1634 1753 1710 1801; x_wconf 83' lang='grc' dir='ltr'>καὶ</span> 
     </span>
     <span class='ocr_line' id='line_1_24' title="bbox 123 1828 392 1884; baseline 0.007 -5"><span class='ocrx_word' id='word_1_167' title='bbox 123 1830 148 1879; x_wconf 89' lang='grc' dir='ltr'>ὁ</span> <span class='ocrx_word' id='word_1_168' title='bbox 177 1828 392 1884; x_wconf 88' lang='grc' dir='ltr'>θάνατος.</span> 
     </span>
    </p>
   </div>
   <div class='ocr_carea' id='block_1_11' title="bbox 55 1991 1691 2051">
    <p class='ocr_par' dir='ltr' id='par_1_13' title="bbox 55 1991 1691 2051">
     <span class='ocr_line' id='line_1_25' title="bbox 55 1991 1691 2051; baseline 0.003 -21"><span class='ocrx_word' id='word_1_169' title='bbox 55 2004 104 2030; x_wconf 90' lang='lat'>20</span> <span class='ocrx_word' id='word_1_170' title='bbox 134 1991 248 2032; x_wconf 78' lang='grc' dir='ltr'>Ἀλλ’</span> <span class='ocrx_word' id='word_1_171' title='bbox 291 1991 561 2042; x_wconf 78' lang='grc' dir='ltr'>ἐβασίλευσεν</span> <span class='ocrx_word' id='word_1_172' title='bbox 599 1994 614 2034; x_wconf 73' lang='grc' dir='ltr'>ἔ</span> <span class='ocrx_word' id='word_1_173' title='bbox 660 1994 842 2034; x_wconf 69' lang='grc' dir='ltr'>θάνατος</span> <span class='ocrx_word' id='word_1_174' title='bbox 879 1992 965 2036; x_wconf 73' lang='grc' dir='ltr'>ἀπὸ</span> <span class='ocrx_word' id='word_1_175' title='bbox 996 1993 1134 2043; x_wconf 69' lang='grc' dir='ltr'>Ἀδὰμ</span> <span class='ocrx_word' id='word_1_176' title='bbox 1171 1995 1291 2051; x_wconf 75' lang='grc' dir='ltr'>μέχρι</span> <span class='ocrx_word' id='word_1_177' title='bbox 1322 1993 1522 2036; x_wconf 72' lang='grc' dir='ltr'>Μωσέως</span> <span class='ocrx_word' id='word_1_178' title='bbox 1561 2002 1691 2039; x_wconf 83' lang='grc' dir='ltr'>κ,τ.λ.</span> 
     </span>
    </p>
   </div>
   <div class='ocr_carea' id='block_1_12' title="bbox 62 2116 1725 2839">
    <p class='ocr_par' dir='ltr' id='par_1_14' title="bbox 125 2116 1716 2427">
     <span class='ocr_line' id='line_1_26' title="bbox 197 2116 1712 2186; baseline 0.003 -19"><span class='ocrx_word' id='word_1_179' title='bbox 197 2117 340 2168; x_wconf 88' lang='grc' dir='ltr'>Ἀλλ’</span> <span class='ocrx_word' id='word_1_180' title='bbox 369 2121 406 2168; x_wconf 79' lang='grc' dir='ltr'>εἰ</span> <span class='ocrx_word' id='word_1_181' title='bbox 436 2123 589 2180; x_wconf 86' lang='grc' dir='ltr'>τοῦτο,</span> <span class='ocrx_word' id='word_1_182' title='bbox 615 2117 719 2168; x_wconf 87' lang='grc' dir='ltr'>τίνα</span> <span class='ocrx_word' id='word_1_183' title='bbox 746 2116 921 2183; x_wconf 90' lang='grc' dir='ltr'>τρόπον</span> <span class='ocrx_word' id='word_1_184' title='bbox 948 2118 1066 2185; x_wconf 85' lang='grc' dir='ltr'>φαίη</span> <span class='ocrx_word' id='word_1_185' title='bbox 1092 2141 1162 2173; x_wconf 91' lang='grc' dir='ltr'>τις</span> <span class='ocrx_word' id='word_1_186' title='bbox 1188 2118 1245 2170; x_wconf 80' lang='grc' dir='ltr'>ἂν</span> <span class='ocrx_word' id='word_1_187' title='bbox 1272 2120 1591 2186; x_wconf 84' lang='grc' dir='ltr'>κατεκράτησε</span> <span class='ocrx_word' id='word_1_188' title='bbox 1618 2124 1712 2171; x_wconf 81' lang='grc' dir='ltr'>τῶν</span> 
     </span>
     <span class='ocr_line' id='line_1_27' title="bbox 125 2198 1713 2267; baseline 0.001 -17"><span class='ocrx_word' id='word_1_189' title='bbox 125 2201 200 2250; x_wconf 84' lang='grc' dir='ltr'>ἐπὶ</span> <span class='ocrx_word' id='word_1_190' title='bbox 237 2202 320 2262; x_wconf 85' lang='grc' dir='ltr'>τῆς</span> <span class='ocrx_word' id='word_1_191' title='bbox 357 2201 445 2265; x_wconf 84' lang='grc' dir='ltr'>γῆς</span> <span class='ocrx_word' id='word_1_192' title='bbox 479 2201 554 2250; x_wconf 82' lang='grc' dir='ltr'>καὶ</span> <span class='ocrx_word' id='word_1_193' title='bbox 588 2199 681 2265; x_wconf 83' lang='grc' dir='ltr'>πρὸ</span> <span class='ocrx_word' id='word_1_194' title='bbox 714 2198 859 2262; x_wconf 88' lang='grc' dir='ltr'>νόμου</span> <span class='ocrx_word' id='word_1_195' title='bbox 893 2199 1128 2262; x_wconf 85' lang='grc' dir='ltr'>θάνατος;</span> <span class='ocrx_word' id='word_1_196' title='bbox 1183 2204 1220 2250; x_wconf 81' lang='grc' dir='ltr'>εὶ</span> <span class='ocrx_word' id='word_1_197' title='bbox 1258 2200 1353 2267; x_wconf 80' lang='grc' dir='ltr'>γὰρ</span> <span class='ocrx_word' id='word_1_198' title='bbox 1385 2202 1466 2251; x_wconf 89' lang='grc' dir='ltr'>καί</span> <span class='ocrx_word' id='word_1_199' title='bbox 1499 2224 1620 2255; x_wconf 84' lang='grc' dir='ltr'>τινες</span> <span class='ocrx_word' id='word_1_200' title='bbox 1658 2202 1713 2252; x_wconf 83' lang='grc' dir='ltr'>οὐ</span> 
     </span>
     <span class='ocr_line' id='line_1_28' title="bbox 127 2279 1712 2349; baseline 0.001 -18"><span class='ocrx_word' id='word_1_201' title='bbox 127 2279 356 2346; x_wconf 89' lang='grc' dir='ltr'>γεγόνασι</span> <span class='ocrx_word' id='word_1_202' title='bbox 400 2284 500 2334; x_wconf 85' lang='grc' dir='ltr'>ταῖς</span> <span class='ocrx_word' id='word_1_203' title='bbox 543 2286 625 2331; x_wconf 90' lang='grc' dir='ltr'>τοῦ</span> <span class='ocrx_word' id='word_1_204' title='bbox 667 2280 810 2343; x_wconf 87' lang='grc' dir='ltr'>νόμου</span> <span class='ocrx_word' id='word_1_205' title='bbox 853 2281 1192 2347; x_wconf 82' lang='grc' dir='ltr'>παραβάσεσιν</span> <span class='ocrx_word' id='word_1_206' title='bbox 1227 2282 1394 2349; x_wconf 80' lang='grc' dir='ltr'>ἔνοχοι,</span> <span class='ocrx_word' id='word_1_207' title='bbox 1434 2283 1510 2333; x_wconf 83' lang='grc' dir='ltr'>διά</span> <span class='ocrx_word' id='word_1_208' title='bbox 1547 2305 1619 2333; x_wconf 89' lang='grc' dir='ltr'>τοι</span> <span class='ocrx_word' id='word_1_209' title='bbox 1657 2282 1712 2333; x_wconf 84' lang='grc' dir='ltr'>τὸ</span> 
     </span>
     <span class='ocr_line' id='line_1_29' title="bbox 128 2361 1716 2427; baseline 0 -13"><span class='ocrx_word' id='word_1_210' title='bbox 128 2361 270 2427; x_wconf 85' lang='grc' dir='ltr'>μήπω</span> <span class='ocrx_word' id='word_1_211' title='bbox 309 2366 544 2413; x_wconf 82' lang='grc' dir='ltr'>τεθεῖσθαι</span> <span class='ocrx_word' id='word_1_212' title='bbox 587 2361 670 2413; x_wconf 83' lang='grc' dir='ltr'>τὸν</span> <span class='ocrx_word' id='word_1_213' title='bbox 716 2362 873 2427; x_wconf 88' lang='grc' dir='ltr'>νόμον,</span> <span class='ocrx_word' id='word_1_214' title='bbox 913 2362 1024 2414; x_wconf 87' lang='grc' dir='ltr'>ἀλλ’</span> <span class='ocrx_word' id='word_1_215' title='bbox 1067 2364 1306 2415; x_wconf 78' lang='grc' dir='ltr'>ὑπέδυσαν</span> <span class='ocrx_word' id='word_1_216' title='bbox 1344 2366 1420 2414; x_wconf 78' lang='grc' dir='ltr'>καὶ</span> <span class='ocrx_word' id='word_1_217' title='bbox 1440 2365 1590 2423; x_wconf 51' lang='grc' dir='ltr'>,αὐτοὶ</span> <span class='ocrx_word' id='word_1_218' title='bbox 1629 2363 1716 2427; x_wconf 91' lang='grc' dir='ltr'>τὴν</span> 
     </span>
    </p>

    <p class='ocr_par' dir='ltr' id='par_1_15' title="bbox 62 2443 1725 2839">
     <span class='ocr_line' id='line_1_30' title="bbox 62 2443 1716 2514; baseline 0 -18"><span class='ocrx_word' id='word_1_219' title='bbox 62 2462 110 2502; x_wconf 87' lang='lat'>25</span> <span class='ocrx_word' id='word_1_220' title='bbox 131 2443 316 2514; x_wconf 77' lang='grc' dir='ltr'>φθορὰν</span> <span class='ocrx_word' id='word_1_221' title='bbox 351 2445 423 2496; x_wconf 65' lang='grc' dir='ltr'>ἐπὶ</span> <span class='ocrx_word' id='word_1_222' title='bbox 463 2450 524 2514; x_wconf 72' lang='grc' dir='ltr'>τῷ</span> <span class='ocrx_word' id='word_1_223' title='bbox 562 2444 808 2513; x_wconf 67' lang='grc' dir='ltr'>ὁμοιώματι</span> <span class='ocrx_word' id='word_1_224' title='bbox 848 2444 922 2505; x_wconf 67' lang='grc' dir='ltr'>τῆς</span> <span class='ocrx_word' id='word_1_225' title='bbox 965 2445 1281 2513; x_wconf 73' lang='grc' dir='ltr'>παραβάσεως</span> <span class='ocrx_word' id='word_1_226' title='bbox 1319 2444 1490 2514; x_wconf 56' lang='grc' dir='ltr'>Ἀδάμ·</span> <span class='ocrx_word' id='word_1_227' title='bbox 1556 2446 1716 2508; x_wconf 80' lang='grc' dir='ltr'>ὅμοιον</span> 
     </span>
     <span class='ocr_line' id='line_1_31' title="bbox 131 2524 1718 2594; baseline 0.001 -17"><span class='ocrx_word' id='word_1_228' title='bbox 131 2528 245 2578; x_wconf 78' lang='grc' dir='ltr'>ὡσεὶ</span> <span class='ocrx_word' id='word_1_229' title='bbox 271 2527 403 2592; x_wconf 82' lang='grc' dir='ltr'>λέγοι</span> <span class='ocrx_word' id='word_1_230' title='bbox 428 2524 570 2593; x_wconf 86' lang='grc' dir='ltr'>τυχόν</span> <span class='ocrx_word' id='word_1_231' title='bbox 596 2526 956 2594; x_wconf 80' lang='grc' dir='ltr'>Ἐπιτρέχοντος</span> <span class='ocrx_word' id='word_1_232' title='bbox 984 2532 1065 2577; x_wconf 82' lang='grc' dir='ltr'>τοῦ</span> <span class='ocrx_word' id='word_1_233' title='bbox 1092 2527 1298 2578; x_wconf 88' lang='grc' dir='ltr'>θανάτου</span> <span class='ocrx_word' id='word_1_234' title='bbox 1325 2529 1433 2578; x_wconf 88' lang='grc' dir='ltr'>καθ’</span> <span class='ocrx_word' id='word_1_235' title='bbox 1464 2528 1718 2591; x_wconf 82' lang='grc' dir='ltr'>ὁμοιότητα</span> 
     </span>
     <span class='ocr_line' id='line_1_32' title="bbox 130 2606 1719 2677; baseline 0.001 -18"><span class='ocrx_word' id='word_1_236' title='bbox 130 2607 216 2672; x_wconf 88' lang='grc' dir='ltr'>τὴν</span> <span class='ocrx_word' id='word_1_237' title='bbox 253 2607 410 2670; x_wconf 80' lang='grc' dir='ltr'>Ἀδὰμ</span> <span class='ocrx_word' id='word_1_238' title='bbox 444 2606 497 2658; x_wconf 84' lang='grc' dir='ltr'>τὸ</span> <span class='ocrx_word' id='word_1_239' title='bbox 524 2607 581 2676; x_wconf 73' lang='grc' dir='ltr'>ἐξ</span> <span class='ocrx_word' id='word_1_240' title='bbox 615 2608 757 2658; x_wconf 80' lang='grc' dir='ltr'>αὐτοῦ</span> <span class='ocrx_word' id='word_1_241' title='bbox 796 2611 891 2659; x_wconf 85' lang='grc' dir='ltr'>πᾶν</span> <span class='ocrx_word' id='word_1_242' title='bbox 918 2607 1066 2673; x_wconf 80' lang='grc' dir='ltr'>γένος,</span> <span class='ocrx_word' id='word_1_243' title='bbox 1093 2607 1257 2675; x_wconf 82' lang='grc' dir='ltr'>ὥσπερ</span> <span class='ocrx_word' id='word_1_244' title='bbox 1294 2614 1446 2677; x_wconf 85' lang='grc' dir='ltr'>φυτοῦ</span> <span class='ocrx_word' id='word_1_245' title='bbox 1484 2608 1719 2662; x_wconf 87' lang='grc' dir='ltr'>παθόντος</span> 
     </span>
     <span class='ocr_line' id='line_1_33' title="bbox 132 2687 1719 2758; baseline 0.001 -18"><span class='ocrx_word' id='word_1_246' title='bbox 132 2688 319 2750; x_wconf 80' lang='grc' dir='ltr'>βλάβος</span> <span class='ocrx_word' id='word_1_247' title='bbox 344 2693 406 2742; x_wconf 81' lang='grc' dir='ltr'>εἰς</span> <span class='ocrx_word' id='word_1_248' title='bbox 430 2687 573 2756; x_wconf 77' lang='grc' dir='ltr'>ῥίζαν,</span> <span class='ocrx_word' id='word_1_249' title='bbox 592 2688 728 2740; x_wconf 81' lang='grc' dir='ltr'>πᾶσά</span> <span class='ocrx_word' id='word_1_250' title='bbox 753 2712 853 2742; x_wconf 89' lang='grc' dir='ltr'>πως</span> <span class='ocrx_word' id='word_1_251' title='bbox 881 2689 1063 2755; x_wconf 85' lang='grc' dir='ltr'>ἀνάγκη</span> <span class='ocrx_word' id='word_1_252' title='bbox 1087 2688 1195 2743; x_wconf 79' lang='grc' dir='ltr'>τοὺς</span> <span class='ocrx_word' id='word_1_253' title='bbox 1221 2689 1279 2758; x_wconf 75' lang='grc' dir='ltr'>ἐξ</span> <span class='ocrx_word' id='word_1_254' title='bbox 1301 2690 1444 2740; x_wconf 82' lang='grc' dir='ltr'>αὑτοῦ</span> <span class='ocrx_word' id='word_1_255' title='bbox 1464 2688 1719 2756; x_wconf 85' lang='grc' dir='ltr'>γεγονότας</span> 
     </span>
     <span class='ocr_line' id='line_1_34' title="bbox 134 2768 1725 2839; baseline -0.002 -17"><span class='ocrx_word' id='word_1_256' title='bbox 134 2771 444 2837; x_wconf 89' lang='grc' dir='ltr'>μαραίνεσθαι</span> <span class='ocrx_word' id='word_1_257' title='bbox 478 2775 676 2824; x_wconf 81' lang='grc' dir='ltr'>κλῶνας.</span> <span class='ocrx_word' id='word_1_258' title='bbox 727 2770 876 2822; x_wconf 84' lang='grc' dir='ltr'>τύπον</span> <span class='ocrx_word' id='word_1_259' title='bbox 901 2771 1046 2837; x_wconf 89' lang='grc' dir='ltr'>γεμὴν</span> <span class='ocrx_word' id='word_1_260' title='bbox 1072 2770 1215 2822; x_wconf 80' lang='grc' dir='ltr'>αὐτὸν</span> <span class='ocrx_word' id='word_1_261' title='bbox 1241 2773 1312 2823; x_wconf 67' lang='grc' dir='ltr'>τοῦ</span> <span class='ocrx_word' id='word_1_262' title='bbox 1340 2770 1580 2839; x_wconf 69' lang='grc' dir='ltr'>μέλλοντος</span> <span class='ocrx_word' id='word_1_263' title='bbox 1607 2768 1725 2821; x_wconf 76' lang='grc' dir='ltr'>εἶναί</span> 
     </span>
    </p>
   </div>
   <div class='ocr_carea' id='block_1_13' title="bbox 186 2935 1674 2982">
    <p class='ocr_par' dir='ltr' id='par_1_16' title="bbox 186 2935 1674 2982">
     <span class='ocr_line' id='line_1_35' title="bbox 186 2935 1674 2982; baseline -0.001 -13"><span class='ocrx_word' id='word_1_264' title='bbox 186 2936 218 2971; x_wconf 87' lang='grc'>6.</span> <span class='ocrx_word' id='word_1_265' title='bbox 246 2939 264 2970; x_wconf 91' lang='grc' dir='ltr'>ὁ</span> <span class='ocrx_word' id='word_1_266' title='bbox 281 2938 339 2972; x_wconf 88' lang='lat' dir='ltr'>alt.</span> <span class='ocrx_word' id='word_1_267' title='bbox 359 2949 429 2972; x_wconf 90' lang='lat' dir='ltr'>om.</span> <span class='ocrx_word' id='word_1_268' title='bbox 449 2937 494 2972; x_wconf 87' lang='lat' dir='ltr'>B.</span> <span class='ocrx_word' id='word_1_269' title='bbox 654 2946 684 2981; x_wconf 90' lang='lat'>7.</span> <span class='ocrx_word' id='word_1_270' title='bbox 712 2937 933 2982; x_wconf 80' lang='grc' dir='ltr'>κατεργάζετο</span> <span class='ocrx_word' id='word_1_271' title='bbox 954 2937 994 2971; x_wconf 89' lang='grc' dir='ltr'>Β.</span> <span class='ocrx_word' id='word_1_272' title='bbox 1158 2946 1210 2981; x_wconf 88' lang='lat'>13.</span> <span class='ocrx_word' id='word_1_273' title='bbox 1238 2936 1422 2981; x_wconf 80' lang='grc' dir='ltr'>κατηρμένῃ</span> <span class='ocrx_word' id='word_1_274' title='bbox 1441 2936 1520 2980; x_wconf 81' lang='lat' dir='ltr'>(Sic)</span> <span class='ocrx_word' id='word_1_275' title='bbox 1540 2935 1674 2979; x_wconf 84' lang='lat' dir='ltr'>Migne.</span> 
     </span>
    </p>
   </div>
   <div class='ocr_carea' id='block_1_14' title="bbox 1725 908 1774 940">
    <p class='ocr_par' dir='ltr' id='par_1_17' title="bbox 1725 908 1774 940">
     <span class='ocr_line' id='line_1_36' title="bbox 1725 908 1774 940; baseline 0.02 -10"><span class='ocrx_word' id='word_1_276' title='bbox 1725 908 1774 940; x_wconf 84' lang='lat'>15.</span> 
     </span>
    </p>
   </div>
   <div class='ocr_carea' id='block_1_15' title="bbox 1728 1946 1836 1983">
    <p class='ocr_par' dir='ltr' id='par_1_18' title="bbox 1728 1946 1836 1983">
     <span class='ocr_line' id='line_1_37' title="bbox 1728 1946 1836 1983; baseline 0.009 -1"><span class='ocrx_word' id='word_1_277' title='bbox 1728 1946 1836 1983; x_wconf 82' lang='lat' dir='ltr'>7M.</span> 
     </span>
    </p>
   </div>
   <div class='ocr_carea' id='block_1_16' title="bbox 1732 2009 1779 2044">
    <p class='ocr_par' dir='ltr' id='par_1_19' title="bbox 1732 2009 1779 2044">
     <span class='ocr_line' id='line_1_38' title="bbox 1732 2009 1779 2044; baseline 0 0"><span class='ocrx_word' id='word_1_278' title='bbox 1732 2009 1779 2044; x_wconf 89' lang='lat'>14</span> 
     </span>
    </p>
   </div>
  </div>
 </body>
</html>
