1981 3282
110 165 272 188 PILATUS

161 275 262 310 Deus
302 287 376 309 non
417 287 482 322 per
514 274 761 311 imitationem
807 276 872 311 sed

162 340 309 375 Natura
332 341 407 376 564
429 351 449 375 c
470 340 505 384 d,
527 339 574 375 cf.
591 338 789 387 Cognatio.

104 404 280 440 Patribus
306 404 444 440 sanctis
466 404 623 440 debetur
654 404 872 450 reverentia,

160 468 313 506 Christo
334 469 502 505 adoratio
526 472 596 506 311
619 470 655 505 d.

103 533 256 570 Patrum
279 539 494 569 sanctorum
516 534 723 569 doctrinam
750 533 870 581 sequi-

159 612 241 634 mur
264 600 341 635 860
360 612 392 643 e,
413 600 486 635 911
510 612 542 639 a,
564 599 611 634 iii.
635 599 723 634 489.

106 663 295 699 Patientes
326 676 393 711 pro
420 663 547 711 Seipso
568 675 715 710 semper
741 662 872 710 aspicit

160 728 263 764 Deus
286 730 363 765 629
387 741 419 764 e.

106 793 292 829 Patientia
347 793 483 828 modus
540 793 768 829 adhaerendi
825 793 871 828 ad

160 858 351 894 Christum
372 860 449 894 274
465 858 487 893 d
528 857 714 893 Patientia
728 857 871 893 intenta

158 936 224 970 per
245 935 348 970 spem
369 922 406 957 in
428 922 580 958 Christo
604 924 676 958 291
702 922 738 957 d.

103 988 264 1024 Paulum
298 988 423 1022 divum
463 993 604 1028 contra,
637 986 867 1022 Judaeorum

158 1052 310 1088 saevitia
332 1054 409 1088 913
432 1064 464 1087 e.

103 1116 208 1152 Pauli
232 1116 269 1154 S.
289 1116 510 1152 brevitatem
533 1116 705 1152 dictionis
726 1130 866 1152 memo-

158 1187 215 1217 rat
251 1181 288 1217 S.
311 1180 471 1229 Cyrillus
505 1179 547 1216 M
569 1184 618 1217 25
649 1181 724 1222 fin„
760 1181 806 1217 cf.
827 1180 868 1217 M

161 1248 224 1282 35.

104 1309 243 1346 Paulus
265 1310 303 1346 S.
335 1322 373 1345 se
400 1310 652 1346 continentiae
682 1311 869 1359 exemplar

159 1374 310 1410 exhibet
330 1374 372 1410 M
395 1376 454 1411 58.

103 1439 241 1475 Paulus
262 1439 536 1475 Samosatensis
556 1440 605 1475 iii.
630 1443 719 1477 508.

103 1504 306 1552 Paupertas
340 1510 495 1552 propter
525 1517 594 1540 nos
625 1504 766 1542 Christi
795 1506 867 1542 Dei

157 1569 288 1610 nostri,
311 1569 398 1617 quid
422 1571 495 1606 123
517 1582 548 1611 e,
576 1571 650 1606 124
672 1570 742 1606 ab.

102 1633 307 1681 Paupertas
353 1634 469 1669 nimia
510 1639 547 1670 et
585 1635 865 1682 perceptionem

155 1699 275 1735 aufert
298 1701 375 1735 604
397 1712 428 1734 e.

100 1762 177 1800 Pax
219 1776 311 1811 quae
351 1770 407 1800 est
446 1766 523 1800 944
545 1776 564 1800 c
580 1764 603 1800 d
620 1777 639 1801 e
693 1764 866 1801 Christus

161 1830 262 1864 1093
284 1841 315 1864 e.

101 1892 207 1928 Pacis
241 1893 428 1928 vinculum
462 1906 537 1929 non
576 1899 633 1930 est
670 1900 864 1942 peccatum

158 1960 234 1994 944
257 1958 291 1994 d.

100 2022 259 2058 Peccare
290 2035 364 2058 non
398 2027 557 2070 oportet,
590 2023 692 2070 quasi
724 2022 865 2060 Christi

153 2086 427 2123 misericordiae
449 2088 626 2123 fidentem
649 2090 725 2124 297
747 2101 779 2124 e.

98 2151 259 2186 Peccato
275 2157 446 2198 correpto
463 2152 663 2199 aliquando
679 2152 716 2187 in
733 2152 864 2187 melius

153 2221 349 2250 revocatur
379 2216 472 2262 quis,
503 2216 643 2251 latente
672 2222 795 2252 autem
826 2217 863 2252 in

153 2280 259 2327 pejus
282 2280 450 2327 proficiet
473 2282 550 2316 565
573 2293 592 2316 c
608 2281 644 2315 d.

99 2344 256 2380 Peccata
277 2345 465 2391 quomodo
491 2345 646 2380 remissa
671 2350 863 2382 retentave

158 2410 256 2444 1101
281 2408 328 2444 D.

99 2472 333 2508 Perditorum
364 2473 462 2509 salus
491 2474 572 2510 Deo
602 2486 669 2521 pro
699 2474 782 2510 cibo
820 2488 863 2511 ac

153 2537 294 2573 deliciis
319 2540 393 2574 196
415 2539 448 2574 d.

97 2601 287 2637 Persecuti
315 2603 418 2637 omni
446 2603 577 2639 salutis
607 2616 671 2651 spe
693 2603 862 2640 excidere

151 2679 227 2701 non
246 2667 424 2702 debemus
443 2669 519 2703 943
537 2667 561 2703 d
589 2668 763 2704 resistere
784 2682 860 2705 non

152 2730 331 2766 debemus
356 2733 457 2767 1016
478 2732 502 2766 b
518 2744 548 2768 c.

100 2801 124 2815 ‘¹
142 2795 252 2831 Petra
266 2795 287 2807 '’
337 2794 510 2831 Christus
558 2796 606 2831 ob
645 2796 860 2832 Divinitatis

153 2859 248 2894 vires
260 2859 359 2895 ultra
374 2872 523 2895 omnem
540 2859 742 2896 fracturam
755 2861 859 2897 dam-

154 2936 290 2959 numve
311 2922 352 2959 M
369 2925 415 2960 61
444 2924 494 2971 [p.
515 2924 622 2970 278}

657 153 869 190 INDEX
926 155 1171 192 RERUM.

1631 160 1707 194 643

944 274 1078 312 Petrus
1100 277 1134 312 S.
1158 289 1285 313 amore
1305 277 1435 324 plenus
1457 276 1648 314 Christum
1670 285 1708 316 et

997 341 1035 376 in
1084 342 1205 377 aulam
1244 343 1496 389 pontificalem
1540 344 1708 391 sequitur

1002 408 1099 442 1021
1124 406 1147 441 d
1187 405 1378 443 Christum
1401 408 1554 454 negavit
1574 421 1707 443 verens

996 482 1042 505 ne
1077 483 1123 506 ex
1160 471 1244 506 aula
1276 471 1484 519 expellatur
1518 474 1619 508 1023
1648 473 1707 508 bc

996 548 1035 571 se
1075 535 1243 571 calefecit
1282 549 1355 584 quo
1404 536 1535 572 melius
1574 537 1708 573 lateret

1000 601 1101 636 1023
1124 600 1193 637 de.

942 665 1091 700 Petrum
1133 665 1286 712 culpans
1324 665 1411 713 quid
1451 665 1558 701 nobis
1597 666 1707 702 docet

995 728 1168 765 Christus
1194 731 1295 766 1058
1318 742 1348 766 e.

941 793 1053 830 Petro
1068 794 1332 843 Apostolatum
1348 808 1413 842 per
1426 795 1539 831 verba
1557 802 1579 815 “
1592 796 1706 833 Pasce

994 871 1113 907 agnos
1152 858 1297 895 Meos''
1336 860 1500 895 restituit
1534 859 1706 897 Christus

1000 925 1101 959 1120
1123 937 1154 960 a.

941 988 1040 1024 Petri
1089 989 1260 1036 Apostoli
1308 994 1470 1025 mortem
1515 989 1707 1027 subinnuit

996 1058 1018 1072 ‘⁶
1037 1053 1200 1100 sequeris
1231 1059 1356 1090 autem
1382 1055 1547 1101 postea’'
1580 1055 1706 1091 dicens

993 1116 1168 1154 Christus
1191 1121 1266 1155 757
1289 1132 1310 1154 a
1325 1119 1348 1154 b
1398 1119 1488 1154 Non
1511 1119 1705 1157 Christum

991 1182 1144 1230 negavit
1183 1189 1336 1230 propter
1374 1184 1530 1219 verbum
1570 1185 1704 1232 Ipsius,

993 1247 1058 1282 sed
1078 1247 1318 1294 negationem
1343 1248 1553 1295 praesciens
1575 1247 1703 1285 Chris-

991 1316 1051 1347 tus
1090 1317 1127 1347 et
1164 1312 1347 1359 praedixit
1387 1314 1463 1348 759
1502 1313 1525 1348 d
1571 1326 1705 1361 scopus

991 1376 1158 1423 gladium
1199 1377 1416 1426 stringentis
1452 1390 1529 1413 non
1574 1383 1706 1414 contra

991 1440 1087 1488 legis
1101 1441 1330 1477 voluntatem
1357 1443 1459 1478 1017
1481 1442 1504 1477 b
1519 1455 1538 1477 c
1553 1443 1576 1477 d
1605 1443 1704 1478 unde

991 1505 1136 1552 gladius
1158 1508 1259 1542 1017
1275 1506 1309 1547 d,
1332 1508 1433 1543 1018
1449 1520 1480 1543 a.

937 1568 1069 1606 Petrus
1099 1571 1150 1610 S„
1176 1571 1443 1618 Apostolorum
1473 1572 1704 1619 primicerius

991 1637 1067 1671 924
1091 1635 1125 1680 d,
1151 1637 1252 1671 1064
1274 1648 1304 1679 e,
1331 1638 1431 1672 1118
1457 1649 1477 1672 c
1519 1637 1704 1673 confessio

991 1700 1069 1747 ejus
1108 1699 1281 1736 laudatur
1321 1702 1396 1736 985
1419 1701 1455 1743 b,
1489 1702 1533 1737 cf.
1561 1703 1662 1738 1009
1683 1715 1704 1738 c

990 1764 1159 1812 culpatus
1184 1766 1285 1801 1019
1308 1777 1338 1801 e.

935 1829 1067 1864 Petrus
1090 1830 1122 1865 S.
1145 1829 1352 1876 Apostolus
1373 1842 1394 1865 a
1422 1828 1459 1866 S.
1482 1830 1597 1866 Paulo
1624 1831 1701 1867 cul-

990 1899 1097 1940 patus
1118 1894 1161 1928 M
1185 1896 1235 1930 46
1263 1894 1315 1941 [p.
1334 1895 1448 1942 246].

935 1958 1107 1994 Pharaoh
1128 1959 1166 1994 in
1186 1957 1284 1994 Mari
1307 1959 1440 1995 Rubro
1471 1959 1701 2003 submersus,

989 2022 1105 2059 Israel
1134 2023 1335 2069 liberatus3
1370 2024 1484 2060 Israel
1509 2024 1700 2061 Christum

986 2100 1212 2135 persequens
1245 2088 1416 2124 Pharaoh
1446 2090 1499 2133 fit,
1527 2090 1703 2138 supplici-

986 2164 1050 2187 um
1083 2152 1288 2188 Pharaonis
1321 2153 1471 2200 gravius
1496 2154 1598 2201 juste
1628 2154 1702 2190 fert

989 2218 1064 2252 272
1083 2217 1117 2257 d,
1140 2219 1216 2253 273
1238 2229 1257 2252 c
1287 2217 1423 2253 diaboli
1446 2222 1557 2266 typus
1576 2221 1651 2254 743
1666 2231 1699 2258 e,

989 2283 1066 2316 '744
1089 2293 1120 2318 a.

933 2344 1120 2380 Pharisaei
1140 2351 1343 2382 venturum
1366 2346 1551 2383 honorare
1578 2347 1697 2395 finge-

985 2409 1086 2451 bant,
1121 2417 1355 2457 praesentem
1392 2411 1496 2459 parvi
1525 2412 1698 2448 aestima-

986 2474 1076 2510 bant
1101 2477 1176 2511 110
1197 2487 1227 2511 e.

932 2538 1122 2587 Philippus
1153 2539 1203 2585 S„
1239 2540 1394 2588 cupiens
1425 2539 1617 2577 Christum
1648 2541 1698 2577 Se

985 2609 1022 2640 et
1040 2604 1181 2639 mundo
1203 2605 1542 2646 manifestaturum,
1560 2611 1597 2641 et
1615 2605 1697 2652 pius

985 2673 1021 2704 et
1069 2682 1195 2705 amore
1242 2670 1410 2706 fraterno
1448 2670 1578 2717 plenus
1617 2671 1696 2705 830

984 2733 1052 2769 ad.

931 2797 1113 2833 Pietatem
1161 2798 1220 2839 ad,
1262 2798 1404 2839 inutile,
1444 2798 1523 2845 igni
1570 2798 1694 2833 cibum

987 2863 1064 2898 876
1086 2862 1119 2898 b.

931 2925 1069 2962 Pilatus
1107 2925 1222 2961 modo
1261 2925 1428 2962 Judaeos
1470 2926 1695 2962 condemnat

838 3000 961 3039 4N2
