1981 3267
278 134 333 172 54<
681 133 728 174 B.
763 133 1040 175 CYRILLI
1081 134 1464 174 ALEXANDR.
1659 133 1772 173 xviii.
1793 133 1859 187 36.

279 240 394 293 εἶναι
419 241 638 307 λέγοντες
669 242 722 293 τὸ
757 243 915 294 κακόν.
974 243 1333 294 ὑπεπλοίττοντο
1365 242 1458 308 γὰρ
1490 242 1660 292 εὐνοεῖν
1686 240 1863 291 ε’θὲλειν

280 325 402 374 οὕτω
452 325 713 386 εΡωμαιόις,
767 326 829 378 ὡς
886 323 1108 388 μηδόλως
1168 323 1419 391 ἀνέχεσθαι
1478 321 1564 374 κᾶν
1614 328 1730 388 γοῦν
1787 321 1863 372 διὰ

279 405 499 470 γλώττης
525 405 646 473 ἔχειν
672 406 726 455 τὸ
754 408 834 467 τῆς
861 404 1177 458 ἀποστάσεως
1203 403 1366 468 ὄνομα.
1421 403 1592 467 ταύτης
1624 404 1705 454 οὖν
1731 403 1862 453 ἕνεκα

238 510 259 536 c
279 490 363 551 τῆς
403 488 550 541 αἰτίας
589 487 974 553 προσαγηοχέναι
1021 508 1067 536 τε
1113 488 1237 554 φασὶ
1282 488 1357 536 καὶ
1400 487 1528 538 δίκας
1569 485 1862 535 ἀποτίσοντα

278 574 596 635 παρενεγκεῖν.
668 569 1054 633 ἀπολογούμενος
1098 568 1146 618 δὲ
1189 567 1306 634 πρὸς
1351 573 1497 618 ταῦτα
1536 565 1762 631 Χριστὸς,
1807 564 1861 616 τὸ
1881 587 1903 626 5

277 651 362 714 μὲν
411 649 526 701 εἶναι
577 649 808 711 βασιλεὺς
860 650 942 700 οὐκ
996 648 1256 715 ἠρνήσατο·
1324 650 1478 713 λε’γειν
1526 647 1617 714 γὰρ
1669 648 1757 698 ε”δει
1807 646 1861 698 τὸ

277 733 467 796 ἀληθές·
526 732 597 783 ὅτι
636 731 685 783 δὲ
723 734 805 795 τῆς
845 737 927 782 τοῦ
967 732 1212 796 Καίσαρος
1251 731 1501 792 βασιλείας
1543 731 1596 780 οὐ
1637 730 1862 793 πολέμιος

276 813 334 878 ἦν
374 812 623 881 ἀπελέγχει
664 816 851 880 σαφῶς,
887 813 970 862 οὐκ
1009 813 1212 877 ἐπίγειον
1251 813 1401 862 οὖσαν
1438 810 1524 875 τὴν
1563 812 1727 861 ἑαυτοῦ
1765 834 1858 875 ση-

276 898 455 960 μαίνων
509 895 674 963 ἀρχὴν,
726 896 834 945 ἀλλ’
889 894 1089 960 οὐρανοῦ
1142 917 1191 945 τε
1249 896 1325 945 καὶ
1378 897 1466 960 γῆς
1521 895 1596 944 καὶ
1647 897 1741 944 τῶν
1796 893 1862 944 ἔτι

276 977 494 1045 μειζόνων
529 981 802 1044 θεοπρεπῶς
840 976 1153 1044 ἐξάρχουσαν.
1884 1002 1932 1027 10

351 1062 438 1115 Τίς
477 1061 558 1111 οὖν
596 1059 688 1125 ἄρα
727 1057 898 1110 λοιπὸν
937 1058 964 1122 ἡ
1004 1058 1253 1127 ἀπόδειξις,
1293 1060 1369 1109 καὶ
1407 1056 1551 1109 πόθεν
1589 1058 1617 1122 ἡ
1662 1059 1745 1121 τῆς
1788 1059 1862 1108 ἐπὶ

278 1143 459 1197 τούτοις
504 1143 714 1210 ὑποψίας
759 1140 1031 1207 ἀναίρεσις,
1089 1139 1143 1191 τὸ
1194 1139 1259 1204 μὴ
1311 1138 1589 1208 δορυφόροις
1638 1145 1735 1190 τισὶ
1787 1143 1862 1190 καὶ

232 1233 260 1273 d
279 1229 636 1291 προασπισταῖς
663 1225 1021 1289 ἀποκεχρῆσθαι
1048 1222 1250 1285 πώποτε,
1279 1223 1425 1288 ἤγουν
1453 1222 1575 1275 ὅλως
1611 1221 1735 1288 ε”χειν-
1755 1221 1863 1275 τοὺς

277 1305 648 1372 ἀνθοπλίζεσθαι
684 1308 779 1355 δεῖν
813 1305 1074 1367 ἑλομένους,
1103 1306 1178 1354 καὶ
1217 1305 1304 1371 οὐχ
1342 1304 1468 1357 ὅπως
1507 1303 1563 1354 ἂν
1595 1306 1678 1367 τῆς
1711 1309 1856 1364 βασι-

276 1389 405 1441 λείας
445 1387 509 1452 μὴ
549 1386 784 1438 ἀποπέσοι
823 1386 982 1449 μόνον,
1009 1385 1141 1436 ἀλλὰ
1175 1386 1268 1453 γὰρ
1304 1386 1403 1437 οὐδ’
1431 1387 1506 1436 ἵνα
1542 1384 1745 1456 διαδρῴη
1781 1385 1862 1436 τὸν
1886 1406 1932 1442 15

275 1470 599 1536 ἐπαρτηθέντα
644 1469 859 1520 κίνδυνον
900 1469 1028 1537 αὐτῷ
1071 1470 1146 1519 καὶ
1196 1474 1334 1519 τοῦτο
1380 1467 1455 1518 διὰ
1499 1470 1581 1531 τῆς
1624 1468 1864 1518 Ἰουδαίων

275 1552 430 1620 χειρὸς
469 1550 901 1619 ε’πιῤῥιπτούμενον·
945 1550 1055 1614 μήτι
1089 1573 1142 1615 γε
1176 1552 1251 1601 καὶ
1287 1552 1429 1601 αὐτοῦ
1464 1556 1546 1601 τοῦ
1581 1556 1862 1616 κρατοῦντος

275 1635 530 1697 Ἰουδαίων,
559 1634 788 1694 τουτέστι,
813 1638 896 1683 τοῦ
928 1633 1186 1698 Καίσαρος.
1240 1633 1499 1697 λελυμένης
1539 1634 1620 1684 οὖν
1652 1633 1743 1698 ἄρα
1781 1634 1863 1696 τῆς

275 1721 338 1770 εἰς
382 1722 521 1767 τοῦτο
564 1718 801 1778 καταβοῆς
846 1714 921 1765 διὰ
966 1718 1047 1778 τῆς
1093 1716 1239 1768 οὕτως
1283 1717 1507 1781 ἐναργοῦς
1558 1715 1860 1782 ἀποδείξεως,

276 1798 649 1867 ἀπροφάσιστον
701 1797 789 1861 ἤδη
843 1796 1043 1866 Πιλάτῳ
1099 1796 1152 1847 τὸ
1210 1796 1329 1847 κατὰ
1381 1801 1598 1863 Χριστοῦ
1650 1797 1863 1864 φαίνεται
1884 1818 1933 1843 20

278 1881 472 1947 θράσος.
525 1879 709 1933 οὐδενὸς
745 1878 838 1945 γὰρ
871 1879 1289 1945 ἐπαναγκάζοντος,
1316 1879 1463 1944 ἤγουν
1495 1879 1552 1947 ἐξ
1583 1877 1864 1932 ἀκολουθίας

279 1968 341 2017 εἷς
391 1967 530 2013 τοῦτο
582 1961 908 2024 καθέλκοντος,
962 1966 1062 2014 ταῖς
1114 1965 1208 2011 τῶν
1256 1960 1494 2011 Ἰουδαίων
1545 1962 1730 2025 ἡδοναῖς
1781 1963 1863 2023 τῆς

241 2046 445 2096 θὲαυτοῦ
484 2047 646 2114 ψυχῆς
687 2042 922 2111 χαρίζεται
963 2042 1048 2107 τὴν
1089 2043 1341 2106 ἀπώλειαν,
1383 2045 1458 2094 καὶ
1502 2042 1730 2108 μερίζεται
1771 2041 1865 2093 σὺν

279 2128 435 2180 αὐτοῖς
472 2129 555 2190 τῆς
594 2126 951 2193 χριστοκτονίας
990 2124 1048 2175 τὰ
1087 2125 1376 2190 ἐγκλήματα.
1428 2125 1620 2191 εἰρηκὼς
1657 2123 1806 2189 γεμὴν
1838 2125 1863 2175 ὁ

280 2208 493 2275 Χριστὸς
532 2206 850 2273 ὑπερκόσμιόν
888 2230 991 2258 τινα
1030 2205 1144 2257 εἶναι
1183 2206 1268 2271 τὴν
1305 2208 1470 2258 ἑαυτοῦ
1508 2207 1776 2268 βασιλείαν,
1811 2207 1863 2257 οὐ
1885 2224 1931 2261 25

278 2291 422 2354 μόνον
453 2295 535 2341 τοῦ
572 2288 730 2359 φόβου
759 2289 974 2340 Πιλάτου
999 2290 1235 2358 ἐξίστησι,
1263 2292 1338 2339 καὶ
1376 2290 1594 2342 ὑπονοίας
1630 2292 1868 2354 ἐλευθεροῖ

277 2375 359 2435 τῆς
386 2370 505 2422 κατὰ
530 2371 614 2435 τὴν
642 2371 887 2437 ἄνταρσιν,
914 2370 1046 2421 ἀλλά
1072 2394 1115 2422 τι
1143 2373 1218 2421 καὶ
1250 2371 1372 2436 μέγα
1405 2373 1510 2437 περὶ
1546 2374 1710 2422 ἑαυτοῦ
1747 2375 1865 2421 νοεῖν

278 2455 528 2515 ἀναπείθει,
568 2455 644 2503 καὶ
682 2452 948 2520 ἀπάρχεταί
981 2476 1081 2506 πως
1120 2452 1196 2503 διὰ
1237 2457 1320 2516 τῆς
1361 2454 1623 2518 ἀπολογίας
1668 2455 1750 2517 τῆς
1792 2455 1862 2504 ἐπ’

279 2536 404 2604 αὐτῷ
443 2534 761 2602 κατηχήσεως.

797 2699 852 2734 25.
879 2705 950 2724 τινα
969 2688 1052 2724 εἶναι
1069 2689 1135 2723 hoc
1154 2689 1274 2723 ordine
1294 2689 1334 2724 E.
