2027 3257
107 212 277 254 [¹9M-]

94 500 148 531 Ps.
165 500 255 531 xviii.
269 500 299 530 8.

95 548 153 582 20
175 547 237 583 M.

94 613 146 645 Ib.
163 623 212 645 10.

98 1816 147 1847 Cf.
165 1815 238 1847 Gal.
256 1826 285 1846 v.

101 1869 112 1889 1
123 1867 151 1898 7.

106 2727 222 2761 2T'1m.
240 2727 287 2760 iii.

108 2779 158 2812 13-

315 146 399 184 202
548 144 597 183 Β.
631 141 877 182 CYRILLI
913 139 1257 180 ALEXANDR.
1296 137 1668 178 FRAGMENTA
1742 136 1811 177 vii.
1831 146 1895 190 15.

316 251 469 306 τικοῦς
507 252 613 306 τοὺς
644 251 892 314 ἑπομένους
929 250 1070 316 αὐτῷ·
1127 252 1295 298 νοεῖται
1335 246 1382 297 δὲ
1420 243 1727 310 πνευματικὸς
1768 246 1793 295 6
1832 243 1897 308 μὴ

317 336 436 387 κατὰ
478 336 636 402 σάρκα
677 333 779 398 ζῶν,
823 328 1138 383 ἀπονενευκὼς
1183 327 1230 379 δὲ
1281 334 1473 392 μᾶλλον
1518 330 1590 379 ἐπὶ
1641 326 1694 378 τὸ
1746 327 1898 377 θέλειν

317 418 515 469 ἕπεσθαι
549 420 606 482 τῇ
642 414 836 478 θελήσει
870 419 953 463 τοῦ
988 411 1267 474 πνεύματος·
1318 410 1408 478 ε”φη
1438 409 1485 460 δὲ
1521 412 1595 460 καὶ
1622 411 1647 459 6
1673 408 1899 475 μακάριος

320 499 493 550 Δαυειδ
535 505 561 527 “
580 499 642 548 Ο
684 494 823 558 νόμος
860 493 1036 560 Κυρίου
1080 492 1272 556 ἄμωμος
1313 490 1613 557 ἐπιστρέφων
1654 490 1899 558 ψυχὰς,η
1886 491 1897 504 ‘

319 580 601 647 “μαρτυρία
625 578 800 642 Κυριου
824 575 973 639 πιστὴ
999 574 1269 643 σοφίζουσα
1297 572 1452 636 νήπια·
1494 574 1518 622 6
1545 571 1696 640 φόβος
1724 572 1900 636 Κυρίου
1920 592 1943 630 5

321 672 346 692 “
373 663 513 728 ἁγνὸς
553 660 780 723 διαμενων
820 661 881 710 εἷς
927 661 1071 707 αἰῶνα
1112 659 1292 708 αιῶνος.
1380 652 1542 720 ὥσπερ
1584 654 1664 704 οὐν
1707 653 1902 715 ἄμωμόν

321 749 471 811 φησιν
498 740 610 793 εἶναι
642 740 724 791 τὸν
756 739 912 803 νόμον,
940 736 1032 788 οἶδε
1067 736 1158 803 γὰρ
1186 736 1407 800 ἀμώμους
1441 738 1698 797 ἀποτελεῖν,
1724 733 1902 797 πιστὴν

320 825 368 876 δὲ
402 824 487 889 τὴν
512 823 771 888 μαρτυρίαν
798 823 859 874 ὡς
893 818 1092 872 πιστοὺς
1127 820 1503 886 ἀποφαίνουσαν,
1538 819 1610 868 καὶ
1647 816 1792 882 ἁγνὸν
1819 815 1902 866 τὸν

320 906 489 975 φόβον,
514 905 616 956 ἔστι
655 903 748 969 γὰρ
775 901 1040 967 ἁγνοποιὸς,
1067 902 1212 953 οὕτως
1252 899 1414 968 ἐκδέξῃ
1454 898 1650 950 κάνθάδε
1688 921 1898 962 πνευμα-

320 987 447 1039 τικὸν
498 989 712 1052 εἰρῆσθαι
761 984 843 1035 τὸν
888 982 1048 1047 νόμον,
1097 985 1158 1037 ὡς
1201 979 1538 1044 πνευματικοῦς
1579 981 1903 1049 ἀποφαίνοντα
1925 1005 1974 1030 10

320 1069 426 1122 τοὺς
462 1066 712 1131 ἑπομένους
746 1067 886 1135 αὐτῷ·
932 1069 968 1115 εὶ
1003 1064 1096 1130 γὰρ
1128 1064 1210 1114 καί
1239 1066 1369 1114 ἐστιν
1396 1065 1445 1113 ἐν
1476 1067 1646 1125 σκιαῖς,
1682 1060 1793 1112 ἀλλ’
1822 1062 1903 1112 οὖν

321 1152 412 1217 ἔχει
446 1152 528 1213 τῆς
566 1149 787 1212 ἀληθείας
813 1146 897 1210 τὴν
923 1146 1194 1213 μόρφωσιν.
1248 1146 1297 1195 τί
1332 1145 1412 1195 οὖν
1439 1146 1463 1194 6
1491 1148 1716 1205 Παῦλος;
1760 1148 1900 1210 ἰσχυ-

319 1233 488 1298 ρίζεται
528 1230 626 1293 μὲν,
654 1229 724 1279 ὅτι
763 1227 1062 1296 πνευματικὶς
1091 1233 1107 1278 ὁ
1137 1227 1274 1294 νόμος,
1303 1230 1502 1276 αἰτιᾶται
1534 1224 1581 1276 δὲ
1614 1225 1698 1290 τὴν
1724 1225 1905 1291 ἀνθρώ-

319 1336 410 1364 που
451 1311 600 1379 φύσιν
626 1313 687 1364 ὡς
720 1308 847 1361 πολὺ
880 1314 1121 1359 νοσοῦσαν
1152 1307 1238 1372 τὴν
1276 1308 1522 1374 ἁμαρτίαν·
1580 1309 1656 1357 καὶ
1692 1311 1905 1372 πειρᾶται

318 1397 654 1461 πληροφορεῖν,
683 1394 743 1445 ὡς
783 1391 968 1456 ἐπείπερ
1008 1391 1096 1441 ἐστὶ
1136 1387 1434 1457 πνευματικός
1470 1395 1487 1440 ὁ
1526 1389 1661 1455 νόμος,
1688 1388 1905 1456 ταύτῃτοι
1928 1409 1975 1448 15

318 1476 534 1540 μάλιστα
577 1472 799 1542 φορτικός
838 1474 939 1523 ε’στι
982 1475 1040 1539 τῇ
1077 1476 1159 1522 τοῦ
1204 1470 1453 1537 ἀνθρώπου
1499 1469 1659 1539 φύσει·
1714 1469 1762 1521 τί
1797 1468 1904 1536 γὰρ,

320 1559 425 1609 εἶπέ
462 1580 553 1621 μοι,
596 1557 762 1622 φησὶν,
807 1558 843 1604 εὶ
886 1560 904 1605 ὁ
945 1553 1030 1616 μὲν
1077 1555 1201 1621 νόμος
1246 1554 1334 1604 ἐστὶ
1382 1551 1694 1618 πνευματικὶς,
1735 1549 1823 1616 ἐγῶ
1861 1547 1906 1603 ἀὲ

320 1644 533 1707 σαρκικός
561 1643 664 1704 εἶμι,
695 1636 911 1686 τουτέστι
939 1638 1006 1703 τῷ
1031 1638 1113 1698 τῆς
1145 1633 1322 1700 σαρκὸς
1357 1633 1622 1702 φρονήματι
1656 1633 1905 1699 τυραννού-

320 1741 486 1783 μενοςξ,
546 1721 658 1787 ὁρᾷς
703 1717 829 1771 ὅπως
869 1720 931 1769 εἷς
975 1715 1096 1780 ὅσην
1136 1716 1244 1779 ἡμῖν
1289 1714 1588 1779 ἐναντιότητα
1628 1714 1908 1778 θελημάτων

319 1803 481 1865 τίθησι
506 1799 565 1851 τὰ
591 1799 887 1863 δηλούμενα;
929 1798 1083 1863 ἕτερον
1108 1796 1201 1862 γὰρ
1226 1795 1280 1846 τὸ
1311 1796 1496 1860 θέλημα
1521 1802 1604 1847 τοῦ
1629 1797 1906 1860 πνεύματος,
1927 1819 1976 1843 20

320 1885 395 1933 καὶ
428 1883 583 1947 ἕτερον
608 1879 666 1930 ἂν
693 1883 843 1930 νοοῖτο
870 1877 924 1929 τὸ
956 1882 1038 1942 τῆς
1068 1878 1264 1943 σαρκός·
1320 1878 1597 1928 ἀντίκεινται
1627 1877 1720 1944 γὰρ
1748 1878 1902 1943 ἀλλή-

321 1973 436 2026 λοις,
469 1965 543 2013 καὶ
582 1960 863 2024 ἀσύμβατον
899 1960 1063 2027 ἔχουσι
1101 1960 1188 2023 τὴν
1222 1963 1284 2013 εὶς
1317 1958 1579 2024 ταυτότητα
1613 1959 1903 2026 συνδρομήν·

322 2045 397 2096 ὅτε
447 2046 602 2095 τοίνυν
655 2042 869 2111 capuan&
919 2041 1004 2105 μὲν
1050 2043 1074 2091 6
1127 2041 1387 2107 ἄνθρωπος,
1438 2041 1734 2110 πνευματικὶς
1790 2041 1838 2092 δὲ
1888 2047 1906 2092 ὁ

325 2129 463 2194 νόμος,
502 2130 603 2179 πῶς
642 2124 698 2174 ἂν
738 2124 918 2189 γένοιτο
954 2124 1028 2173 καὶ
1067 2122 1225 2175 olo-769
1262 2126 1355 2176 τοῖς
1393 2123 1537 2175 οὕτως
1575 2121 1908 2189 ἠῤῥωστηκόσι

323 2207 408 2271 τὴν
446 2206 711 2271 ἁμαρτίαν;
752 2207 825 2255 καὶ
864 2204 999 2268 μα’λα
1037 2202 1298 2272 ἐμφρόνως·
1353 2207 1390 2254 εἱ
1429 2202 1520 2269 γάρ
1547 2205 1649 2254 ἐστι
1681 2202 1977 2272 σ-οιρκικές,25

324 2288 505 2352 νοηθείη
531 2286 590 2338 ἂν
616 2285 689 2337 οἶά
715 2309 783 2339 τις
809 2285 1109 2352 αἰχμάλωτος
1136 2286 1211 2335 καὶ
1239 2286 1286 2335 ἐν
1312 2284 1443 2353 τάξει
1469 2286 1526 2351 τῇ
1554 2288 1766 2352 οἱκετικῇ,

690 2443 744 2485 ιὈ
784 2443 862 2500 Γὰρ
903 2443 1211 2500 κατερΓάςομαι
1248 2443 1296 2483 οὐ
1334 2441 1541 2489 Γινώσκω.

401 2551 595 2601 Οἵονται
622 2549 741 2601 κατὰ
766 2548 820 2600 τὸ
847 2547 965 2603 εὶκὸς
988 2554 1082 2600 τῶν
1108 2549 1443 2614 ἀμαθεστερων
1468 2549 1584 2601 τινὲς
1610 2553 1704 2599 τῶν
1728 2548 1910 2613 Ἑλλή-

328 2655 419 2683 νων
445 2636 594 2695 μῦθον
621 2633 850 2693 ἐμπεδοῦν
876 2629 1053 2682 ἐθέλειν
1079 2630 1235 2681 αὐτόν·
1280 2629 1333 2680 ὂν
1360 2631 1442 2680 οὐκ
1474 2628 1561 2680 οἷδ’
1590 2629 1715 2683 ὅπως
1750 2633 1909 2681 ἐκεῖνοι

326 2714 607 2780 πρεσβεύειν
633 2712 882 2776 ἐγνώκασι,
909 2711 1181 2765 πλανῶντες
1208 2734 1256 2762 τε
1283 2713 1358 2761 καὶ
1382 2711 1696 2774 πλανώμενοι·
1746 2715 1905 2777 εὶμαρ-
1927 2734 1978 2771 30

377 2852 431 2883 24.
459 2841 505 2876 εἷς
522 2841 560 2874 τὸ
578 2851 640 2884 pro
659 2839 776 2874 οῖστὸς
794 2839 883 2884 (sic)
905 2839 947 2873 B.
1109 2840 1164 2873 28.
1193 2839 1266 2873 Ine.
1286 2839 1372 2874 τινές
1390 2839 1426 2872 δέ
1445 2842 1511 2872 τῶν
1528 2837 1768 2882 ἀμαθεστέρων
1785 2837 1909 2872 οἴονται

326 2889 386 2923 τὸν
403 2891 468 2922 τῶν
485 2886 636 2930 ἑλλὴνων
651 2886 758 2929 μῦθον
775 2886 819 2920 Α.
1079 2896 1135 2930 29.
1162 2883 1235 2920 οἶδα
1251 2889 1322 2920 πῶς
1341 2884 1438 2929 (err.)
1457 2886 1501 2920 A.
1554 2885 1678 2919 Statim
1695 2884 1813 2918 ἐκεῖνοι
1831 2889 1910 2930 post

329 2934 515 2980 ἐγνώκασιν
531 2933 728 2978 transponit
746 2932 789 2967 A.
