2027 3257
116 203 288 247 [51M·]

100 497 132 546 S:
146 497 270 528 Mat-,m

102 551 145 572 Χι.
158 550 190 580 4,
205 549 234 579 5.

323 139 408 178 254
474 138 521 177 B.
557 136 802 178 CYRILLI
834 137 1180 178 ALEXANDR.
1217 138 1588 182 FRAGMENTA
1694 142 1720 183 i.
1746 155 1797 186 22
1821 158 1904 198 sqq.

321 246 488 311 ὀλίγου
531 245 686 295 τοίνυν
725 249 969 298 παντελῶς
1014 245 1252 314 ἀξιοῦντες
1297 246 1448 313 λόγου
1492 247 1575 302 τὰς
1620 253 1714 299 τῶν
1760 250 1908 314 ἁγίων

320 325 494 395 φωνὰς,
521 327 577 377 δι’
605 325 670 377 ῶν
697 326 754 391 ἧν
779 326 896 380 εἰκὸς
922 326 1086 381 αὐτοὺς
1110 327 1343 378 δύνασθαι
1375 333 1539 391 μαθεῖν
1566 329 1637 381 ὅτι
1675 330 1813 385 αὐτὸς
1849 330 1907 396 ἦν

323 410 348 460 ὁ
384 408 609 474 Χριστὸς,
645 409 903 471 θεοσημίας
941 407 1142 473 ἐζήτουν·
1193 408 1299 459 ὅθεν
1338 408 1500 476 ἐ’λεγεν
1539 412 1564 462 ὁ
1605 411 1773 478 Σωτὴρ
1811 417 1907 466 τοῖς

324 491 671 541 ἀποσταλεῖσιν
735 489 824 541 ὑπὸ
877 489 1098 541 Ἰωάννου
1152 497 1178 519 “
1203 490 1521 545 Ἀπελθόντες
1584 495 1906 558 ἀπαγγείλατε

325 580 352 602 “
377 572 572 640 Ἰωάννῃ
592 570 622 622 ἃ
643 570 831 622 ἀκούετε
853 573 927 622 καὶ
947 571 1160 631 βλέπετε·
1202 575 1377 640 τυφλοὶ
1397 574 1738 638 ἀναβλέπουσι,
1759 577 1907 643 χωλοὶ

324 662 350 684 “
375 655 722 721 περιπατοῦσι”
755 677 796 705 κ.
816 677 857 706 τ.
874 660 922 707 λ.
975 656 1049 705 καὶ
1083 657 1123 704 οἱ
1163 652 1359 718 ἕλληνες
1389 654 1475 719 τὴν
1508 656 1555 706 ἐν
1593 657 1719 725 λέξει
1750 680 1800 707 τε
1830 659 1906 708 καὶ

324 736 485 802 λόγοις
519 737 759 803 ζητοῦντες
794 735 1122 802 λαμπρότητα,
1158 736 1379 802 ἡγοῦνται
1417 736 1465 788 δὲ
1501 739 1576 788 καὶ
1610 738 1790 804 μωρίαν
1824 742 1906 803 τῆς

323 817 440 881 μετὰ
472 817 652 884 σαρκὸς
686 819 950 881 οἰκονομίας
975 816 1058 869 τὸν
1083 817 1275 884 τρόπον,
1301 819 1381 868 καί
1408 822 1532 886 φασι
1558 820 1624 871 Τί
1655 818 1748 886 γὰρ
1782 820 1905 874 ὅλως

324 900 411 950 ἔδει
439 898 563 950 Θεὸν
589 899 702 950 ὅντα
734 899 854 950 κατὰ
890 900 1040 967 φύσιν
1066 900 1148 950 τὸν
1175 901 1224 950 ἐκ
1251 903 1376 950 Θεοῦ
1404 900 1578 966 Λόγον,
1606 900 1804 965 θελήσει
1831 904 1905 953 καὶ

258 1014 261 1015 ⁷
324 981 513 1045 νεύματι
540 985 799 1048 κατορθοῦν
825 981 1053 1049 ἰσχύοντα
1080 980 1138 1032 τὰ
1165 980 1284 1033 κατὰ
1309 982 1504 1047 γνώμην
1530 983 1667 1052 αὐτῷ,
1685 983 1905 1048 γενέσθαι

101 1321 193 1352 Infra
206 1321 238 1351 ii.
258 1330 306 1360 14.

173 1654 228 1688 52
248 1651 308 1688 M.

324 1062 573 1129 ἄνθρωπον
599 1066 673 1114 καὶ
702 1064 944 1127 ὑπομεῖναι
972 1062 1207 1123 θάνατονς
1247 1067 1346 1117 πῶς
1373 1065 1410 1113 δ’
1440 1062 1499 1114 ἀν
1525 1065 1719 1130 γε’νοιτο,
1741 1069 1906 1133 φασὶν,

323 1145 562 1195 ἀποτεκεῖν
602 1145 867 1211 παρθε’νον;
922 1149 1022 1198 πῶς
1060 1144 1108 1196 δὲ
1147 1147 1222 1196 καὶ
1261 1145 1583 1209 ἀναστήσεται
1626 1145 1680 1197 τὸ
1720 1146 1905 1217 θανάτῳ

324 1226 739 1293 κατεφθαρμένονς
781 1228 890 1277 ἀλλ’
927 1225 1060 1278 οὐδὲν
1090 1226 1256 1280 αὐτοὺς
1295 1226 1482 1280 ἀπεικὸς
1524 1233 1713 1278 τοιαῦτα
1752 1227 1906 1293 λέγειν

325 1315 351 1336 “
377 1308 588 1375 Ψυχικὸς
632 1307 726 1374 γὰρ
771 1308 1017 1375 ἅνθρωπος
1063 1310 1116 1360 οὐ
1162 1308 1343 1375 δέχεται
1388 1309 1446 1359 τὰ
1487 1314 1569 1360 τοῦ
1611 1310 1903 1373 Πνεύματος·

326 1397 351 1419 “
376 1390 527 1455 μωρία
559 1389 653 1456 γὰρ
681 1391 805 1459 αὐτῷ
838 1391 1009 1453 ἐστιν,”
1051 1389 1162 1441 ἀλλ’
1189 1390 1299 1453 ἡμῖν
1327 1392 1438 1442 Θεοῦ
1465 1387 1649 1459 δύναμίς
1684 1392 1787 1442 ἐστι
1827 1396 1903 1442 noo)

325 1473 484 1540 σοφίοι·
525 1472 711 1523 σε’σωκε
750 1471 843 1539 γὰρ
883 1473 937 1523 δι’
972 1473 1114 1523 αὑτοῦ
1153 1471 1239 1535 τὴν
1277 1473 1350 1523 ὑπ’
1381 1471 1578 1538 οὐρανὸν
1610 1473 1634 1523 ὁ
1669 1471 1789 1526 Θεὸς
1830 1475 1907 1523 καὶ

327 1552 510 1620 Πατὴρ,
550 1556 612 1608 ὡς
654 1553 729 1605 διὰ
770 1553 1004 1618 δυνάμεως
1043 1557 1126 1618 τῆς
1164 1553 1360 1618 ἐνούσης
1398 1556 1522 1624 αὐτῷ
1564 1560 1792 1623 φυσικῶς,
1831 1557 1905 1606 καὶ

326 1638 408 1699 τῆς
440 1636 707 1703 ἀποῤῥήτου
736 1636 925 1705 σοφίας,
953 1640 1034 1701 τῆς
1070 1637 1234 1687 ἑαυτοῦ
1261 1635 1492 1699 δηλονότι·
1533 1639 1677 1706 σοφίαι
1703 1636 1795 1702 γὰρ
1825 1641 1902 1689 noa}

327 1713 511 1786 ἀύνοιμις
538 1720 610 1769 τοῦ
637 1720 748 1770 Θεοῦ
772 1721 847 1769 καὶ
877 1716 1067 1785 Πατρὸς
1093 1720 1117 1769 ὁ
1143 1718 1269 1781 Υἱὸς,
1298 1717 1353 1769 δι’
1381 1718 1434 1782 ἧς
1460 1717 1519 1769 τά
1544 1718 1700 1769 ποίντα
1724 1721 1903 1784 παρῆκ-

326 1822 401 1849 ται
439 1799 557 1865 πρὸς
595 1801 795 1865 γένεσιν,
827 1804 902 1851 καὶ
940 1800 1230 1863 πεποιημένα
1268 1798 1481 1865 σώζεται.
1538 1802 1613 1850 καὶ
1651 1804 1688 1850 εὶ
1725 1799 1782 1864 δή
1821 1823 1903 1863 τις,

327 1883 496 1947 φησὶν,
527 1880 680 1932 ἕλοιτο
706 1887 806 1936 ταῖς
832 1881 1095 1948 ἀνθρώπων
1122 1880 1376 1944 δυνάμεσιν
1403 1879 1709 1949 ἀντεξετάσαι
1745 1880 1831 1946 τὴν
1856 1883 1904 1932 ἐν

327 1965 449 2031 Θεῷ,
477 1963 765 2028 καταθρήσει
799 1962 855 2027 δὴ
881 1963 1069 2017 ποίντως
1097 1962 1167 2013 ὅτι
1201 1962 1255 2013 τὸ
1280 1966 1446 2014 δοκοῦν
1472 1968 1565 2014 τῶν
1593 1964 1728 2014 θείων
1754 1964 1904 2030 ἔργων

325 2047 387 2098 ὡς
413 2046 462 2095 ἐν
486 2046 704 2115 ἀσθενείᾳ
740 2045 1010 2112 πεπράχθαι
1040 2044 1200 2112 τυχὸν,
1230 2047 1304 2095 καὶ
1339 2044 1437 2095 οἷον
1472 2046 1558 2112 οὐχ
1592 2045 1681 2112 ὅλῃ
1716 2045 1904 2109 δυνάμει

323 2133 407 2178 τοῦ
441 2126 760 2191 πεποιηκότος,
785 2127 977 2191 ἁπάσης
1017 2129 1147 2178 ἐστὶν
1173 2126 1379 2177 ε’πέκεινά
1417 2150 1466 2178 τε
1498 2129 1573 2177 καὶ
1612 2127 1799 2190 ἄμεινον
1822 2129 1904 2191 τῆς

324 2210 618 2276 ἀνθρωπίνης
657 2210 834 2277 ἰσχύος·
887 2210 985 2260 κατ’
1019 2207 1161 2259 αὐτὸν
1199 2207 1247 2259 δὲ
1286 2211 1468 2259 τουτονὶ
1505 2207 1587 2259 τὸν
1621 2207 1796 2275 τρόπον
1828 2210 1901 2259 καὶ

323 2293 398 2342 ἐπὶ
431 2294 512 2355 τῆς
544 2291 719 2360 σοφίας
749 2290 947 2355 νοήσεις,
974 2290 1044 2342 ὅτι
1079 2289 1123 2342 τὶ
1157 2290 1292 2359 μῶρον
1317 2288 1430 2340 εἶναι
1463 2293 1641 2351 δοκοῦν,
1671 2291 1904 2359 σοφώτερον

324 2372 404 2423 τῶν
437 2371 658 2440 ἀνθρώπων
691 2374 818 2424 ἐστίν.
874 2374 1009 2423 οἱονεὶ
1040 2372 1159 2437 πρὸς
1189 2372 1248 2422 τὰ
1286 2372 1461 2436 μεγέθη
1501 2374 1574 2422 καὶ
1614 2371 1772 2436 κοῖλλη
1810 2376 1904 2422 τῶν

323 2454 584 2521 στοιχείων,
605 2455 803 2520 οὐρανοῦ
823 2477 871 2504 τε
892 2456 1015 2523 φημὶ
1035 2456 1110 2504 καὶ
1133 2454 1269 2517 ἡλίου
1295 2455 1369 2504 καὶ
1396 2458 1490 2504 τῶν
1511 2457 1693 2503 λοιπῶν
1712 2453 1905 2519 ἄστρων

323 2538 397 2585 καὶ
424 2534 569 2601 πυρὸς
596 2538 670 2586 καὶ
697 2537 862 2588 ὕδατος
889 2538 964 2586 καὶ
989 2539 1084 2585 τῶν
1113 2535 1292 2597 ἄλλων,
1310 2535 1565 2600 συγκρῖναί
1586 2557 1654 2588 τις
1679 2534 1904 2596 βούλοιτο

322 2616 380 2667 τὰ
417 2616 559 2683 μικρά
591 2622 684 2667 τῶν
716 2615 988 2680 κτισμάτων
1023 2619 1097 2666 καὶ
1136 2615 1383 2683 ἐλάχιστα,
1413 2616 1552 2681 ὀλίγη
1590 2620 1836 2670 παντελῶς
1875 2616 1903 2680 ἡ

321 2700 369 2749 ἐν
395 2698 573 2752 τούτοις
600 2697 898 2765 εὑρεθήσεται
930 2697 1121 2762 δύναμίς
1156 2720 1205 2748 τε
1243 2699 1317 2748 καὶ
1348 2699 1512 2765 σοφία,
1540 2699 1615 2748 καὶ
1642 2699 1703 2752 ὡς
1730 2697 1824 2749 ἀπό
1849 2721 1903 2764 γε

366 2847 399 2882 6.
425 2862 497 2882 κ.τ.
510 2849 544 2881 λ.
565 2846 660 2881 deest
678 2847 713 2880 in
732 2846 762 2880 A
782 2846 886 2891 (linea
906 2858 974 2880 non
995 2847 1193 2890 completa).
1598 2857 1651 2880 22.
1679 2846 1719 2888 δὴ
1737 2845 1840 2879 habet
1859 2846 1902 2881 A.

323 2894 378 2927 26.
403 2892 532 2938 μωρὸν]
551 2898 586 2933 -†—
611 2892 723 2938 [θεοῦ]
745 2894 792 2927 sic
812 2894 845 2927 in
865 2893 964 2927 uncis
983 2893 1159 2927 inclusum
1179 2892 1273 2927 addit
1293 2892 1377 2935 Mai,
1397 2892 1456 2926 sed
1475 2893 1575 2927 omisi
1594 2894 1666 2938 ipse
1685 2904 1795 2938 quum
1814 2892 1900 2926 nihil

322 2946 373 2974 est
391 2941 533 2974 lacunae
552 2940 586 2973 in
606 2942 648 2974 A.

1926 600 1948 638 5

1929 1011 1977 1036 10

1929 1413 1974 1451 15

1925 1830 1975 1855 20

1925 2639 1976 2675 30
