1981 3282
668 128 878 164 INDEX

124 143 222 168 DEUS

123 251 287 288 Deliciae
322 251 402 286 Deo
438 249 529 286 Filio
564 249 718 285 salvatio
758 255 884 284 nostra

178 318 254 352 885
277 328 309 357 e,
332 316 408 351 886
427 328 458 351 a.

124 387 146 400 ‘⁴
166 379 389 416 Deorsum”
411 379 498 427 quid
524 381 597 416 165
619 379 654 414 b.

124 445 344 492 Desperatio
365 444 583 492 refugienda
605 443 653 479 iii.
677 446 766 480 429.

410 509 542 549 1461),
587 510 660 544 147
683 508 751 549 ab,
798 510 884 548 162,

183 576 255 610 165
277 575 314 615 b,
353 576 428 610 503
451 573 575 609 abed
631 573 677 608 ab
715 572 887 607 hereticis

180 638 367 686 quomodo
389 638 483 674 male
505 638 788 686 interpretatum
814 639 881 673 161

181 716 211 744 e,
239 706 326 739 163.

126 768 245 804 Deum
268 769 365 804 inter
380 773 417 804 et
437 772 643 803 creaturam
664 766 756 801 nihil
777 766 890 801 inter-

180 833 304 868 venire
335 837 459 880 potest
482 835 530 867 45
553 844 584 873 a,
610 834 683 867 102
706 831 741 871 b,
770 833 844 867 164
866 830 889 865 b

181 897 390 933 differentia
446 909 558 944 quam
622 895 784 931 maxima
840 895 889 932 iii.

184 963 274 998 476.

126 1026 228 1062 Deus
259 1026 413 1068 stabilis,
436 1025 619 1062 instabilis
649 1030 819 1062 ereatura
839 1026 889 1060 iii.

183 1093 271 1133 478,
295 1094 385 1133 575,
409 1094 497 1128 576.

128 1156 235 1192 Deus
273 1155 616 1202 incircumscriptus
652 1154 689 1190 in
728 1154 892 1190 ecelesiis

183 1220 377 1268 praecipue
397 1220 540 1255 habitat
562 1221 650 1256 409.

128 1285 200 1321 Dei
231 1285 351 1332 gloria
377 1290 413 1320 et
443 1284 479 1319 in
513 1296 623 1332 opere
653 1289 690 1319 et
719 1283 756 1319 in
783 1295 892 1331 prece

186 1348 345 1396 (Christi
370 1348 556 1396 exemplo)
580 1348 792 1396 quaerenda
813 1350 890 1384 946

184 1426 204 1450 c
218 1414 241 1450 d
254 1427 284 1450 e.

130 1478 246 1521 Deus,
268 1479 353 1526 Ipse
376 1491 452 1514 non
471 1478 629 1519 videtur,
655 1478 801 1513 videtur
828 1489 890 1512 au-

124 515 146 528 “
167 510 336 557 Desuper
350 509 371 522 ''

184 1548 261 1580 tem
282 1549 321 1580 ut
338 1544 374 1579 in
394 1543 538 1591 pictura
558 1543 698 1591 gloriae
715 1542 808 1590 Ejus
826 1543 889 1577 ha-

185 1608 285 1644 bitus
310 1611 396 1653 104,
418 1607 462 1643 ef.
484 1610 558 1644 348
581 1620 613 1649 e,
637 1611 711 1644 774
735 1608 757 1643 b
774 1620 793 1643 c
823 1619 891 1642 nec

184 1686 259 1709 vox
280 1673 427 1709 auditur
448 1676 498 1709 40
520 1685 550 1714 e,
574 1675 636 1713 41,
660 1675 735 1709 258
754 1672 790 1714 d,
814 1674 890 1708 259

186 1737 312 1773 omnia
336 1750 428 1785 quae
453 1737 542 1773 facit
566 1736 808 1778 admirabilia,
831 1749 891 1772 su-

186 1815 253 1850 per
271 1808 454 1844 naturam,
475 1808 513 1838 et
533 1815 553 1838 e
573 1803 693 1838 Manu
720 1802 895 1838 munifica

189 1870 265 1904 372
287 1868 310 1903 b
326 1880 345 1903 e
375 1867 500 1903 omnia
521 1867 620 1903 videt
643 1870 718 1903 412
737 1880 767 1903 a.

133 1931 204 1968 Dei
225 1931 376 1979 Species
397 1932 511 1967 Filius
533 1935 608 1969 256
625 1945 645 1967 e
684 1932 728 1967 de
749 1932 818 1974 Eo,
834 1931 895 1979 qui

187 1996 295 2032 valde
316 1997 397 2039 scit,
416 1997 447 2032 is
470 1997 621 2033 minime
643 1996 738 2044 sapit
762 2000 835 2033 777
857 1997 893 2033 b.

135 2060 240 2097 Deus
277 2061 387 2097 Pater
427 2074 495 2109 per
533 2061 678 2106 Filium,
717 2066 894 2108 tanquam

189 2125 331 2168 Robur,
374 2132 485 2167 creat,
528 2131 706 2173 tanquam
743 2125 897 2161 Justitia

185 2189 331 2237 judicat
361 2193 437 2226 225
465 2202 484 2226 e
526 2190 634 2225 nobis
663 2189 896 2237 paternitatis

189 2260 301 2303 typus
323 2256 399 2291 229
422 2254 456 2290 cl.

136 2319 239 2355 Deus
273 2318 616 2366 incircumscriptus
651 2320 727 2354 973
749 2317 818 2359 cd,
848 2317 897 2353 iii.

193 2386 282 2429 549,
305 2386 396 2425 550,
420 2386 495 2420 577
518 2396 597 2431 sqq.

138 2448 245 2484 Deus
292 2448 337 2484 de
376 2448 464 2495 Ipso
501 2447 589 2483 dicit
638 2450 659 2467 ‘⁴
675 2446 900 2483 Dominator

191 2512 353 2549 Domine
397 2513 500 2549 Deus
540 2512 755 2548 misericors
802 2512 897 2548 ete.''

195 2577 332 2624 (Exod.
352 2577 480 2613 xxxiV.
507 2578 546 2623 6)
570 2580 660 2614 591.

139 2642 211 2677 Dei
239 2647 326 2677 sunt
355 2642 490 2686 omnia,
512 2642 631 2678 Patris
657 2648 694 2678 et
717 2641 812 2683 Filii,
833 2641 900 2677 eti-

194 2705 288 2741 amsi
307 2705 477 2741 nesciant
497 2708 573 2743 962
595 2706 632 2749 d,
655 2708 746 2744 963.

140 2769 214 2806 Dei
231 2770 276 2806 ab
298 2770 460 2806 amicitia
479 2775 700 2816 avertentes,
716 2770 899 2806 heretico-

195 2847 278 2870 rum
293 2834 540 2870 indoctrinam
558 2834 805 2882 epulabuntur
825 2838 848 2871 4
863 2835 899 2871 d.

142 2899 223 2935 Deo
261 2898 465 2934 similitudo
503 2898 621 2934 amitti
660 2904 785 2946 potest
825 2901 899 2935 304

941 128 972 163 R
986 128 1016 163 E
1033 127 1064 162 R
1080 127 1113 163 U
1129 126 1183 163 M.
1643 125 1719 161 623

1013 248 1069 283 ab
1118 258 1210 294 quae
1231 247 1304 282 821
1330 257 1362 288 c,
1400 247 1475 282 822
1498 258 1532 286 a,
1572 244 1619 281 iii.
1644 249 1719 282 555

1013 324 1108 359 sqq.‚
1150 313 1226 347 573
1258 322 1350 358 sqq„
1393 312 1480 351 589,
1522 312 1596 347 593
1628 323 1720 358 sqq„

1014 379 1102 413 605.

960 442 1029 477 Dei
1059 442 1197 489 imago,
1229 439 1406 475 sanctitas
1435 439 1656 487 bonitasque
1684 439 1720 474 in

1014 505 1121 541 nobis
1141 505 1251 540 insita
1272 504 1321 539 iii.
1345 506 1435 547 555,
1459 506 1547 540 593.

960 571 1061 606 Deus
1090 575 1297 606 ereaturam
1328 581 1430 603 suain
1463 581 1609 616 semper
1631 568 1720 603 vivi—

1014 636 1100 671 ficat
1123 638 1198 671 793
1221 635 1256 676 d,
1282 636 1358 671 822
1381 634 1404 668 b
1443 640 1634 669 creaturae
1656 632 1721 668 Sui

1014 700 1337 749 participationem
1379 711 1446 746 per
1489 698 1721 745 conjunctio-

1016 778 1100 801 nem
1122 764 1321 812 spiritalem
1344 763 1525 811 permittit
1547 765 1622 799 306
1644 775 1677 798 a.

962 830 1033 866 Dei
1064 841 1176 877 opera
1205 828 1347 864 homini
1373 828 1548 868 tribuere,
1570 828 1723 862 demen-

1015 895 1087 930 tiae
1117 906 1160 929 ac
1189 893 1390 941 impietatis
1424 893 1576 940 plenum
1608 894 1680 928 311
1701 892 1723 927 b

1016 959 1075 995 vel
1100 958 1255 994 minima
1278 957 1472 993 hominum
1499 962 1724 1004 potestatem

1018 1024 1175 1060 multum
1198 1027 1375 1070 superant
1395 1021 1436 1057 M
1458 1025 1522 1059 52.

964 1090 1031 1125 Dei
1052 1088 1197 1136 requies
1218 1094 1396 1135 tanquam
1423 1087 1510 1122 olim
1532 1086 1725 1123 increden-

1017 1154 1116 1190 tibus
1147 1165 1222 1188 non
1262 1153 1360 1193 data,
1397 1152 1448 1187 ita
1486 1164 1605 1199 neque
1644 1151 1723 1186 Do-

1019 1218 1118 1254 mino
1132 1217 1243 1254 hodie
1257 1230 1331 1253 non
1353 1217 1589 1253 credentibus
1603 1216 1726 1252 danda

1019 1286 1094 1320 380
1116 1295 1147 1320 a.

964 1350 1084 1384 Deum
1108 1359 1284 1395 quaerere
1303 1359 1379 1382 non
1409 1346 1544 1382 sufficit
1562 1345 1633 1381 nisi
1659 1357 1726 1393 per

1018 1412 1267 1449 obedientiam
1311 1416 1349 1447 et
1393 1411 1506 1447 fidem
1543 1410 1589 1446 ad
1627 1410 1725 1446 Eum

1017 1477 1246 1514 convertaris
1267 1478 1343 1512 406
1365 1488 1396 1512 e.

964 1542 1047 1578 Deo
1068 1554 1126 1583 ex,
1148 1553 1228 1578 esse
1249 1541 1336 1589 quid
1359 1543 1435 1577 567
1457 1540 1481 1576 b
1495 1553 1525 1576 e.

963 1606 1035 1642 Dei
1062 1606 1353 1642 misericordiam
1382 1618 1458 1641 non
1485 1617 1724 1653 praesumen-

1016 1672 1103 1707 dum
1126 1673 1201 1708 572
1222 1671 1260 1706 b.

963 1737 1032 1773 Dei
1063 1749 1272 1772 sermonem
1304 1748 1450 1772 servare
1481 1735 1567 1783 quid
1593 1738 1668 1772 572
1690 1748 1722 1777 e,

1020 1805 1096 1839 573
1118 1815 1149 1837 a.

965 1868 1087 1903 Deum
1107 1878 1336 1915 cognoscere
1356 1878 1432 1901 non
1453 1870 1598 1901 tanturn
1626 1865 1726 1912 quod

1019 1932 1121 1968 Deus
1142 1937 1198 1967 est
1219 1931 1312 1967 scire
1335 1933 1411 1967 580
1447 1930 1570 1966 Deum
1591 1942 1724 1978 appro-

1019 1997 1243 2044 pinquamus
1263 1995 1452 2043 quomodo
1475 1997 1550 2032 769
1565 2008 1598 2031 a.

967 2061 1071 2098 Deus
1110 2061 1400 2108 uniuscujusque
1442 2059 1727 2095 necessitatibus

1021 2126 1158 2174 agendi
1204 2125 1357 2160 modum
1405 2129 1507 2171 aptat
1550 2125 1646 2160 1081
1672 2124 1728 2158 de

1020 2203 1089 2226 nos
1108 2191 1146 2225 in
1169 2188 1319 2226 Christo
1344 2188 1537 2224 renovavit
1556 2188 1641 2235 quia
1661 2200 1729 2223 nos

1022 2254 1159 2290 amavit
1180 2254 1223 2289 M
1247 2256 1295 2290 78
1344 2252 1463 2288 fidelis
1493 2258 1527 2288 et
1558 2253 1668 2288 Pater
1693 2257 1730 2288 et

1022 2319 1138 2354 Filius
1157 2318 1205 2353 iii.
1230 2320 1318 2359 398,
1342 2319 1432 2353 399.

971 2382 1052 2418 Deo
1083 2382 1121 2418 in
1153 2394 1303 2418 omnem
1339 2386 1548 2417 creaturam
1585 2394 1731 2430 semper

1017 2448 1122 2495 justo
1155 2446 1383 2483 credendum
1418 2448 1493 2483 598
1530 2446 1553 2481 b
1604 2446 1649 2482 de
1686 2447 1730 2482 iis

1024 2524 1117 2560 quae
1154 2510 1260 2548 Deus
1303 2512 1341 2547 in
1382 2516 1572 2546 creaturas
1618 2511 1729 2547 faeiat

1022 2576 1278 2624 quaestionem
1308 2575 1430 2612 facere
1464 2575 1526 2623 qui
1563 2575 1727 2623 incipiat,

1021 2642 1053 2676 is
1086 2653 1232 2677 cessare
1269 2653 1345 2675 non
1383 2634 1507 2688 potest
1539 2643 1627 2682 730,
1653 2643 1724 2676 731

1023 2705 1068 2741 de
1085 2704 1170 2741 Deo
1191 2704 1376 2741 sententia
1396 2704 1617 2752 sapientium
1637 2716 1728 2751 gen-

1021 2769 1142 2806 tilium
1175 2770 1297 2817 magis
1330 2769 1391 2816 pia
1422 2780 1532 2815 quam
1566 2780 1729 2814 quorun-

1024 2834 1110 2870 dam
1130 2833 1191 2881 qui
1210 2845 1309 2868 nune
1330 2837 1418 2868 sunt
1436 2831 1488 2867 iii.
1513 2833 1600 2867 578.

971 2898 1044 2934 Dei
1073 2896 1318 2946 praescientia
1343 2895 1536 2932 hominum
1566 2900 1629 2932 aut
1650 2896 1726 2932 cul-
