1981 3247
258 126 334 163 628

255 244 371 281 Filius
403 246 519 293 janua
551 251 589 282 et
623 246 681 283 via
718 246 902 283 amicitiae
936 259 1020 282 cum

309 309 419 346 Patre
436 312 514 347 806
528 323 558 356 e,
582 312 658 348 807
674 324 696 347 a
733 311 920 359 quomodo
935 323 1020 359 pur·
1053 334 1055 370 Ξ

309 378 375 421 gat
395 375 444 411 87
461 375 485 411 d
503 388 524 411 e

255 438 349 474 Filio
396 439 593 481 honorato,
648 440 855 476 honoratur
908 439 1020 475 Pater

312 504 469 546 170cd,
493 507 568 541 337
584 504 651 550 ab,
675 504 868 547 733cde,
891 507 967 540 939
982 504 1018 540 b.
1054 528 1056 555 ,¹

252 568 346 605 Filio
366 568 606 614 inhonorato,
626 569 872 605 inhonoratus
893 574 930 605 et
951 569 1019 605 Pa-

308 638 366 669 ter
386 635 464 670 914
478 647 509 675 c,
531 636 608 670 915
623 646 656 670 a.

252 697 389 734 Filium
408 698 679 734 honorantibus
692 698 926 734 clementiam
943 710 1020 733 ma-

302 764 426 811 jorem
456 763 519 799 dat
548 763 659 800 Pater
679 766 755 800 939
773 776 794 800 a
809 776 828 799 c
844 763 879 808 d,
901 765 978 800 940
996 762 1018 798 b

305 841 336 869 c,
356 828 405 864 iii.
426 830 503 865 509
548 841 624 864 non
650 828 922 864 honorantibus
942 840 1018 863 non

305 893 458 929 exaudit
478 893 588 930 Pater
609 895 687 930 940
702 906 734 930 c.

251 957 387 993 Filium
416 958 539 994 Deum
573 963 832 1006 agnoscentes,
868 958 1016 993 Patrem

304 1022 543 1070 agnoscimus
577 1024 651 1059 768
671 1035 701 1065 e,
733 1025 808 1059 797
826 1023 849 1058 b
866 1035 885 1058 c
902 1022 935 1063 d,
966 1022 1013 1058 cf.

307 1089 383 1124 903
402 1087 461 1123 de
504 1092 778 1135 cognoscentes
819 1086 1014 1135 cognosci-

303 1163 388 1187 mus
422 1153 499 1188 952
530 1151 566 1192 d,
605 1151 652 1188 cf.
678 1154 780 1188 1010
811 1164 832 1187 a
900 1151 1015 1187 Filius

303 1217 414 1253 Patre
458 1216 646 1253 revelatur
688 1216 828 1252 revelat
871 1216 909 1252 in
948 1216 1015 1253 Se—

301 1281 383 1329 ipso
410 1281 559 1318 Patrem
577 1284 653 1318 347
670 1281 705 1323 d,
737 1283 812 1318 348
831 1294 862 1327 a,
893 1280 934 1317 M
964 1284 1014 1318 94

303 1345 383 1382 init.

249 1411 364 1447 Filius
394 1409 556 1459 Spiritus
580 1411 619 1446 in
640 1410 789 1447 Divinis
813 1410 1014 1458 Scripturis

304 1489 414 1525 saepe
456 1476 661 1524 appellatus
696 1478 772 1512 377
789 1488 820 1522 e,
853 1478 927 1512 378
950 1489 971 1512 a
990 1476 1013 1512 b

303 1540 459 1589 Spiritui
483 1540 623 1577 Sancto
652 1541 858 1577 arctissime
887 1540 1014 1576 unitus

301 1605 373 1641 nisi
405 1606 505 1653 quod
531 1605 700 1653 Quisque
729 1605 856 1642 existit
886 1608 962 1642 809
980 1619 1012 1650 e,

303 1671 380 1707 812
394 1670 418 1706 b
434 1683 467 1707 e.

247 1735 373 1780 Filius,
400 1735 480 1771 vide
502 1735 682 1781 Processi,
702 1747 779 1770 non
803 1735 912 1772 Patre
942 1735 1010 1771 mi-

300 1812 371 1836 nor
384 1800 470 1848 quia
485 1800 674 1848 subjectus
689 1803 887 1843 332-337,
903 1800 946 1836 M
963 1803 1011 1838 75

307 1866 385 1914 [pp.
414 1867 504 1905 305.
536 1866 632 1912 306]
689 1877 766 1901 non
798 1865 908 1901 Patre
942 1865 1010 1900 mi-

299 1942 371 1966 nor
385 1930 472 1977 quia
488 1930 704 1965 mandatum
721 1930 862 1978 accepit
880 1932 951 1967 661
974 1931 1009 1972 d,

301 1996 379 2031 662
400 1995 475 2038 ab,
510 1997 586 2031 717
609 1995 644 2035 d,
682 1997 757 2031 718
780 2007 798 2030 c
850 2008 872 2030 a
901 1995 1011 2030 Patre

301 2060 434 2095 doctus
455 2059 542 2107 quid
563 2061 638 2096 525
657 2059 691 2101 d,
710 2061 798 2101 526,
820 2061 909 2105 527,
932 2060 1008 2096 528

300 2125 324 2160 d
348 2137 378 2169 e,
400 2126 490 2169 529,
511 2124 534 2159 d
555 2136 574 2160 e
612 2137 633 2160 a
653 2125 762 2160 Patre
792 2124 1010 2160 mandatum

299 2189 432 2237 accipit
449 2189 536 2237 quid
553 2191 625 2225 661
645 2189 668 2224 d
681 2201 711 2234 e,
734 2190 809 2225 808
825 2202 844 2224 c
858 2189 893 2231 d,
917 2191 1007 2232 882,

298 2255 430 2291 cf.854
445 2267 476 2297 c,
491 2257 567 2291 957
582 2254 669 2300 cde,
686 2256 762 2291 958
778 2267 799 2290 a
836 2254 936 2291 Patri
950 2268 1009 2291 ae-

298 2319 416 2367 qualis
436 2325 478 2355 ut
496 2320 611 2360 Deus,
633 2325 674 2354 ut
696 2320 821 2355 Homo
846 2319 1009 2356 humana

297 2384 412 2420 verba
437 2384 602 2432 loquitur
623 2386 699 2420 662
721 2397 742 2420 a
756 2384 780 2420 b
821 2385 1007 2432 Propheta

297 2449 346 2484 ob
375 2447 680 2491 exinanitionem,
706 2449 806 2485 unde
836 2455 872 2485 et
901 2462 1005 2485 man-

297 2513 425 2549 datum
455 2513 588 2560 accipit
616 2515 692 2549 716
710 2525 741 2554 e,
765 2515 840 2550 718
887 2514 1006 2550 Patris

294 2577 529 2614 voluntatem
549 2578 713 2613 declarat
734 2577 813 2619 1116,
836 2579 1005 2614 volunta-

293 2648 372 2679 tem
401 2647 569 2678 nostram
595 2642 758 2678 declarat
786 2647 823 2678 et
853 2643 956 2690 quasi
985 2657 1005 2680 e

292 2707 471 2744 mandato
489 2707 646 2743 verbum
666 2711 838 2742 nostrum
861 2710 936 2744 718
954 2720 985 2744 a.

239 2772 353 2809 Filius
385 2772 488 2809 Deus
522 2784 603 2808 esse
636 2772 926 2815 demonstratus,
957 2773 1003 2808 ab

292 2837 465 2873 omnibus
495 2842 641 2874 amotus
663 2839 712 2873 44
732 2837 766 2883 d,
795 2839 844 2874 45
863 2837 896 2880 b,
927 2840 1000 2874 127

293 2902 328 2948 d,
353 2903 439 2939 128.

799 126 1011 163 INDEX
1068 127 1311 164 RERUM.

1722 142 1851 166 FILIUS

1090 246 1206 282 Filius
1247 247 1351 284 Deus

1146 314 1221 348 770
1243 311 1278 348 d.

1090 375 1225 411 Filium
1254 376 1316 423 qui
1351 389 1424 412 non
1458 378 1503 413 de
1538 377 1659 414 Patris
1690 378 1851 414 essentia

1144 440 1366 476 confiteatur
1389 454 1411 476 a
1430 441 1489 478 via
1514 442 1698 479 aberravit
1723 444 1799 479 766
1816 455 1850 483 e,

1146 506 1221 540 767
1236 517 1267 541 a.

1090 567 1204 604 Filius
1221 568 1324 605 Deus
1344 583 1421 606 non
1439 571 1684 619 Theophorus
1701 573 1777 608 998
1791 571 1827 607 b.

1396 254 1434 284 et
1474 249 1512 284 in
1559 261 1669 285 carne
1711 251 1787 286 510
1817 262 1851 292 e,

1090 700 1228 736 FILIUS
1250 700 1471 736 Incarnatus
1491 700 1719 749 visibilisque
1738 701 1847 737 nobis

1142 765 1281 801 indicat
1297 766 1413 813 qualis
1435 766 1481 802 sit
1497 766 1606 802 Pater
1622 778 1641 801 e
1658 766 1743 810 Quo
1760 765 1847 814 Ipse

1144 833 1220 867 770
1237 843 1256 866 c
1273 830 1345 871 de,
1368 833 1457 873 771,
1488 831 1535 867 cf.
1556 832 1628 867 781
1649 844 1670 867 a
1713 843 1782 866 nos
1811 830 1849 866 in

1142 893 1274 942 Seipso
1303 895 1416 932 habet
1443 908 1510 943 per
1529 896 1649 931 carnis
1678 895 1850 931 identita-

1140 963 1217 994 tem
1238 960 1314 996 823
1336 972 1368 1005 c,
1398 961 1487 1002 918,
1509 959 1554 996 cf.
1576 961 1652 996 998
1670 960 1706 1004 b,
1746 960 1847 996 1002

1140 1022 1163 1058 b
1211 1035 1280 1058 nos
1306 1024 1425 1059 Patris
1450 1024 1489 1059 in
1515 1030 1716 1072 conspectu
1743 1024 1850 1060 affert

1141 1088 1216 1123 918
1234 1100 1266 1129 e,
1289 1090 1365 1125 919
1380 1101 1401 1124 a
1438 1094 1475 1124 et
1495 1089 1740 1125 consedentes
1759 1088 1849 1124 facit

1141 1153 1218 1188 919
1233 1153 1270 1188 b.
1748 1186 1751 1187 γ

1086 1215 1200 1252 Filius
1231 1215 1432 1263 Mediator,
1464 1222 1501 1253 et
1532 1217 1633 1253 Patri
1662 1222 1699 1253 et
1737 1217 1845 1253 nobis

1139 1282 1364 1329 conjunctus
1385 1282 1460 1318 823
1478 1282 1501 1318 b
1517 1294 1548 1318 c,

1085 1345 1198 1382 Filius
1236 1346 1459 1382 Incarnatus
1495 1359 1571 1382 non
1610 1346 1688 1382 sine
1726 1346 1850 1382 anima

1137 1410 1188 1447 iii.
1212 1412 1301 1458 463,
1319 1413 1408 1454 489,
1425 1413 1516 1454 494,
1534 1413 1624 1453 496,
1643 1413 1733 1453 497,
1756 1413 1847 1456 513,

1138 1477 1227 1511 541.

1084 1540 1197 1576 Filius
1226 1546 1311 1588 post
1335 1540 1638 1578 Incarnationem
1667 1546 1705 1577 et
1734 1552 1845 1588 super

1138 1610 1175 1641 et
1206 1606 1273 1642 sub
1302 1606 1386 1655 lege
1416 1607 1582 1649 240de,
1608 1609 1709 1643 1045
1727 1606 1763 1647 b,
1795 1605 1843 1641 iii.

1138 1672 1229 1715 457,
1251 1673 1327 1707 458
1389 1685 1525 1720 corpus
1554 1672 1758 1708 humanum
1787 1670 1843 1706 in-

1137 1735 1249 1771 dutus
1271 1738 1347 1772 266
1369 1736 1402 1781 b,
1426 1739 1498 1773 301
1523 1749 1544 1773 a
1599 1735 1746 1784 quando
1778 1735 1843 1771 de-

1136 1812 1261 1835 corem
1290 1801 1410 1837 induit
1439 1803 1515 1838 845
1537 1813 1556 1836 c
1618 1800 1841 1836 Incarnatus

1136 1864 1239 1900 Deus
1273 1871 1311 1901 et
1342 1866 1469 1902 Homo
1502 1868 1578 1903 266
1599 1867 1671 1907 cd,
1710 1868 1785 1903 343
1807 1866 1842 1907 b,

1134 1930 1211 1964 965
1228 1942 1259 1972 6,
1285 1931 1362 1966 992
1379 1931 1415 1971 b,
1438 1932 1514 1967 998
1530 1931 1564 1975 b,
1586 1930 1633 1967 iii.
1657 1931 1841 1967 377-382

1134 1993 1241 2029 Unus
1271 2001 1308 2030 et
1336 1994 1508 2031 Christus
1539 1995 1646 2031 Unus
1668 1998 1742 2032 393
1765 2008 1784 2031 c
1805 1995 1840 2037 d,

1137 2059 1234 2095 1001
1253 2072 1283 2101 c,
1310 2062 1410 2097 1112
1429 2074 1449 2097 a
1468 2062 1492 2097 b
1512 2074 1544 2103 c,
1565 2061 1615 2097 iii.
1639 2063 1728 2103 382,
1751 2064 1842 2102 395,

1137 2126 1228 2165 405,
1260 2127 1351 2167 421,
1383 2128 1474 2166 422,
1505 2128 1596 2168 425,
1631 2128 1720 2168 426,
1753 2128 1843 2169 427,

1133 2192 1223 2233 452,
1257 2193 1346 2233 453,
1380 2194 1468 2236 454,
1501 2193 1591 2232 455,
1624 2193 1714 2232 456,
1748 2194 1839 2233 457,

1133 2258 1222 2299 458,
1257 2258 1346 2298 459,
1380 2258 1469 2298 460,
1505 2258 1595 2298 463,
1630 2258 1718 2302 464,
1751 2259 1842 2300 474,

1133 2324 1223 2365 497,
1257 2324 1345 2367 498,
1377 2324 1466 2363 499,
1499 2324 1588 2363 500,
1623 2324 1713 2366 507,
1750 2324 1841 2364 509,

1132 2389 1221 2429 516,
1258 2389 1348 2428 523,
1388 2389 1478 2428 525,
1515 2389 1591 2423 586
1648 2400 1718 2423 nos
1757 2387 1838 2424 Sibi

1130 2451 1328 2499 conjungit
1368 2457 1412 2487 ut
1459 2452 1528 2487 scit
1570 2450 1657 2498 Ipse
1696 2453 1772 2488 823
1803 2452 1839 2494 b,

1133 2518 1246 2560 1002,
1264 2521 1301 2551 et
1324 2515 1371 2551 ad
1392 2516 1538 2551 Patrem
1560 2515 1608 2550 iii.
1630 2518 1722 2559 404,
1745 2518 1834 2562 405,

1128 2582 1205 2616 466
1226 2579 1305 2614 init.
1351 2584 1462 2627 rogat
1491 2585 1531 2615 ut
1555 2579 1681 2615 Homo
1702 2581 1779 2617 689
1794 2581 1830 2623 b,

1128 2647 1204 2681 966
1230 2656 1261 2688 e,
1296 2645 1372 2681 967
1394 2657 1426 2687 a,
1462 2647 1559 2681 1001
1580 2644 1604 2680 b
1656 2650 1697 2681 ut
1729 2645 1833 2681 Deus

1127 2708 1279 2745 exaudit
1295 2710 1370 2745 966
1387 2721 1406 2744 e
1441 2711 1463 2728 ‘⁶
1478 2709 1626 2758 genus’'
1644 2709 1748 2746 Illius
1766 2722 1834 2746 nos

1129 2776 1206 2810 857
1224 2786 1256 2810 c,

1074 2838 1189 2874 Filius
1218 2844 1304 2885 post
1334 2838 1635 2875 Incarnationem
1668 2839 1705 2874 in
1736 2839 1830 2874 duos

1126 2903 1222 2938 filios
1251 2903 1362 2939 dividi
1393 2908 1551 2949 recusat,
1571 2903 1726 2951 Templo
1756 2902 1834 2939 Suo
