1986 3282
86 136 169 177 xix.
195 145 257 190 15.
470 136 542 176 IN
589 137 630 178 S.
665 136 1003 179 ιῘΟΑΝΝΕΜ.
1066 137 1191 178 LIB.
1226 136 1329 178 XII.
1621 137 1674 178 77

87 246 388 311 ὑπερκεῖσθαι
415 246 591 299 παντὸς
616 248 821 312 ἐπιγείου
845 247 1142 313 πράγματος.
1198 248 1247 298 τί
1277 246 1371 314 γὰρ
1403 245 1524 309 ἴσον,
1550 246 1599 297 τί
1627 247 1674 298 δὲ

86 327 169 377 οὐκ
197 325 396 378 ’ἔλαττον
421 332 539 379 Υὶοῦ
564 351 613 380 τε
641 332 765 380 Θεοῦ
792 331 867 380 καὶ
892 330 1133 391 βασιλέως
1155 352 1166 390 ;

82 470 397 528 ἈΠεκρίΘΗσαν
436 469 473 512 οἰ
512 469 725 529 ἀρχιερεῖς
764 472 852 513 Οὐκ
889 473 1041 528 ἔχομεν
1080 474 1256 522 βασιλέα
1295 471 1330 514 εἶ
1370 473 1425 522 μὴ
1469 428 1894 529 Καίσαρα,31055ᾼ’

158 585 508 637 Ἀπελάκτισεν
538 587 586 636 ἐν
617 585 799 641 τούτοις
837 588 862 637 ὁ
897 587 1198 653 ἠγαπημένος
1222 587 1446 655 Ἰσραὴλ,
1478 590 1554 639 καὶ
1592 591 1676 651 τῆς

43 666 204 733 5πρὸς
255 667 380 718 Θεὸν
431 668 595 737 φιλίας
645 668 920 737 ἀναφανδὸν
971 668 1240 739 ἐξάλλεται,
1292 672 1368 721 καὶ
1418 669 1538 721 κατὰ
1588 669 1675 734 τὴν

87 750 334 804 Μωυσέως
399 750 563 820 φωνὴν
622 751 992 816 ἐγκαταλέλοιπε
1057 752 1183 804 Θεὸν
1238 752 1321 804 τὸν
1375 751 1676 818 γεννήσαντα
1736 751 1901 827 Εξζὲξζῶ·

86 830 242 895 αὐτὸν,
294 839 322 862 “
347 836 423 884 καὶ
476 833 655 900 Κυρίου
705 839 787 885 τοῦ
835 838 1018 898 βοηθοῦ
1072 835 1214 885 αὑτοῦ
1271 836 1356 886 οὐκ
1410 834 1672 900 ἐμνήσθη.”
1738 838 1791 912 {⁴0⁵
1808 839 1886 870 xvii.

86 915 218 981 ἄθρει
267 914 360 981 γὰρ
410 915 536 970 ὅπως
578 923 604 945 “
631 915 743 985 ὄψις
794 915 969 984 πόρνης
1013 917 1228 983 ἐγε’νετο”
1280 918 1406 986 αὐτῷ
1450 917 1570 969 κατὰ
1620 915 1674 968 τὸ
1692 927 1719 968 b
1740 926 1830 957 Hier·
1844 926 1890 956 iii-

85 999 427 1065 γεγραμμένον,
456 998 919 1067 ιζοἰπηναισχύντησε
956 998 1076 1066 πρὸς
1113 999 1335 1063 πάντας,”
1364 1002 1583 1067 ἀπείρηκε
1621 1000 1675 1051 τὸ
1738 978 1768 1009 3-

20 1079 201 1130 Ῑοῖδιον
242 1081 478 1148 καύχημα,
522 1083 598 1132 καὶ
648 1080 731 1132 τὸν
774 1082 938 1132 ἑαυτοῦ
989 1080 1228 1147 δεσπότην
1271 1083 1530 1149 ἠρνήσατο.
1601 1085 1675 1134 ἐπὶ

85 1162 266 1217 τούτοις
302 1165 455 1217 αὐτοῖς
490 1164 653 1232 ᾐτιᾶτο
688 1163 764 1215 διὰ
799 1167 959 1233 φωνῆς
985 1165 1210 1231 Ἱερεμίου
1240 1166 1396 1231 λε’γων
1421 1167 1498 1217 καὶ
1523 1165 1676 1217 πάλαι

87 1244 209 1300 Θεός
236 1246 397 1297 “”Ὀτι
435 1245 695 1314 πορεύθητε
734 1250 797 1301 εἱς
836 1245 1009 1311 νήσους
1042 1249 1277 1311 Χεττιεῖμ,
1304 1250 1379 1298 καὶ
1411 1252 1473 1302 εἷς
1509 1247 1676 1315 Κηδάρ
1742 1247 1855 1328 ᾗῇ.

87 1333 114 1355 “
141 1329 472 1392 ἀποστείλατε,
499 1330 574 1380 καὶ
607 1333 759 1395 γνῶτε
794 1333 831 1379 εὶ
867 1328 1163 1398 ἀλλάξονται
1200 1330 1310 1394 ε”θνη
1345 1329 1476 1384 θεοὺς
1507 1331 1675 1394 αὐτῶν,

86 1416 114 1437 “
201 1414 214 1428 x
287 1410 307 1432 ‘e
459 1412 469 1426 ι
568 1414 577 1428 ς
618 1414 632 1429 x
763 1412 773 1428 Ι
861 1411 871 1425 t
954 1410 964 1427 x
1086 1409 1097 1426 Ι
1313 1413 1323 1427 9
1420 1412 1431 1425 t
1628 1412 1641 1429 x

141 1433 216 1461 και
254 1433 381 1463 ουτοι
419 1434 503 1462 ουκ
542 1434 634 1462 εισι
673 1415 784 1462 θεοι·
852 1433 877 1461 ο
917 1413 965 1461 δε
1006 1418 1123 1466 λαος
1167 1434 1259 1476 μου
1298 1413 1550 1482 ηλλαξατο
1589 1437 1676 1478 την

1736 1491 1855 1530 Ib.12,

19 1510 66 1549 15
87 1498 113 1521 ‘⁶
141 1492 287 1561 δόξαν
325 1494 507 1554 αὐτοῦ,”
536 1495 610 1544 καὶ
645 1492 794 1545 πάλιν
821 1493 1075 1562 “Ἐξε’στη
1115 1495 1140 1545 ὁ
1179 1493 1374 1562 οὐρανὸς
1412 1497 1485 1547 ἐπὶ
1523 1497 1675 1567 τούτῳ
1741 1544 1790 1576 13·

87 1580 114 1604 ‘⁶
139 1577 214 1626 καὶ
253 1575 443 1645 ἔφριξεν
468 1578 541 1627 ἐπὶ
575 1580 740 1628 πλεῖον
771 1573 978 1645 σφόδρα,
1006 1576 1133 1642 λε’γει
1159 1576 1348 1643 Κύριος,
1379 1577 1449 1628 ὅτι
1482 1577 1565 1629 δύο
1599 1582 1676 1631 καὶ

86 1662 114 1685 “
139 1657 323 1724 πονηρὰ
371 1659 592 1723 ἐποίησεν
638 1659 662 1709 ὁ
713 1659 830 1712 λαός
880 1677 987 1722 μου·
1043 1659 1121 1723 ἐμὲ
1166 1660 1475 1726 ἐγκατέλιπον
1518 1662 1677 1728 πηγὴν

87 1746 114 1769 “
143 1740 308 1794 ὕδατος
335 1740 465 1807 ζωῆς,
493 1742 568 1791 καὶ
595 1739 784 1810 ὤρυξαν
810 1743 989 1794 ἑαυτοῖς
1019 1740 1224 1796 λάκκους
1255 1743 1675 1811 συντετριμμένους
1695 1767 1717 1794 c

86 1827 113 1850 ‘⁶
140 1821 182 1872 οἳ
217 1823 271 1873 οὐ
309 1823 593 1887 δυνήσονται
628 1825 752 1891 ὕδωρ
786 1823 1046 1891 συνέχεινΫ
1087 1828 1183 1875 τῶν
1208 1823 1302 1892 γὰρ
1337 1825 1505 1891 ἑτέρων
1530 1827 1677 1877 ἐθνῶν

17 1932 66 1957 20
85 1907 180 1954 τῶν
221 1904 310 1955 ἀνὰ
353 1910 518 1956 πᾶσαν
561 1905 710 1957 ὅντων
750 1905 836 1970 τὴν
881 1905 1153 1971 οἰκουμένην
1198 1909 1281 1971 τῆς
1326 1909 1443 1961 ἰδίας
1490 1908 1677 1972 πλάνης

86 1986 236 2056 ἀπρὶξ
278 1987 564 2056 ἐξημμὲνων,
608 1987 849 2055 ἀραρότως
896 2012 946 2040 τε
991 1989 1288 2055 ἀγαπώντων
1329 1989 1407 2044 οὓς
1450 1989 1677 2054 ἐνόμισαν

86 2066 200 2119 εἶναι
228 2069 372 2133 θεοὺς,
400 2072 477 2121 καὶ
508 2072 562 2122 οὐ
597 2071 706 2121 λίαν
732 2070 1056 2138 εὐμετάφορον
1082 2075 1144 2125 εἷς
1171 2071 1447 2123 ἀπόστασιν
1474 2073 1678 2141 ἐχόντων

87 2150 307 2215 διάνοιαν,
348 2153 452 2203 οὔτε
496 2153 590 2217 μὴν
628 2152 832 2206 εὐκόλως
878 2158 939 2207 εἷς
984 2153 1142 2220 ἑτέρας
1185 2155 1543 2217 μεθισταμένων
1581 2163 1672 2205 λα-

85 2233 251 2298 τρείας,
297 2234 603 2298 ἀπεπήδησεν
647 2236 672 2285 ὁ
716 2233 920 2301 Ἰσραὴλ
971 2239 1029 2303 τῇ
1080 2241 1164 2286 τοῦ
1217 2236 1462 2302 Καίσαρος
1513 2236 1679 2288 ἑαυτὸν

17 2340 65 2378 25
85 2315 369 2381 προσνέμων
403 2318 540 2384 ἀρχῇ,
578 2318 653 2367 καὶ
692 2315 779 2380 τὴν
813 2323 896 2367 τοῦ
932 2320 1058 2368 Θεοῦ
1097 2319 1352 2378 βασιλείαν
1385 2319 1673 2370 ἀπεδύσατο.

85 2396 325 2462 τοιγάρτοι
377 2402 452 2449 καὶ
495 2398 692 2465 σφόδρα
739 2401 924 2452 δικαίως
968 2403 1068 2453 ταῖς
1113 2405 1197 2450 τοῦ
1246 2400 1492 2466 Καίσαρος
1540 2399 1677 2465 ἐδόθη
1697 2414 1724 2455 d

86 2481 265 2546 χερσὶν,
293 2480 346 2530 οῦ
382 2482 458 2531 καὶ
492 2482 540 2531 ἐν
566 2483 731 2549 ἀρχαῖς
757 2480 843 2546 τὴν
869 2482 1093 2551 ἐξουσίαν
1120 2481 1510 2550 καταδεξάμενος,
1540 2482 1679 2536 αὐτός

85 2583 135 2611 τε
170 2561 372 2613 διόλωλε
410 2568 576 2626 κακῶς,
604 2563 821 2627 ὑπέμεινέ
848 2587 897 2614 τε
934 2566 1016 2627 τῆς
1051 2563 1209 2631 χώρας
1244 2563 1329 2628 τὴν
1354 2564 1678 2633 ἐξανάστασιν

88 2645 163 2694 καὶ
201 2643 260 2694 τὰ
297 2645 346 2695 εἰ(
385 2650 468 2695 τοῦ
505 2645 717 2708 πολέμου
757 2645 887 2710 πάθη
929 2648 1003 2696 καὶ
1047 2645 1131 2700 τὰς
1176 2647 1462 2710 ἀνηκέστους
1504 2647 1678 2700 ἐκείνας

19 2753 69 2790 30
87 2724 358 2795 συμφοράς.

138 2920 191 2954 13.
217 2909 425 2955 ἀλλάξονται
444 2911 485 2946 Ε.
506 2912 642 2958 Migne.
658 2912 915 2957 ἀλλάλοξονται
935 2914 1016 2958 (Sic)
1035 2914 1129 2949 Aub.
1370 2922 1422 2959 17.
1449 2912 1616 2958 πονηροὺς
1634 2913 1675 2947 Ε.

91 2966 146 2990 20.
171 2957 231 3001 τὴν
248 2969 311 3002 pro
327 2961 394 2993 τῶν
412 2958 454 2993 Ε.
598 2971 653 3004 23.
680 2960 927 3005 μεθισταμένης
948 2961 988 2995 Ε.
