2012 3272
89 115 158 141 xx.
183 110 246 152 17.
474 100 549 141 IN
594 102 636 142 S.
670 100 1008 143 JOANNEM.
1070 101 1197 142 LIB.
1231 101 1335 143 XII.
1601 101 1682 141 117

89 209 197 278 πρὶς
236 209 302 260 τὶν
343 211 390 260 ἐν
423 215 519 264 τοῖς
557 211 768 277 οὐρανοῖς
808 211 1071 272 ἀναβέβηκε
1116 212 1310 281 Πατέρα,
1347 209 1591 280 πρόφασις
1635 210 1722 263 δὲο

90 293 207 356 αὕτη
232 296 332 346 πῶς
357 291 415 343 ἂν
441 316 622 358 γενοιτο
650 292 840 359 διαρκὴς
866 299 950 345 τοῦ
975 294 1039 358 μὴ
1067 297 1236 362 χρῆναι
1264 297 1412 360 θιγεῖν
1435 295 1517 357 τῆς
1545 293 1682 358 ἁγίας

89 374 270 439 σαρκὸς
307 372 414 428 τοὺς
454 377 739 440 ἀγαπῶντας
779 374 955 426 αὐτόν·
945 417 956 436 ,
1010 374 1102 442 ἆρα
1139 375 1233 442 γάρ
1272 398 1340 429 τις
1382 373 1684 441 ἀνεγκλήτως

90 455 297 520 οἰήσεται
328 456 410 507 τὸν
438 459 488 508 ἐκ
521 460 604 521 τῆς
640 459 826 526 ἐπαφῆς
857 457 1112 521 μολυσμον
1138 457 1527 524 παραιτούμενον,
1554 455 1581 521 ἢ
1609 461 1685 510 καὶ

47 538 165 591 5ἵνα
203 538 407 605 καθαρὸς
446 538 553 609 πρός
591 538 674 590 τὸν
708 541 757 590 ἐν
787 544 882 593 τοῖς
922 541 1134 606 οὐρανοῖς
1173 541 1292 591 ἀνίοι
1325 540 1522 607 Πατέρα,
1550 541 1684 590 ταυτὶ

89 619 208 688 πρὸς
246 622 422 685 ἐκείνην
447 625 589 672 εἰπεῖν
615 620 699 672 τὸν
728 621 936 688 Κύριον,
980 619 1078 673 εἶτα
1117 626 1218 675 πῶς
1258 623 1340 672 οὐκ
1370 621 1595 675 ἀσύνετός
1633 644 1682 672 τε

90 702 155 754 ὧν
199 705 367 771 κομιδῇ
413 705 488 754 καὶ
534 703 802 773 παράφρων
845 703 1118 767 ἁλώσεται,
1177 706 1230 755 οὐ
1272 703 1367 770 γὰρ
1413 702 1470 754 ἂν
1510 703 1538 767 ἡ
1584 703 1684 754 θεία

90 785 238 852 φύσις
277 786 530 850 μολυνθείη
573 786 703 837 ποτέ.
770 785 912 852 ὅνπερ
955 785 1050 853 γὰρ
1094 786 1273 853 τρόπον
1314 787 1389 837 καὶ
1429 784 1684 851 βορβόροις

90 867 195 919 ἔσθ’
225 867 301 919 ὅτε
328 870 403 919 καὶ
428 873 529 922 ταῖς
557 867 676 919 κατὰ
705 871 795 934 γῆν
822 868 997 936 ἑτεραις
1030 869 1343 935 ἀκαθαρσίαις
1378 871 1460 931 τῆς
1486 868 1683 931 ἡλιακῆς
1701 876 1729 917 d

24 971 72 996 10
91 951 276 1004 ἀκτῖνος
320 949 644 1017 προσβάλλον
692 951 746 1002 τὸ
798 955 900 1019 φῶς
942 949 1074 1002 οὐδὲν
1116 951 1331 1015 ὑπομένει
1373 950 1427 1001 τὸ
1479 948 1682 1012 βλάβος,

90 1031 212 1095 με’νει
245 1032 339 1100 γὰρ
378 1033 511 1084 τοῦθ’
554 1032 668 1099 ὅπερ
709 1033 853 1094 ἐστὶν,
889 1033 1182 1097 ἀκηλίδωτον
1215 1030 1449 1098 δηλονότι,
1489 1035 1565 1082 καί
1597 1034 1682 1095 τῆς

89 1119 185 1165 τῶν
222 1113 622 1182 παραπιπτόντων
660 1115 894 1169 δυσωδίας
933 1117 1200 1182 ἀμοιρῆσαν
1236 1119 1497 1176 παντελῶς,
1537 1115 1683 1167 οὕτως

90 1197 118 1261 ἡ
160 1198 258 1248 θεία
306 1220 357 1249 τε
402 1199 478 1248 καὶ
523 1197 765 1263 πάναγνος
823 1196 971 1266 φύσις
1030 1196 1114 1249 τὸν
1163 1199 1213 1249 ἐκ
1262 1203 1344 1249 τοῦ
1389 1195 1684 1261 μολύνεσθαι

91 1277 241 1346 ῥύπον
278 1280 361 1330 οὐκ
405 1277 462 1330 ἂν
506 1278 769 1348 ἐπιδέξαιτό
809 1302 937 1331 ποτε.
992 1281 1060 1333 τίς
1103 1281 1184 1331 οὖν
1230 1279 1322 1346 ἄρα
1366 1281 1496 1330 ἐστὶν
1536 1279 1560 1329 ὁ
1601 1283 1684 1329 τοῦ

25 1377 71 1415 15
93 1361 391 1412 κεκωλύσθαι
430 1359 577 1427 λόγος
608 1367 909 1428 προσιοῦσαν
948 1362 1073 1432 αὐτῷ
1108 1361 1193 1427 τὴν
1229 1361 1446 1428 Μαριὰμ,
1487 1363 1563 1411 καὶ
1601 1362 1684 1424 τῆς

92 1443 229 1509 ἁγίας
271 1442 450 1510 σαρκὸς
494 1443 785 1511 γλιχομένην
825 1446 1104 1510 ἀποθιγεῖν;
1165 1445 1213 1495 τί
1261 1445 1304 1496 δ’
1348 1442 1406 1495 ἂν
1457 1441 1682 1505 βούλοιτο

92 1528 424 1590 κατασημῆναι
469 1525 624 1591 λεγων
665 1527 690 1576 ὁ
734 1526 908 1593 Κύριος
947 1525 1090 1578 Ούπω
1132 1526 1223 1597 γαρ
1263 1525 1537 1587 αναβέβηκα
1576 1549 1726 1594 προςε

91 1632 158 1659 τον
210 1607 408 1677 Πατέρα,
453 1607 760 1659 διασκεπτέον
809 1608 899 1672 ἤδη
944 1607 1065 1658 κατά
1116 1631 1169 1674 γε
1215 1631 1270 1659 το
1322 1608 1432 1671 ἡμῖν
1473 1605 1681 1703 ἐφικτόν.

92 1688 248 1758 φαμεν
272 1689 441 1751 τοίνυν,
469 1712 539 1740 οτι
578 1692 660 1753 τῆς
699 1695 782 1740 τοῦ
810 1692 1033 1756 Σωτῆρος
1067 1690 1201 1755 ἡμῶν
1227 1689 1471 1753 ἐπιδημίας
1498 1689 1525 1753 ἡ
1557 1688 1682 1755 πρό·-

22 1795 72 1819 20
93 1774 243 1840 φασις
280 1770 444 1836 πολλὴ
481 1771 568 1836 μέν
593 1794 663 1825 τις
701 1773 802 1822 ἐστὶ
841 1773 916 1822 καὶ
952 1771 1195 1841 διάφορος,
1234 1773 1318 1836 μία
1360 1771 1408 1822 δὲ
1450 1771 1568 1835 αὕτη
1610 1772 1686 1822 καὶ

1479 1856 1499 1866 Α

91 1853 452 1919 ἀναγκαιοτάτη,
479 1855 555 1904 καί
582 1852 657 1904 διὰ
683 1856 765 1918 τῆς
797 1855 939 1905 αὐτοῦ
965 1856 1338 1923 παραδειχθεῖσα
1365 1858 1526 1923 φωνης
1553 1860 1580 1882 “
1609 1854 1685 1904 Οὐ
1748 1866 1909 1916 ἓ-Ἀῐαῑϊὸ·

93 1941 120 1964 “
145 1934 239 2002 γὰρ
263 1934 414 2000 ἦλθον
441 1935 643 1987 καλέσαι
674 1936 891 2000 δικαίους,
931 1935 1062 1987 ἀλλὰ
1101 1935 1411 2004 ἁμαρτωλοὺς
1450 1939 1510 1989 εἰς
1538 1935 1681 1999 μετά·
1747 1918 1861 1950 1x.13.

93 2024 120 2046 “
146 2018 323 2068 νοιαν.”

169 2099 276 2166 Πρὸ
321 2100 476 2151 τοίνυν
517 2105 602 2150 τοῦ
645 2102 884 2166 σωτηρίου
926 2105 1137 2167 σταυροῦ
1179 2101 1255 2150 καὶ
1294 2103 1377 2164 τῆς
1422 2101 1472 2151 ἐκ
1512 2104 1687 2167 νεκρῶν

23 2202 72 2241 25
94 2180 418 2245 ἀναστάσεως,
445 2182 575 2233 οὔπω
601 2185 683 2246 τῆς
710 2183 820 2232 καθ’
844 2183 964 2246 ἡμᾶς
991 2183 1254 2246 οἰκονομίας
1280 2181 1334 2233 τὸ
1361 2183 1478 2251 αὐτῇ
1505 2182 1688 2249 πρὲπον

94 2263 344 2328 λαβούσης
365 2264 516 2327 τέλος,
536 2264 726 2317 δικαιόις
746 2286 796 2314 τε
817 2264 892 2314 καὶ
919 2264 1092 2318 ἀδίκοις
1118 2264 1418 2330 ἐπεμίσγετο,
1439 2266 1513 2314 καὶ
1540 2263 1688 2329 συνή-
1706 2278 1850 2313 a1085
1860 2277 1913 2312 A.

93 2349 199 2396 σθιε
244 2344 330 2409 μὲν
367 2345 593 2399 τελώναις
634 2347 709 2396 καὶ
753 2346 1064 2412 ἁμαρτωλοῖς,
1104 2344 1347 2412 ἐλευθέραν
1390 2345 1438 2397 δὲ
1479 2348 1553 2397 καὶ
1591 2351 1688 2400 τοῖς

93 2427 340 2478 ἐθέλουσιν
365 2426 601 2479 ἅπτεσθαι
627 2430 708 2491 τῆς
735 2428 871 2493 ἁγίας
905 2426 1084 2494 σαρκὸς
1116 2429 1268 2478 ἐδίδου
1304 2427 1389 2492 τὴν
1420 2428 1683 2495 πρόσοδον,

93 2510 169 2560 ἵνα
193 2509 372 2563 πάντας
398 2507 579 2577 ἁγιάσῃ
607 2511 682 2560 καὶ
709 2509 891 2577 καλέσῃ
918 2508 1036 2576 πρὸς
1064 2510 1323 2575 ἐπίγνωσιν
1349 2513 1431 2574 τῆς
1452 2511 1686 2575 ἀληθείας,

27 2618 77 2654 30
96 2593 171 2642 καὶ
209 2592 476 2660 ἀνακομίσῃ
515 2590 633 2657 πρὸς
671 2590 769 2659 ἕξιν
801 2590 886 2655 τὴν
911 2592 1020 2657 ὑγιᾶ
1057 2589 1165 2645 τοὺς
1203 2591 1583 2659 ἠῤῥωστηκότας,
1610 2593 1686 2643 καὶ

95 2677 190 2727 τοῖς
215 2673 272 2742 ἐξ
299 2674 540 2739 ἁμαρτιῶν
565 2672 986 2739 συντετριμμένους
1023 2671 1281 2738 νοσήμασι.
1332 2672 1573 2740 τοιγάρτοι
1610 2674 1687 2724 καὶ

499 2759 518 2768 Α

95 2755 186 2824 ε”φη
211 2754 358 2806 πάλιν
383 2778 537 2809 αυτοις
568 2761 596 2784 “
623 2756 698 2806 Οὐ
729 2755 888 2822 χρείαν
915 2754 1107 2822 ἔχουσιν
1132 2758 1175 2805 οἱ
1201 2755 1483 2821 ὑγιαίνοντες
1511 2758 1683 2820 ἰατροῦ,
1747 2762 1871 2846 {31:1110

144 2877 200 2900 20.
226 2866 325 2913 αὕτη]
342 2868 400 2901 ἅτε
419 2868 461 2902 Ε.
715 2866 771 2902 26.
799 2868 1002 2913 ἐπεμίσγετε
1021 2867 1063 2901 Ε.
1326 2876 1381 2912 27.
1407 2867 1623 2910 ἁμαρτωλοῖς
1642 2864 1683 2898 Ε.

99 2913 154 2947 28.
179 2915 361 2958 πρόσωδον
378 2915 422 2949 Ε.
671 2925 726 2959 29.
752 2914 878 2961 ἁγιάσῃ
896 2915 949 2949 καὶ
967 2913 1106 2949 καλεσει
1124 2914 1166 2948 Ε.
