2017 3252
353 133 438 172 480
652 134 703 174 B.
737 134 982 176 CYRILLI
1024 134 1371 177 ALEXANDR.
1410 136 1635 178 FRAGM.

351 239 532 291 σεπτόν
568 264 616 292 τε
655 245 729 292 καὶ
756 246 879 293 θεῖον
912 244 986 293 καὶ
1025 241 1153 293 πολὺ
1183 247 1278 293 τῶν
1311 244 1419 294 καθ’
1448 244 1568 307 ἡμᾶς
1604 243 1810 295 ἐπέκεινα
1847 244 1933 308 με’-

349 343 487 386 τρων,
529 321 609 372 ἅτε
660 322 708 373 δὲ
755 325 831 373 καὶ
884 323 1000 373 ἰ’διον
1038 324 1180 374 αὐτοῦ
1223 323 1430 389 γεγονός·
1470 324 1693 391 ἐνήργηκε
1741 325 1835 391 γὰρ
1879 328 1934 375 δι’

350 402 506 452 αὐτοῦ·
547 403 621 453 διὰ
661 408 798 454 τοῦτο
836 405 912 454 καὶ
950 404 1090 469 ἄρτος
1135 404 1394 469 ὠνομάσθη
1437 404 1570 471 ζωῆς·
1619 407 1693 457 ναὶ
1731 405 1824 470 μὴν
1861 408 1936 456 καὶ

350 483 407 551 ἐξ
438 485 635 549 οὐρανοῦ
669 488 930 548 καταβῆναι
968 485 1154 551 λε’γεται
1190 487 1264 536 καὶ
1304 486 1424 552 ζωὴν
1456 486 1631 538 διδόναι
1668 491 1733 556 τῷ
1769 486 1936 556 κόσμῳ

350 564 424 614 διὰ
476 564 558 615 τὸν
602 565 778 616 ἄνωθεν
818 567 892 616 καὶ
944 566 1000 634 ἐξ
1047 567 1246 632 οὐρανοῦ
1297 567 1716 635 καταφοιτήσαντα
1759 567 1933 632 Λόγον,
1955 587 1978 626 5

349 646 402 695 οὗ
446 647 520 695 καὶ
567 647 657 696 ἰδία
691 646 884 712 γε’γονεν
924 647 952 710 ἡ
998 646 1141 716 σάρξ.
1194 648 1362 698 οὐκοῦν
1408 649 1509 699 θεία
1550 649 1648 712 μὲν,
1694 652 1757 702 ὡς
1800 650 1932 715 ἔφην,

347 727 492 787 ἐστὶν,
520 728 573 777 οὐ
608 726 700 791 μὴν
727 727 792 778 ε”τι
824 730 900 779 καὶ
931 731 992 782 εἷς
1026 728 1176 796 φύσιν
1204 727 1421 793 θεότητος
1449 736 1734 792 μεταβαλεῖν
1766 732 1934 781 ὑποτο-

346 806 500 871 πήσαι
539 831 608 862 τις
637 807 705 871 ἂν,
734 809 852 874 εἴγε
878 816 986 860 νοῦν
1017 810 1115 878 ἔχοι
1149 812 1231 860 τὸν
1262 810 1310 861 εὖ
1341 810 1581 874 βεβηκότα
1607 816 1681 862 καὶ
1711 814 1934 877 δογματι-

348 892 429 952 κῆς
468 891 703 958 εὐτεχνίας
741 892 1049 956 ἐπιστήμονα.
1099 895 1171 943 δεῖ
1203 891 1295 958 γὰρ
1336 897 1393 958 τῇ
1424 892 1615 943 πάντων
1642 892 1847 943 ἐπέκεινά
1884 915 1934 944 τε

347 971 423 1020 καὶ
449 971 672 1023 ἀνωτάτω
699 973 843 1040 φύσει
868 973 1106 1040 σώζεσθαι
1133 977 1346 1039 καθαρῶς
1379 972 1433 1024 τὸ
1468 974 1654 1025 ἁπλοῦν
1680 976 1754 1025 καὶ
1781 976 1934 1038 ἀσυμ-
1957 998 2003 1023 ιο

346 1052 477 1118 μιγὲς
511 1054 664 1124 ἑτέρῳ,
690 1057 765 1106 καὶ
803 1055 857 1106 τὸ
895 1054 960 1119 μὴ
992 1059 1323 1107 συντεθεῖσθαι
1360 1057 1511 1106 δοκεῖν
1537 1056 1586 1106 ε”ν
1616 1078 1670 1121 γε
1700 1061 1796 1109 τοῖς
1821 1055 1932 1106 καθ’

346 1136 527 1199 ἑαυτὴν,
566 1137 712 1200 ἤγουν
754 1136 1031 1201 προσθήκης
1070 1137 1322 1200 δεδεῆσθαί
1361 1159 1484 1190 τινος
1532 1138 1607 1187 καὶ
1653 1139 1935 1204 ἀσυμφυοῦς

346 1217 462 1284 αὐτῇ
500 1216 794 1282 πράγματος,
823 1221 886 1271 εἷς
926 1218 1168 1268 κοινωνίαν
1198 1219 1354 1268 ἐλθεῖν
1379 1217 1465 1281 τὴν
1489 1219 1537 1268 ἐν
1565 1217 1812 1282 ταυτότητι
1840 1217 1931 1285 φύ-

345 1320 468 1351 σεως
488 1298 634 1362 ἤγουν
655 1297 1034 1363 ὁμοουσιότητος.
1080 1298 1192 1366 φέρε
1219 1297 1313 1364 γὰρ
1339 1297 1637 1367 ἐξετάσωμεν
1657 1303 1808 1368 Ξσχνῴ
1834 1300 1933 1349 δια-

346 1380 472 1432 νοιάς
511 1378 683 1443 ὄμματι
723 1384 818 1430 τῶν
844 1379 1147 1447 συγχεόντων
1174 1379 1258 1444 τὴν
1284 1379 1442 1448 δόξαν.
1483 1379 1742 1449 τετράφθαι
1781 1382 1933 1449 φασὶν
1955 1402 2001 1441 15

347 1460 428 1510 οὐκ
455 1458 536 1511 οἶδ’
565 1461 691 1515 ὅπως
722 1465 783 1514 εἷς
811 1461 1156 1526 ὀμοουσιότητα
1181 1461 1267 1524 τὴν
1291 1460 1410 1527 πρὸς
1438 1461 1562 1512 Θεὸν
1589 1460 1749 1527 Λόγον
1774 1462 1933 1528 σάρκα

346 1543 502 1592 αὐτοῦ’
543 1543 634 1608 ἄρα
673 1542 748 1593 διὰ
785 1543 925 1594 ποίαν
956 1544 1145 1606 αἰτίαν;
1189 1541 1218 1606 ἢ
1258 1545 1334 1593 καὶ
1372 1542 1494 1596 τίνος
1534 1543 1657 1597 ὅλως·
1696 1547 1756 1597 εἰς
1793 1548 1932 1594 τοῦτο

347 1622 491 1686 αὐτὴν
518 1623 837 1692 ἀποφεροντος
860 1646 872 1686 ;
918 1624 1096 1675 οἴκοθεν
1120 1623 1206 1688 μὲν
1231 1623 1324 1691 γὰρ
1351 1623 1497 1690 ὁρμὰς
1526 1628 1588 1678 εἰς
1619 1630 1756 1675 τοῦτο
1788 1623 1932 1688 αὐτὴν

348 1703 705 1770 διακομιζούσας
732 1706 813 1756 οὐκ
853 1705 961 1773 ἔχει,
996 1708 1070 1756 καὶ
1109 1707 1159 1756 ἐκ
1198 1710 1416 1773 φυσικῶν
1454 1704 1719 1769 κινημάτων
1749 1705 1932 1773 ἐφέσεις

348 1785 568 1852 δέχεσθαι
606 1786 822 1841 τοιαύτας
861 1787 1094 1851 ἀσύνηθες
1132 1788 1265 1855 αὐτῇ.
1321 1787 1472 1838 λείπει
1507 1787 1563 1851 δὴ
1594 1786 1764 1839 λοιπὸν
1789 1789 1931 1838 ἐκεῖνο
1952 1810 2001 1835 20

347 1870 503 1925 εἰπεῖν,
532 1866 603 1918 ὅτι
628 1872 724 1922 τοῖς
749 1874 831 1919 τοῦ
853 1872 976 1919 Θεοῦ
998 1868 1161 1933 Λόγου
1189 1867 1415 1930 νεύμασιν
1441 1872 1503 1921 εἷς
1528 1874 1666 1919 τοῦτο
1691 1867 1928 1935 παρήχθη·

348 1944 418 2013 ἆρ’
465 1949 546 1999 οὖν
596 1949 875 2014 ἀπόβλητον
919 1949 1176 2012 ἐποιήσατο
1227 1947 1313 2012 τὴν
1360 1949 1640 2012 οἰκονομίαν,
1680 1948 1738 2013 ἣν
1782 1948 1932 2013 δήπου

347 2028 522 2083 παντὸς
557 2031 770 2099 ἀξιώσας
805 2032 966 2097 ὁρᾶται
998 2030 1161 2096 λόγου,
1189 2029 1264 2081 διὰ
1289 2029 1375 2094 τὴν
1402 2032 1601 2081 ἐνοῦσαν
1627 2031 1751 2100 αὐτῷ
1779 2038 1933 2095 γαλη-

347 2110 518 2175 νότητα
557 2113 632 2162 καὶ
666 2111 719 2162 τὸ
754 2116 820 2180 τῷ
851 2111 1058 2179 φύσαντι
1097 2115 1294 2171 δοκοῦν;
1343 2111 1446 2162 ἔστι
1483 2110 1577 2177 γὰρ
1615 2113 1816 2162 ἀκοῦσαι
1853 2112 1931 2162 λε’-

1524 2196 1543 2205 n

125 2219 180 2250 Ps.
199 2218 311 2251 xxxix.
345 2215 513 2258 γοντος
537 2195 741 2259 ἐναργῶς
774 2192 849 2243 διὰ
882 2196 964 2256 τῆς
994 2199 1076 2244 τοῦ
1104 2192 1385 2261 ψάλλοντος
1411 2197 1571 2261 φωνης
1597 2200 1624 2222 “
1645 2193 1832 2243 Θυσίαν
1855 2193 1930 2243 καὶ
1951 2219 1999 2258 25

127 2268 197 2302 ⁷·9·
346 2281 372 2304 ‘⁶
397 2273 687 2343 προσφορὰν
716 2275 797 2326 οὐκ
832 2272 1093 2339 ἠθέλησας,
1122 2274 1495 2338 ὁλοκαυτώματα
1524 2277 1599 2325 καὶ
1635 2276 1742 2340 περὶ
1780 2276 1930 2341 ἀμαρ-

392 2420 423 2453 3.
451 2408 582 2442 Partim
601 2409 682 2442 citat
700 2408 817 2442 Maius
837 2408 981 2453 (Script.
1000 2409 1080 2443 Vet.
1099 2409 1155 2443 vii
1176 2408 1234 2452 27)
1255 2407 1451 2452 κυρίλλου’
1435 2422 1470 2441 εκ
1493 2409 1553 2441 τοῦ
1570 2407 1652 2441 κατὰ
1670 2410 1930 2441 συνουσιαστῶν

344 2456 462 2499 λόγου,
480 2455 718 2498 praemittens,
736 2455 857 2499 incipit
883 2456 949 2488 Ναι
974 2455 1038 2498 μὴν
1059 2455 1112 2488 καὶ
1137 2455 1175 2497 ἐξ
1203 2469 1305 2498 ουραι
1307 2469 1346 2487 ου
1372 2453 1634 2496 καταβεβηκεναι
1656 2453 1792 2497 λέγεται
1817 2454 1870 2486 καὶ
1896 2458 1930 2487 et

346 2501 461 2534 velbis
486 2500 610 2534 iisdem
628 2500 850 2544 Nicephorus
875 2501 911 2534 in
938 2501 1033 2535 Dom
1052 2501 1146 2534 Pitra
1173 2500 1291 2544 Spicil.
1311 2500 1459 2533 Solesm.
1476 2499 1498 2533 i.
1518 2499 1586 2554 365
1607 2505 1640 2532 et
1657 2500 1724 2543 485
1742 2510 1879 2533 necnon
1896 2504 1930 2533 et

346 2546 424 2580 cod.
444 2546 655 2580 Bodleianus
675 2547 777 2580 Misc.
800 2547 877 2589 184.
904 2547 963 2581 fol.
985 2557 1047 2589 105
1070 2546 1233 2591 (membr.
1252 2557 1321 2579 sec.
1338 2544 1438 2588 xiii).
1464 2545 1501 2578 ἐκ
1525 2547 1585 2579 τοῦ
1610 2545 1712 2579 αὐτοῦ
1736 2546 1844 2589 λόγου
1860 2545 1895 2579 b.
1899 2556 1929 2580 c.

281 2597 283 2599 ’
346 2593 404 2637 qui
423 2593 594 2636 incipiunt
613 2592 650 2636 ἐξ
668 2593 810 2636 οὐρανοῦ
828 2595 1023 2636 καταβῆναι.
1164 2600 1196 2637 5.
1222 2590 1521 2636 καταφοιτὴσαντα
1538 2591 1664 2625 retinui
1683 2603 1724 2625 ex
1741 2591 1776 2625 b.
1780 2602 1810 2625 c.
1830 2605 1929 2625 κατα-

344 2639 452 2678 βάντα
469 2639 563 2672 Just.
584 2638 669 2672 Mai.
688 2644 752 2672 etc.
926 2639 959 2673 6.
985 2639 1003 2681 ἡ
1022 2650 1092 2672 om.
1110 2637 1144 2672 b.
1147 2649 1177 2672 C.
1354 2646 1384 2682 7.
1411 2636 1632 2682 μεταβαλεῖν]
1657 2641 1694 2678 -Ι-
1715 2637 1818 2680 αυτὴν
1833 2637 1930 2672 Just.

346 2683 555 2719 ὑποπτεύσοι
574 2684 647 2717 Mai
666 2684 726 2717 sed
744 2683 955 2727 ὑποτοπὴσοι
975 2685 1069 2718 Pitra
1086 2689 1120 2717 et
1136 2683 1268 2718 Justin.
1286 2689 1319 2717 et
1337 2652 1770 2727 εοά.μΒο(11.ὑποτυπὴσαι
1785 2683 1929 2727 (Ξῦπο-

346 2730 514 2775 τοπήσ-αι)
540 2729 648 2764 codex
674 2742 767 2764 unus
795 2731 901 2764 semel
927 2731 963 2763 in
982 2730 1088 2764 Pitra.
1285 2730 1319 2763 8.
1346 2730 1419 2774 ἔχοι
1437 2729 1563 2764 retinui
1581 2741 1623 2763 ex
1640 2729 1710 2764 b.c.
1730 2729 1806 2763 cod.
1826 2728 1929 2763 Bodl.

346 2778 385 2822 ἕχ
389 2792 416 2810 ει
433 2778 528 2812 Just.
546 2785 610 2810 etc.
723 2788 756 2821 9.
783 2776 991 2819 ἐπιστήμονα
1009 2776 1136 2810 desinit
1154 2775 1242 2810 Maii
1261 2775 1388 2810 citatio.
1503 2787 1608 2820 9—14.
1634 2776 1760 2809 citatur
1776 2775 1813 2808 in
1831 2774 1928 2808 Maio

348 2824 421 2867 (vii.
441 2834 481 2856 10
499 2829 532 2857 et
554 2823 609 2867 15)
630 2822 707 2856 cod.
729 2822 906 2857 Bod1.fo].
926 2823 969 2865 56
988 2828 1021 2856 et
1041 2832 1095 2866 71.
1220 2833 1254 2866 9.
1278 2836 1314 2856 τε
1331 2833 1400 2856 om.
1420 2822 1493 2855 Mai
1511 2828 1544 2856 et
1563 2822 1657 2856 Just.
1676 2828 1709 2856 et
1726 2821 1803 2855 cod.
1823 2820 1925 2855 Bodl.

350 2881 402 2904 ΙΙ.
429 2868 548 2916 ἑτέρῳ]
569 2872 614 2914 τῷ
632 2868 760 2915 ἑτέρῳ
751 2868 845 2903 lust.
989 2868 1244 2912 συντεθεῖσθαι]
1265 2868 1485 2903 συντίθεσθαι
1502 2868 1570 2903 b.c.
1721 2878 1774 2910 14.
1801 2868 1923 2911 ὁμοου-

346 2917 485 2959 σιότητα
504 2905 581 2949 c‘od.
603 2915 704 2950 Bodl.
716 2904 808 2960 (bis)
828 2917 1099 2959 ὁμοουσιότητι
1088 2914 1202 2948 Maius
1223 2914 1321 2958 (bis).
1493 2925 1545 2959 19.
1573 2913 1822 2958 διακομίζον-τος
1838 2924 1869 2947 c.
