1981 3267
282 129 338 167 46
617 179 623 185 ⁸
686 131 735 170 B.
770 131 1045 171 CYRILLI
1087 131 1467 174 ALEXANDR.
1668 132 1781 172 xviii.
1804 133 1868 174 28.

246 240 347 290 θεὶς
381 238 529 289 τύπον
560 261 608 289 τε
644 241 720 289 καὶ
754 239 1049 307 παραψυχὴν
1077 241 1315 306 ἡμετεραν,
1342 240 1396 291 τὸ
1435 242 1504 292 ἑνί
1537 264 1628 291 που
1663 240 1806 307 τυχὸν
1841 241 1869 304 ἦ

284 320 461 385 ὀλίγοις
500 325 594 370 τῶν
622 321 768 386 ἁγίων
797 323 1117 385 συμβεβηκός.
1173 323 1492 384 διδασκόμεθα
1530 322 1622 388 γὰρ
1663 325 1870 372 ἐντεῦθεν

282 399 347 464 μὴ
386 407 486 454 ταῖς
524 404 700 452 ἑαυτῶν
735 403 997 456 ἀσθενείαις
1036 405 1291 468 ἐνορῶντας
1331 404 1434 454 ἔσθ’
1466 404 1539 454 ὅτε
1576 408 1871 468 καταναρκᾶν

283 483 588 543 ἀβουλότατα
614 484 667 535 τὸ
695 485 929 535 δουλεύειν
955 489 1022 553 τῷ
1049 488 1169 553 Θεῷ,
1196 485 1464 536 πεποιθέναι
1502 485 1548 535 δὲ
1582 490 1772 547 μᾶλλον
1798 487 1871 535 ἐπὶ

281 569 347 633 τῷ
374 564 555 619 πάντας
583 571 773 630 νευροῦν
800 565 1029 632 ἰσχύοντι,
1057 568 1131 616 καὶ
1165 571 1260 620 τοῖς
1296 566 1409 632 ὑπὲρ
1443 569 1593 633 φύσιν
1619 566 1866 633 ἐναβρύνε-
1890 581 1912 619 5

281 651 397 698 σθαι
424 646 761 713 κατορθώμασι
789 649 865 698 καὶ
892 649 1001 712 παρ’
1029 648 1199 699 ἐλπίδα
1225 648 1527 717 χαριζομένῳ.

213 842 467 888 28ἊΓουσιν
506 839 579 882 οῦν
618 841 690 884 τὸν
723 842 890 883 ἸΗσοῦν
929 841 1015 883 ἀπὸ
1059 844 1132 881 τοῦ
1175 841 1346 896 Καϊάφα
1392 840 1452 881 εἰς
1496 842 1544 882 τὸ
1587 840 1866 897 Πραιτώριον’

348 921 398 966 ἦν
437 924 481 966 δὲ
520 920 645 981 Πρωΐ·
688 924 755 964 καὶ
794 924 914 965 αὐτοὶ
952 924 1028 964 οὐκ
1067 922 1264 965 εἰσῆλθον
1303 922 1363 964 εἷς
1401 924 1449 966 τὸ
1487 924 1766 981 Πραιτώριον,
1799 925 1868 965 ἵνα

347 1009 402 1053 μή
442 1008 690 1059 μιανθῶσιν,
729 1008 819 1048 ἀλλ’
861 1009 929 1048 ἵνα
969 1008 1139 1064 φάΓωσι
1177 1008 1226 1049 τὸ
1263 1009 1417 1063 Πάσχα.

233 1059 259 1098 (1

23 1140 27 1142 “
52 1131 159 1205 Et&
191 1187 196 1193 ·
355 1126 515 1188 Κρῖμα
551 1123 726 1173 δίκαιον
759 1124 944 1189 κρίνετε,
973 1145 1031 1173 κα

51 1218 92 1268 pf.
106 1183 206 1293 1658ζέ.
279 1211 304 1233 “
324 1206 532 1267 κτενεῖς,”
552 1203 804 1271 διαῤῥήδην
832 1205 978 1258 οὕτως
1005 1201 1379 1269 ἀνακεκραγότος
1405 1209 1487 1254 τοῦ
1514 1202 1658 1267 νόμου
1685 1205 1760 1253 καὶ
1786 1206 1869 1266 τῆς

53 1273 73 1292 l.
91 1271 103 1292 Ῑ
133 1286 140 1292 .

1033 1124 1048 1173 ἶ
1077 1130 1103 1152 “
1124 1124 1281 1192 ἀθῷον
1307 1125 1382 1173 καὶ
1416 1123 1592 1172 δίκαιον
1626 1123 1709 1172 οὐκ
1742 1123 1865 1172 ἀπο-
1892 1146 1940 1171 10

277 1286 402 1340 θείας
439 1287 648 1349 ἐντολῆς,
683 1288 993 1351 ε’περυθριῶσι
1031 1285 1115 1348 μέν
1146 1309 1247 1339 πως
1286 1289 1343 1352 τῇ
1382 1290 1477 1335 τῶν
1514 1289 1674 1335 αἰτιῶν
1703 1286 1869 1353 ἐρημίᾳ

277 1371 352 1419 καὶ
378 1369 465 1435 οὐχ
492 1367 673 1420 ἑκόντες
704 1371 745 1418 οἱ
779 1368 989 1418 δείλαιοι·
1033 1367 1406 1435 ἀπροφάσιστον
1434 1367 1481 1417 δὲ
1513 1366 1601 1431 ἤδη
1638 1365 1724 1429 τὴν
1750 1365 1869 1417 κατὰ

277 1454 494 1515 Χριστοῦ
530 1450 700 1513 μανίαν
734 1450 1043 1515 εὑρίσκοντες,
1070 1448 1332 1515 εἷργόμενοί
1362 1472 1412 1500 τε
1449 1449 1531 1513 τῆς
1570 1448 1868 1502 αὐτοκτονίας

278 1532 354 1583 διὰ
391 1531 474 1583 τὸν
512 1532 798 1594 ἐπικείμενον
837 1530 1090 1597 ἁγνισμὸν·
1148 1531 1352 1594 ε”μελλον
1390 1530 1483 1597 γὰρ
1527 1531 1615 1596 ἤδη
1661 1531 1785 1582 θύειν
1821 1531 1867 1582 τὶ
1892 1553 1939 1590 15

278 1615 471 1677 ποία-χει,
492 1613 611 1664 κατὰ
635 1612 718 1664 τὸν
744 1612 875 1664 οὐδὲν
900 1614 1008 1679 παρ’
1032 1614 1187 1667 αὐτοῖς
1214 1614 1444 1680 ἰσχύοντα
1470 1612 1627 1676 νόμον·
1670 1611 1869 1682 Πιλάτῳ

278 1698 611 1762 προσάγουσιν,
651 1698 701 1746 ἐκ
745 1698 934 1759 πολλῆς
980 1694 1102 1761 ἄγαν
1144 1697 1400 1748 ἀσυνεσίας
1442 1699 1538 1748 τοῖς
1581 1697 1664 1758 τῆς
1709 1695 1869 1745 ἀδίκου

279 1779 549 1845 μιαιφονίας
595 1776 897 1842 ἐγκλήμασιν
942 1778 1024 1828 οὐκ
1074 1776 1131 1827 ἂν
1177 1777 1300 1830 ὅλως
1345 1779 1624 1844 ἐνσχεθῆναι
1667 1775 1864 1827 πιστεύ-

281 1882 464 1922 σαντες,
492 1864 529 1910 εὶ
567 1858 830 1926 αὐτόχειρες
869 1859 954 1921 μὲν
985 1859 1068 1908 οὐκ
1108 1857 1165 1909 ἂν
1197 1857 1283 1909 εἶεν
1310 1860 1455 1918 αὐτοὶ,
1481 1859 1792 1924 προσοίσειαν
1820 1857 1868 1907 δὲ

281 1947 472 2005 μᾶλλον
506 1947 605 1995 ταῖς
643 1941 800 2007 ἑτέρου
840 1941 1006 2008 χερσὶν
1037 1941 1180 1991 ἐκεῖνο
1214 1939 1509 2004 πεισόμενον,
1541 1940 1627 1991 κᾶν
1659 1945 1755 1993 τοῖς
1793 1939 1868 1990 διὰ
1888 1962 1938 1987 20

285 2023 531 2077 Μωυσέως
557 2021 716 2092 ἀπᾴδῃ
744 2022 901 2086 νόμοις
928 2022 1043 2089 ὅπερ
1069 2021 1126 2087 ἦν
1152 2024 1309 2076 αὐτοῖς
1343 2021 1462 2072 κατὰ
1494 2028 1619 2073 νοῦν.
1675 2022 1864 2087 γελοιό-

57 2123 423 2158 1033Α.ειτατον
469 2105 516 2158 δὲ
563 2104 758 2173 σφόδρα
801 2107 983 2155 κάκεῖνο
1034 2103 1151 2170 πρὸς
1197 2105 1348 2173 τούτῳ
1393 2103 1685 2171 πεπραχότες
1732 2103 1864 2154 ἁλώ-

280 2210 464 2238 σονται.
514 2187 781 2240 εὐθύνοντες
808 2185 901 2252 γὰρ
929 2189 991 2240 ὡς
1017 2188 1090 2237 ἐπὶ
1116 2191 1212 2240 τοῖς
1236 2185 1454 2253 ἐσχάτοις
1481 2185 1868 2251 κατεγνωσμένον

280 2269 362 2319 τὸν
397 2267 698 2335 ἡμαρτηκότα
736 2267 893 2332 μηδὲν,
930 2270 1004 2318 καὶ
1044 2267 1129 2332 τὴν
1163 2269 1283 2319 οὕτω
1324 2266 1714 2335 φρικωδεστάτην
1750 2266 1862 2317 ἀσέ-

279 2356 412 2412 βειαν
438 2354 519 2414 τῆς
551 2351 728 2400 ἑαυτῶν
754 2349 1060 2416 καταχέοντες
1096 2353 1328 2417 κεφαλῆς,
1359 2348 1440 2400 τὸν
1467 2355 1548 2400 τοῦ
1582 2350 1867 2415 πραιτωρίου
1887 2368 1935 2407 25

281 2432 540 2499 φεύγουσιν
572 2429 722 2492 οὐδὸν,
750 2432 811 2483 ὡς
850 2430 1078 2493 ἐσόμενον
1113 2432 1265 2483 αὐτοῖς
1306 2431 1552 2497 παραίτιον
1587 2436 1862 2493 μολυσμοῦ,

280 2515 356 2564 καὶ
382 2513 436 2563 τὸ
463 2512 692 2578 ἀνδράσιν
711 2512 1050 2577 ἐπιμίσγεσθαι
1076 2516 1172 2565 τοῖς
1199 2511 1417 2578 ἀνάγνοις
1445 2512 1510 2562 ε”τι
1530 2517 1865 2577 παραιτοῦνται

280 2594 355 2645 διὰ
394 2596 618 2657 σπουδῆς.
677 2593 839 2646 λίθους
878 2592 986 2658 γὰρ,
1026 2591 1165 2656 οἶμαι,
1207 2596 1282 2644 καὶ
1320 2593 1582 2659 ἀνθρώπων
1621 2597 1715 2643 τῶν
1754 2595 1866 2656 ὁμο-

279 2681 428 2743 γενῶν
472 2675 675 2738 σώματα
720 2674 1060 2737 καταμολύνειν
1105 2675 1336 2725 δύνασθαι
1385 2673 1729 2725 πεπιστεύκασι
1778 2673 1865 2738 τὴν

280 2758 531 2825 ἀνθρώπου
566 2755 745 2825 ψυχήν·
787 2755 841 2806 τὸ
877 2754 924 2806 δὲ
961 2755 1017 2819 δὴ
1055 2755 1246 2807 πάντων
1278 2755 1532 2823 α’ίσχιστον
1567 2760 1660 2805 τῶν
1687 2760 1860 2818 κακῶν,
1883 2777 1934 2813 30
1980 2790 1981 2794 =

418 2939 450 2972 5.
478 2926 542 2973 τῷ]
564 2928 620 2961 τὸν
638 2926 678 2960 E.
888 2926 920 2959 6.
947 2928 1167 2971 χαριζόμενον
1186 2927 1227 2961 E.
1449 2937 1500 2969 13.
1529 2924 1662 2968 δὴλιιιοι
1683 2925 1723 2959 Ε.
