2027 3257
119 181 187 223 [59
205 182 284 224 M-]

155 572 214 606 60
236 571 297 607 M.

93 817 165 848 Gal.
179 818 222 848 iii.
239 827 269 857 3.

319 119 402 159 272
540 120 590 161 B.
623 119 871 160 CYRILLI
910 120 1260 160 ALEXANDR.
1299 119 1684 160 FRAGMENTA.
1747 120 1814 160 vii.
1840 120 1902 159 18.

318 228 635 290 ἐπισπᾶσθαι,
685 227 901 279 τουτέστι
946 230 1286 294 παλινδρομεῖν
1335 231 1396 281 εἷς
1440 229 1780 293 ἀκροβυστίαν,
1828 229 1903 277 καὶ

317 307 402 371 τὴν
428 312 510 372 τῆς
536 309 714 375 σαρκὸς
740 308 1108 375 καταβιάζεσθαι
1129 310 1297 377 φύσιν·
1336 313 1378 359 οἱ
1405 308 1553 373 γεμὴν
1577 310 1633 377 ἐξ
1655 309 1903 372 ἑλληνικῆς

315 391 556 458 ἐρχόμενοι
600 391 806 456 πλάνης,
855 391 987 456 παρὰ
1032 396 1127 442 τῶν
1169 391 1234 441 ε”τι
1272 390 1359 454 τὴν
1401 393 1448 441 ἐν
1494 390 1620 460 νόμῳ
1661 391 1903 454 τιμώντων

315 471 457 523 σκιὰν
482 474 606 541 τάχα
635 497 728 525 που
761 472 1097 536 μανθάνοντες,
1126 475 1188 526 ὡς
1214 473 1317 523 ἔστι
1352 476 1510 540 χρῆμα
1537 473 1690 534 τίμιον
1716 473 1744 536 ἡ
1769 494 1901 536 περι-

315 553 449 617 τομὴ,
478 557 553 605 καὶ
581 559 732 606 πᾶσιν
767 556 915 621 ἁγίοις
945 555 1273 620 τετηρημένον,
1304 555 1452 605 καίτοι
1490 554 1576 617 τὴν
1600 554 1764 605 πίστιν
1796 553 1901 604 ἔσθ’
1924 573 1945 611 5

317 635 392 687 ὅτε
430 636 817 705 παραδεξάμενοι,
850 639 1154 687 ἐπετελοῦντο
1192 638 1350 701 σαρκὶ,
1384 635 1596 702 καθάπερ
1628 635 1789 700 ἀμέλει
1829 637 1904 685 καὶ

316 722 410 768 τῶν
437 720 485 768 ἐν
511 719 726 787 Γαλατίᾳ
753 717 883 780 τινὲς,
912 717 979 772 οἷς
1005 720 1080 769 καὶ
1107 719 1131 768 ὁ
1159 717 1414 771 θεσπέσιος
1442 721 1639 771 Παῦλος
1666 716 1897 780 ἐπιπλήτ·

316 822 382 850 τει
408 800 562 865 λέγων
590 807 616 829 “
637 799 977 869 Ἐναρξάμενοι
1002 800 1232 863 πνεύματι
1265 805 1347 850 νῦν
1374 801 1517 865 σαρκὶ
1544 801 1833 850 ἐπιτελεῖσθε
1853 797 1900 857 ;”

316 880 404 932 ε”δει
431 882 585 932 τοίνυν
611 886 764 950 σαφεῖ
793 884 867 932 καὶ
901 882 1231 951 ἐναργεστάτῳ
1267 882 1531 948 κηρύγματι
1565 884 1647 945 τῆς
1683 882 1904 945 ἀληθείας

317 965 473 1017 αὐτοῖς
506 966 749 1029 ἀνευρῦναι
785 964 869 1027 τὴν
897 964 1020 1028 ὁδὸν,
1048 966 1123 1015 καὶ
1156 967 1217 1018 ὡς
1244 964 1272 1027 ἡ
1300 962 1511 1032 περιτομὴ
1545 960 1654 1015 οὐδέν
1681 964 1773 1014 ἐστι
1809 967 1903 1013 τῶν
1926 987 1972 1011 ιο

316 1045 482 1096 ἄλλων
509 1047 714 1096 ἐντολῶν
739 1052 821 1096 τοῦ
850 1050 974 1096 Θεοῦ
1000 1045 1300 1112 ἐστερημένη·
1345 1045 1514 1109 ὁμοίως
1541 1044 1588 1096 δὲ
1620 1051 1697 1096 καὶ
1726 1048 1746 1105 ἡ
1773 1049 1902 1114 leupo—

315 1129 487 1188 βυστία,
516 1125 629 1178 οὐθέν
655 1128 745 1178 ἐστι
771 1127 837 1191 μὴ
859 1129 1148 1197 εὐαγγελικῲ
1174 1129 1264 1198 βίῳ
1291 1127 1634 1191 κεκοσμημένη.

392 1210 635 1274 Προσήκει
670 1209 824 1260 τοίνυν
852 1209 934 1260 τὸν
961 1212 1246 1274 κεκλημένον
1273 1211 1311 1262 ἐν
1340 1214 1388 1283 τῇ
1419 1210 1573 1270 κλήσει
1600 1208 1752 1272 μένειν
1778 1209 1904 1263 ὅπως

315 1290 372 1341 ἂν
398 1290 495 1358 ε”χοι
522 1290 787 1358 σχήματος·
831 1291 1008 1354 μέτεισι
1035 1290 1083 1342 δὲ
1110 1293 1374 1357 ἀναγκαίως
1395 1293 1469 1342 ἐπὶ
1496 1290 1549 1341 τὸ
1570 1293 1736 1357 χρῆναι
1756 1290 1904 1341 πάλιν

315 1374 592 1440 δυσφημίαν
619 1373 779 1437 ἑτέραν
809 1376 1061 1441 μονονουχὶ
1096 1375 1360 1434 ἀποσοβεῖν
1386 1379 1468 1424 τοῦ
1504 1373 1630 1424 θείου
1663 1372 1904 1438 κηρύγμα-
1928 1399 1972 1436 15

314 1474 408 1508 τος·
451 1460 635 1518 πνεῦμα
663 1455 748 1517 μὲν
773 1454 866 1521 γὰρ
893 1456 1107 1510 δουλείας
1141 1454 1198 1520 ἧν
1224 1457 1272 1506 ἐν
1299 1460 1395 1509 τοῖς
1432 1454 1522 1506 ὑπὸ
1562 1453 1720 1519 νόμον·
1769 1453 1823 1507 τὸ
1855 1454 1904 1506 δὲ

314 1538 562 1599 θέσπισμα
611 1536 665 1587 τὸ
715 1537 1034 1603 εὐαγγελικὸν,
1081 1541 1163 1602 τῆς
1208 1539 1443 1590 υἱοθεσίας
1483 1536 1536 1588 τὸ
1580 1542 1764 1600 πνεῦμα
1807 1541 1904 1591 τοῖς

316 1619 553 1669 πιστεύειν
589 1618 838 1669 ἐθέλουσιν
869 1619 1077 1670 ε’νιέσθαί
1108 1625 1274 1686 φησιν,
1301 1621 1375 1670 καὶ
1411 1620 1493 1670 οὐκ
1528 1618 1593 1669 ε”τι
1628 1624 1806 1669 καλοῦν
1841 1622 1904 1673 εἷς

317 1701 545 1762 δουλείαν,
574 1702 683 1751 ἀλλ’
713 1705 775 1754 εἷς
802 1702 1047 1767 ἐλεύθερον
1073 1702 1271 1770 ἀξίωμα.

369 1840 421 1873 16.
447 1840 486 1873 τὸ
510 1840 545 1873 δὲ
570 1840 746 1886 θέσπισμα
767 1843 806 1876 τὸ
829 1842 1048 1887 εὐαγγελικὸν
1064 1843 1121 1886 τῆς
1141 1841 1234 1875 edidi
1258 1853 1298 1875 ex
1318 1841 1361 1875 A.
1388 1841 1471 1875 τίδὲ
1497 1840 1675 1885 θέσπισμα
1700 1841 1738 1874 τὸ
1764 1840 1901 1886 εὐαγγε-

318 1888 434 1927 λικόν;
461 1888 519 1930 τῆς
538 1887 603 1921 Ed.
845 1889 896 1923 18.
919 1889 972 1923 καὶ
989 1895 1212 1934 assumptum
1230 1900 1270 1922 ex
1289 1889 1332 1922 A.
