<?xml version="1.0" encoding="UTF-8"?>
<!DOCTYPE html PUBLIC "-//W3C//DTD XHTML 1.0 Transitional//EN"
    "http://www.w3.org/TR/xhtml1/DTD/xhtml1-transitional.dtd">
<html xmlns="http://www.w3.org/1999/xhtml" xml:lang="en" lang="en">
 <head>
  <title>
</title>
<meta http-equiv="Content-Type" content="text/html;charset=utf-8" />
  <meta name='ocr-system' content='tesseract 3.04.00' />
  <meta name='ocr-capabilities' content='ocr_page ocr_carea ocr_par ocr_line ocrx_word'/>
</head>
<body>
  <div class='ocr_page' id='page_1' title='image "./operacyrilli05cyriuoft/operacyrilli05cyriuoft_0229.png"; bbox 0 0 2012 3272; ppageno 0'>
   <div class='ocr_carea' id='block_1_1' title="bbox 62 124 1647 177">
    <p class='ocr_par' dir='ltr' id='par_1_1' title="bbox 62 124 1647 177">
     <span class='ocr_line' id='line_1_1' title="bbox 62 124 1647 177; baseline -0.001 -10"><span class='ocrx_word' id='word_1_1' title='bbox 62 126 147 167; x_wconf 86' lang='lat' dir='ltr'><strong>viii.</strong></span> <span class='ocrx_word' id='word_1_2' title='bbox 170 136 304 177; x_wconf 82' lang='lat'>14,17.</span> <span class='ocrx_word' id='word_1_3' title='bbox 397 124 465 164; x_wconf 94' lang='lat' dir='ltr'>IN</span> <span class='ocrx_word' id='word_1_4' title='bbox 501 124 845 165; x_wconf 85' lang='lat' dir='ltr'><strong>EPISTOLAM</strong></span> <span class='ocrx_word' id='word_1_5' title='bbox 882 125 965 165; x_wconf 89' lang='lat' dir='ltr'>AD</span> <span class='ocrx_word' id='word_1_6' title='bbox 1002 125 1312 167; x_wconf 86' lang='lat' dir='ltr'><strong>ROMANOS.</strong></span> <span class='ocrx_word' id='word_1_7' title='bbox 1565 127 1647 166; x_wconf 78' lang='lat'>215</span> 
     </span>
    </p>
   </div>
   <div class='ocr_carea' id='block_1_2' title="bbox 65 190 1858 301">
    <p class='ocr_par' dir='ltr' id='par_1_2' title="bbox 65 190 1858 301">
     <span class='ocr_line' id='line_1_2' title="bbox 1720 190 1824 231; baseline 0.01 -10"><span class='ocrx_word' id='word_1_8' title='bbox 1720 199 1757 231; x_wconf 84' lang='lat'>27</span> <span class='ocrx_word' id='word_1_9' title='bbox 1775 190 1824 222; x_wconf 93' lang='lat' dir='ltr'>M.</span> 
     </span>
     <span class='ocr_line' id='line_1_3' title="bbox 65 190 1858 301; baseline 0.001 -17"><span class='ocrx_word' id='word_1_10' title='bbox 65 231 267 298; x_wconf 82' lang='grc' dir='ltr'>Πατρὸς,</span> <span class='ocrx_word' id='word_1_11' title='bbox 295 232 625 298; x_wconf 76' lang='grc' dir='ltr'>ἐνεργουμένης</span> <span class='ocrx_word' id='word_1_12' title='bbox 663 235 767 299; x_wconf 80' lang='grc' dir='ltr'>περὶ</span> <span class='ocrx_word' id='word_1_13' title='bbox 806 232 892 297; x_wconf 89' lang='grc' dir='ltr'>τὴν</span> <span class='ocrx_word' id='word_1_14' title='bbox 923 233 1082 301; x_wconf 92' lang='grc' dir='ltr'>σάρκα</span> <span class='ocrx_word' id='word_1_15' title='bbox 1116 235 1258 286; x_wconf 77' lang='grc' dir='ltr'>αὐτοῦ</span> <span class='ocrx_word' id='word_1_16' title='bbox 1295 238 1378 299; x_wconf 83' lang='grc' dir='ltr'>τῆς</span> <span class='ocrx_word' id='word_1_17' title='bbox 1417 233 1535 300; x_wconf 73' lang='grc' dir='ltr'>ζωῆς</span> <span class='ocrx_word' id='word_1_18' title='bbox 1575 234 1651 286; x_wconf 81' lang='grc' dir='ltr'>διὰ</span> <span class='ocrx_word' id='word_1_19' title='bbox 1687 191 1700 232; x_wconf 76' lang='lat'>[</span> <span class='ocrx_word' id='word_1_20' title='bbox 1843 190 1858 232; x_wconf 69' lang='lat'>]</span> 
     </span>
    </p>
   </div>
   <div class='ocr_carea' id='block_1_3' title="bbox 22 313 1874 875">
    <p class='ocr_par' dir='ltr' id='par_1_3' title="bbox 62 313 1651 384">
     <span class='ocr_line' id='line_1_4' title="bbox 62 313 1651 384; baseline 0.001 -18"><span class='ocrx_word' id='word_1_21' title='bbox 62 321 144 366; x_wconf 83' lang='grc' dir='ltr'>τοῦ</span> <span class='ocrx_word' id='word_1_22' title='bbox 181 313 333 379; x_wconf 84' lang='grc' dir='ltr'>Ἁγίου</span> <span class='ocrx_word' id='word_1_23' title='bbox 370 313 660 378; x_wconf 81' lang='grc' dir='ltr'>Πνεύματος,</span> <span class='ocrx_word' id='word_1_24' title='bbox 700 314 725 365; x_wconf 81' lang='grc' dir='ltr'>ὅ</span> <span class='ocrx_word' id='word_1_25' title='bbox 764 316 894 366; x_wconf 89' lang='grc' dir='ltr'>ἐστιν</span> <span class='ocrx_word' id='word_1_26' title='bbox 933 316 1091 366; x_wconf 82' lang='grc' dir='ltr'>αὐτοῦ·</span> <span class='ocrx_word' id='word_1_27' title='bbox 1149 316 1220 367; x_wconf 79' lang='grc' dir='ltr'>ὅτι</span> <span class='ocrx_word' id='word_1_28' title='bbox 1258 316 1352 384; x_wconf 79' lang='grc' dir='ltr'>γὰρ</span> <span class='ocrx_word' id='word_1_29' title='bbox 1391 316 1529 370; x_wconf 76' lang='grc' dir='ltr'>αὐτὸς·</span> <span class='ocrx_word' id='word_1_30' title='bbox 1568 316 1651 368; x_wconf 81' lang='grc' dir='ltr'>τὸν</span> 
     </span>
    </p>

    <p class='ocr_par' dir='ltr' id='par_1_4' title="bbox 62 395 1874 464">
     <span class='ocr_line' id='line_1_5' title="bbox 62 395 1874 464; baseline 0.001 -17"><span class='ocrx_word' id='word_1_31' title='bbox 62 397 178 447; x_wconf 73' lang='grc' dir='ltr'>ἰ’διον</span> <span class='ocrx_word' id='word_1_32' title='bbox 220 396 450 462; x_wconf 71' lang='grc' dir='ltr'>ἐζωοποίει</span> <span class='ocrx_word' id='word_1_33' title='bbox 492 395 618 459; x_wconf 78' lang='grc' dir='ltr'>ναὸν,</span> <span class='ocrx_word' id='word_1_34' title='bbox 658 396 786 462; x_wconf 77' lang='grc' dir='ltr'>λε’γει</span> <span class='ocrx_word' id='word_1_35' title='bbox 838 396 956 464; x_wconf 77' lang='grc' dir='ltr'>πρὸς</span> <span class='ocrx_word' id='word_1_36' title='bbox 995 398 1249 452; x_wconf 75' lang='grc' dir='ltr'>Ἰουδαίους</span> <span class='ocrx_word' id='word_1_37' title='bbox 1290 406 1316 428; x_wconf 80' lang='grc'><strong>“</strong></span> <span class='ocrx_word' id='word_1_38' title='bbox 1333 398 1527 450; x_wconf 84' lang='grc' dir='ltr'>Λύσατε</span> <span class='ocrx_word' id='word_1_39' title='bbox 1568 397 1650 449; x_wconf 81' lang='grc' dir='ltr'>τὸν</span> <span class='ocrx_word' id='word_1_40' title='bbox 1668 410 1700 440; x_wconf 81' lang='lat' dir='ltr'>S·</span> <span class='ocrx_word' id='word_1_41' title='bbox 1718 409 1819 441; x_wconf 79' lang='lat' dir='ltr'>Joan.</span> <span class='ocrx_word' id='word_1_42' title='bbox 1840 409 1874 441; x_wconf 67' lang='lat' dir='ltr'>ii·</span> 
     </span>
    </p>

    <p class='ocr_par' dir='ltr' id='par_1_5' title="bbox 22 462 1723 629">
     <span class='ocr_line' id='line_1_6' title="bbox 64 462 1723 546; baseline 0.001 -18"><span class='ocrx_word' id='word_1_43' title='bbox 64 484 92 507; x_wconf 73' lang='lat'>‘⁶</span> <span class='ocrx_word' id='word_1_44' title='bbox 118 476 230 529; x_wconf 77' lang='grc' dir='ltr'>ναὸν</span> <span class='ocrx_word' id='word_1_45' title='bbox 262 483 441 540; x_wconf 77' lang='grc' dir='ltr'>τοῦτον,</span> <span class='ocrx_word' id='word_1_46' title='bbox 470 480 546 528; x_wconf 82' lang='grc' dir='ltr'>καὶ</span> <span class='ocrx_word' id='word_1_47' title='bbox 581 480 628 528; x_wconf 89' lang='grc' dir='ltr'>ἐν</span> <span class='ocrx_word' id='word_1_48' title='bbox 654 480 811 545; x_wconf 72' lang='grc' dir='ltr'>τρισὶν</span> <span class='ocrx_word' id='word_1_49' title='bbox 837 478 1029 545; x_wconf 76' lang='grc' dir='ltr'>ἡμέραις</span> <span class='ocrx_word' id='word_1_50' title='bbox 1065 480 1209 546; x_wconf 83' lang='grc' dir='ltr'>ἐγερῶ</span> <span class='ocrx_word' id='word_1_51' title='bbox 1243 479 1429 530; x_wconf 82' lang='grc' dir='ltr'>αὐτόν·”</span> <span class='ocrx_word' id='word_1_52' title='bbox 1485 481 1652 531; x_wconf 82' lang='grc' dir='ltr'>οὐκοῦν</span> <span class='ocrx_word' id='word_1_53' title='bbox 1672 462 1723 494; x_wconf 52' lang='lat'>19⁸</span> 
     </span>
     <span class='ocr_line' id='line_1_7' title="bbox 22 557 1654 629; baseline 0.001 -18"><span class='ocrx_word' id='word_1_54' title='bbox 22 574 45 612; x_wconf 87' lang='grc'>5</span> <span class='ocrx_word' id='word_1_55' title='bbox 66 557 152 611; x_wconf 74' lang='grc' dir='ltr'>κάν</span> <span class='ocrx_word' id='word_1_56' title='bbox 178 564 214 610; x_wconf 79' lang='grc' dir='ltr'>εἰ</span> <span class='ocrx_word' id='word_1_57' title='bbox 238 560 486 626; x_wconf 83' lang='grc' dir='ltr'>ἐγηγέρθαι</span> <span class='ocrx_word' id='word_1_58' title='bbox 509 561 696 626; x_wconf 82' lang='grc' dir='ltr'>λε’γοιτο</span> <span class='ocrx_word' id='word_1_59' title='bbox 722 559 852 627; x_wconf 80' lang='grc' dir='ltr'>παρὰ</span> <span class='ocrx_word' id='word_1_60' title='bbox 872 567 954 612; x_wconf 86' lang='grc' dir='ltr'>τοῦ</span> <span class='ocrx_word' id='word_1_61' title='bbox 979 560 1182 629; x_wconf 82' lang='grc' dir='ltr'>Πατρὸς,</span> <span class='ocrx_word' id='word_1_62' title='bbox 1201 563 1311 612; x_wconf 88' lang='grc' dir='ltr'>ἀλλ’</span> <span class='ocrx_word' id='word_1_63' title='bbox 1336 563 1416 613; x_wconf 80' lang='grc' dir='ltr'>οὖν</span> <span class='ocrx_word' id='word_1_64' title='bbox 1437 561 1575 616; x_wconf 81' lang='grc' dir='ltr'>αὐτὸς</span> <span class='ocrx_word' id='word_1_65' title='bbox 1596 560 1654 625; x_wconf 82' lang='grc' dir='ltr'>ἧν</span> 
     </span>
    </p>

    <p class='ocr_par' dir='ltr' id='par_1_6' title="bbox 67 641 1655 711">
     <span class='ocr_line' id='line_1_8' title="bbox 67 641 1655 711; baseline 0.002 -20"><span class='ocrx_word' id='word_1_66' title='bbox 67 642 92 691; x_wconf 81' lang='grc' dir='ltr'><em>ὃ</em></span> <span class='ocrx_word' id='word_1_67' title='bbox 118 641 314 695; x_wconf 77' lang='grc' dir='ltr'>ἀνιστὰς</span> <span class='ocrx_word' id='word_1_68' title='bbox 341 641 415 692; x_wconf 80' lang='grc' dir='ltr'>διὰ</span> <span class='ocrx_word' id='word_1_69' title='bbox 453 647 535 692; x_wconf 84' lang='grc' dir='ltr'>τοῦ</span> <span class='ocrx_word' id='word_1_70' title='bbox 558 643 725 708; x_wconf 45' lang='grc' dir='ltr'>(Αγίου</span> <span class='ocrx_word' id='word_1_71' title='bbox 754 641 1047 706; x_wconf 81' lang='grc' dir='ltr'>Πνεύματος·</span> <span class='ocrx_word' id='word_1_72' title='bbox 1089 643 1246 694; x_wconf 84' lang='grc' dir='ltr'>πάντα</span> <span class='ocrx_word' id='word_1_73' title='bbox 1286 643 1379 711; x_wconf 76' lang='grc' dir='ltr'>γὰρ</span> <span class='ocrx_word' id='word_1_74' title='bbox 1406 646 1655 711; x_wconf 81' lang='grc' dir='ltr'>ἐνεργεῖται</span> 
     </span>
    </p>

    <p class='ocr_par' dir='ltr' id='par_1_7' title="bbox 67 723 1813 794">
     <span class='ocr_line' id='line_1_9' title="bbox 67 723 1813 794; baseline 0.002 -20"><span class='ocrx_word' id='word_1_75' title='bbox 67 723 126 775; x_wconf 79' lang='grc' dir='ltr'>τὰ</span> <span class='ocrx_word' id='word_1_76' title='bbox 151 727 385 788; x_wconf 81' lang='grc' dir='ltr'>θεοπρεπῆ</span> <span class='ocrx_word' id='word_1_77' title='bbox 412 724 541 790; x_wconf 79' lang='grc' dir='ltr'>παρὰ</span> <span class='ocrx_word' id='word_1_78' title='bbox 567 730 649 775; x_wconf 84' lang='grc' dir='ltr'>τοῦ</span> <span class='ocrx_word' id='word_1_79' title='bbox 678 724 869 791; x_wconf 79' lang='grc' dir='ltr'>Πατρὸς</span> <span class='ocrx_word' id='word_1_80' title='bbox 896 725 972 775; x_wconf 79' lang='grc' dir='ltr'>διὰ</span> <span class='ocrx_word' id='word_1_81' title='bbox 991 729 1109 776; x_wconf 82' lang='grc' dir='ltr'>Υὶοῦ</span> <span class='ocrx_word' id='word_1_82' title='bbox 1136 727 1184 776; x_wconf 88' lang='grc' dir='ltr'>ἐν</span> <span class='ocrx_word' id='word_1_83' title='bbox 1214 726 1470 790; x_wconf 84' lang='grc' dir='ltr'>Πνεύματι·</span> <span class='ocrx_word' id='word_1_84' title='bbox 1510 729 1660 794; x_wconf 83' lang='grc' dir='ltr'>ἐγερεῖ</span> <span class='ocrx_word' id='word_1_85' title='bbox 1673 743 1729 777; x_wconf 85' lang='grc'>28</span> <span class='ocrx_word' id='word_1_86' title='bbox 1751 741 1813 778; x_wconf 87' lang='grc' dir='ltr'>Μ.</span> 
     </span>
    </p>

    <p class='ocr_par' dir='ltr' id='par_1_8' title="bbox 67 805 1378 875">
     <span class='ocr_line' id='line_1_10' title="bbox 67 805 1378 875; baseline 0.003 -18"><span class='ocrx_word' id='word_1_87' title='bbox 67 806 221 858; x_wconf 79' lang='grc' dir='ltr'>τοίνυν</span> <span class='ocrx_word' id='word_1_88' title='bbox 249 811 326 858; x_wconf 64' lang='grc' dir='ltr'>καὶ</span> <span class='ocrx_word' id='word_1_89' title='bbox 356 805 415 857; x_wconf 61' lang='grc' dir='ltr'>τὰ</span> <span class='ocrx_word' id='word_1_90' title='bbox 440 807 573 870; x_wconf 84' lang='grc' dir='ltr'>ἡμῶν</span> <span class='ocrx_word' id='word_1_91' title='bbox 598 807 798 875; x_wconf 74' lang='grc' dir='ltr'>σώματα</span> <span class='ocrx_word' id='word_1_92' title='bbox 824 808 874 858; x_wconf 86' lang='grc' dir='ltr'>ἐκ</span> <span class='ocrx_word' id='word_1_93' title='bbox 902 812 1076 874; x_wconf 82' lang='grc' dir='ltr'>νεκρῶν</span> <span class='ocrx_word' id='word_1_94' title='bbox 1102 809 1126 858; x_wconf 84' lang='grc' dir='ltr'>ὁ</span> <span class='ocrx_word' id='word_1_95' title='bbox 1151 807 1378 875; x_wconf 85' lang='grc' dir='ltr'>Χριστός.</span> 
     </span>
    </p>
   </div>
   <div class='ocr_carea' id='block_1_4' title="bbox 132 949 1804 1009">
    <p class='ocr_par' dir='ltr' id='par_1_9' title="bbox 132 949 1804 1009">
     <span class='ocr_line' id='line_1_11' title="bbox 132 949 1804 1009; baseline 0.002 -16"><span class='ocrx_word' id='word_1_96' title='bbox 132 951 259 994; x_wconf 75' lang='lat'>“0601</span> <span class='ocrx_word' id='word_1_97' title='bbox 298 952 375 1008; x_wconf 78' lang='grc' dir='ltr'>Γὰρ</span> <span class='ocrx_word' id='word_1_98' title='bbox 413 952 626 1000; x_wconf 77' lang='grc' dir='ltr'>Πνεύματι</span> <span class='ocrx_word' id='word_1_99' title='bbox 666 951 775 992; x_wconf 85' lang='grc' dir='ltr'>Θεοῦ</span> <span class='ocrx_word' id='word_1_100' title='bbox 811 951 999 1003; x_wconf 80' lang='grc' dir='ltr'>ἅΓονται,</span> <span class='ocrx_word' id='word_1_101' title='bbox 1038 949 1156 993; x_wconf 79' lang='grc' dir='ltr'>οὗτοι</span> <span class='ocrx_word' id='word_1_102' title='bbox 1195 950 1298 994; x_wconf 79' lang='grc' dir='ltr'>εἰσιν</span> <span class='ocrx_word' id='word_1_103' title='bbox 1338 951 1418 993; x_wconf 80' lang='grc' dir='ltr'>υἱοί</span> <span class='ocrx_word' id='word_1_104' title='bbox 1457 952 1578 994; x_wconf 82' lang='grc' dir='ltr'>Θεοῦ.</span> <span class='ocrx_word' id='word_1_105' title='bbox 1682 973 1727 1007; x_wconf 84' lang='lat'>14</span> <span class='ocrx_word' id='word_1_106' title='bbox 1749 973 1804 1009; x_wconf 85' lang='lat' dir='ltr'>sq.</span> 
     </span>
    </p>
   </div>
   <div class='ocr_carea' id='block_1_5' title="bbox 3 1058 1663 1458">
    <p class='ocr_par' dir='ltr' id='par_1_10' title="bbox 3 1058 1663 1458">
     <span class='ocr_line' id='line_1_12' title="bbox 3 1058 1661 1128; baseline 0.002 -21"><span class='ocrx_word' id='word_1_107' title='bbox 3 1083 52 1108; x_wconf 91' lang='lat'>10</span> <span class='ocrx_word' id='word_1_108' title='bbox 145 1062 209 1110; x_wconf 80' lang='grc' dir='ltr'>Οἱ</span> <span class='ocrx_word' id='word_1_109' title='bbox 248 1059 296 1110; x_wconf 76' lang='grc' dir='ltr'>δὲ</span> <span class='ocrx_word' id='word_1_110' title='bbox 335 1058 564 1122; x_wconf 85' lang='grc' dir='ltr'>πνεύματι</span> <span class='ocrx_word' id='word_1_111' title='bbox 603 1059 782 1126; x_wconf 73' lang='grc' dir='ltr'>ζῶντες,</span> <span class='ocrx_word' id='word_1_112' title='bbox 824 1059 931 1111; x_wconf 69' lang='grc' dir='ltr'>οὗτοι</span> <span class='ocrx_word' id='word_1_113' title='bbox 971 1061 1046 1110; x_wconf 72' lang='grc' dir='ltr'>καὶ</span> <span class='ocrx_word' id='word_1_114' title='bbox 1076 1060 1302 1128; x_wconf 70' lang='grc' dir='ltr'>Πνεῦματι</span> <span class='ocrx_word' id='word_1_115' title='bbox 1341 1059 1545 1127; x_wconf 64' lang='grc' dir='ltr'>ἄγονται,</span> <span class='ocrx_word' id='word_1_116' title='bbox 1585 1059 1661 1111; x_wconf 77' lang='grc' dir='ltr'>διὰ</span> 
     </span>
     <span class='ocr_line' id='line_1_13' title="bbox 70 1141 1661 1211; baseline 0 -18"><span class='ocrx_word' id='word_1_117' title='bbox 70 1141 123 1193; x_wconf 81' lang='grc' dir='ltr'>τὸ</span> <span class='ocrx_word' id='word_1_118' title='bbox 166 1141 583 1210; x_wconf 84' lang='grc' dir='ltr'>κατεσφραγίσθαι</span> <span class='ocrx_word' id='word_1_119' title='bbox 622 1145 688 1211; x_wconf 69' lang='grc' dir='ltr'>τῷ</span> <span class='ocrx_word' id='word_1_120' title='bbox 720 1141 871 1211; x_wconf 74' lang='grc' dir='ltr'>Ἀγῖερ</span> <span class='ocrx_word' id='word_1_121' title='bbox 913 1141 1169 1205; x_wconf 80' lang='grc' dir='ltr'>Πνεύματι,</span> <span class='ocrx_word' id='word_1_122' title='bbox 1211 1145 1284 1192; x_wconf 78' lang='grc' dir='ltr'>καὶ</span> <span class='ocrx_word' id='word_1_123' title='bbox 1325 1143 1537 1195; x_wconf 84' lang='grc' dir='ltr'>δουλείας</span> <span class='ocrx_word' id='word_1_124' title='bbox 1576 1142 1661 1206; x_wconf 78' lang='grc' dir='ltr'>μὲν</span> 
     </span>
     <span class='ocr_line' id='line_1_14' title="bbox 71 1222 1660 1293; baseline -0.001 -18"><span class='ocrx_word' id='word_1_125' title='bbox 71 1222 384 1291; x_wconf 73' lang='grc' dir='ltr'>ἀπηλλάχθαι</span> <span class='ocrx_word' id='word_1_126' title='bbox 422 1226 505 1288; x_wconf 82' lang='grc' dir='ltr'>τῆς</span> <span class='ocrx_word' id='word_1_127' title='bbox 544 1225 592 1274; x_wconf 87' lang='grc' dir='ltr'>ἐν</span> <span class='ocrx_word' id='word_1_128' title='bbox 630 1222 758 1293; x_wconf 74' lang='grc' dir='ltr'>νόμῳ</span> <span class='ocrx_word' id='word_1_129' title='bbox 799 1226 873 1274; x_wconf 77' lang='grc' dir='ltr'>καὶ</span> <span class='ocrx_word' id='word_1_130' title='bbox 916 1223 1174 1289; x_wconf 79' lang='grc' dir='ltr'>γράμματι,</span> <span class='ocrx_word' id='word_1_131' title='bbox 1217 1227 1566 1292; x_wconf 82' lang='grc' dir='ltr'>μεταφοιτῆσαι</span> <span class='ocrx_word' id='word_1_132' title='bbox 1612 1223 1660 1275; x_wconf 77' lang='grc' dir='ltr'>δὲ</span> 
     </span>
     <span class='ocr_line' id='line_1_15' title="bbox 71 1306 1661 1374; baseline 0 -18"><span class='ocrx_word' id='word_1_133' title='bbox 71 1311 261 1369; x_wconf 81' lang='grc' dir='ltr'>μᾶλλον</span> <span class='ocrx_word' id='word_1_134' title='bbox 300 1309 361 1359; x_wconf 77' lang='grc' dir='ltr'>εἷς</span> <span class='ocrx_word' id='word_1_135' title='bbox 400 1306 677 1372; x_wconf 81' lang='grc' dir='ltr'>ἐλευθερίαν,</span> <span class='ocrx_word' id='word_1_136' title='bbox 718 1307 793 1355; x_wconf 74' lang='grc' dir='ltr'>καὶ</span> <span class='ocrx_word' id='word_1_137' title='bbox 831 1309 1171 1371; x_wconf 76' lang='grc' dir='ltr'>μαρτυρεῖσθαι</span> <span class='ocrx_word' id='word_1_138' title='bbox 1207 1309 1273 1374; x_wconf 71' lang='grc' dir='ltr'>τῷ</span> <span class='ocrx_word' id='word_1_139' title='bbox 1312 1309 1393 1370; x_wconf 83' lang='grc' dir='ltr'>τῆς</span> <span class='ocrx_word' id='word_1_140' title='bbox 1427 1307 1661 1360; x_wconf 78' lang='grc' dir='ltr'>υἱοθεσίας</span> 
     </span>
     <span class='ocr_line' id='line_1_16' title="bbox 76 1387 1663 1458; baseline 0.001 -20"><span class='ocrx_word' id='word_1_141' title='bbox 76 1387 335 1452; x_wconf 87' lang='grc' dir='ltr'>Πνεύματι,</span> <span class='ocrx_word' id='word_1_142' title='bbox 381 1387 452 1438; x_wconf 77' lang='grc' dir='ltr'>ὅτι</span> <span class='ocrx_word' id='word_1_143' title='bbox 494 1410 544 1438; x_wconf 90' lang='grc' dir='ltr'>τε</span> <span class='ocrx_word' id='word_1_144' title='bbox 582 1389 701 1438; x_wconf 74' lang='grc' dir='ltr'>εἰσὶν</span> <span class='ocrx_word' id='word_1_145' title='bbox 743 1389 828 1438; x_wconf 76' lang='grc' dir='ltr'>υἱοὶ</span> <span class='ocrx_word' id='word_1_146' title='bbox 876 1391 1015 1449; x_wconf 78' lang='grc' dir='ltr'>Θεοῦ,</span> <span class='ocrx_word' id='word_1_147' title='bbox 1059 1389 1135 1438; x_wconf 79' lang='grc' dir='ltr'>καὶ</span> <span class='ocrx_word' id='word_1_148' title='bbox 1186 1389 1234 1438; x_wconf 87' lang='grc' dir='ltr'>ἐν</span> <span class='ocrx_word' id='word_1_149' title='bbox 1285 1389 1410 1458; x_wconf 71' lang='grc' dir='ltr'>αὐτῷ</span> <span class='ocrx_word' id='word_1_150' title='bbox 1461 1393 1528 1458; x_wconf 71' lang='grc' dir='ltr'>τῷ</span> <span class='ocrx_word' id='word_1_151' title='bbox 1579 1392 1663 1453; x_wconf 85' lang='grc' dir='ltr'>τῆς</span> 
     </span>
    </p>
   </div>
   <div class='ocr_carea' id='block_1_6' title="bbox 8 1468 1439 1538">
    <p class='ocr_par' dir='ltr' id='par_1_11' title="bbox 8 1468 1439 1538">
     <span class='ocr_line' id='line_1_17' title="bbox 8 1468 1439 1538; baseline 0 -17"><span class='ocrx_word' id='word_1_152' title='bbox 8 1488 53 1525; x_wconf 90' lang='lat'>15</span> <span class='ocrx_word' id='word_1_153' title='bbox 75 1471 308 1525; x_wconf 78' lang='grc' dir='ltr'>υἱοθεσίας</span> <span class='ocrx_word' id='word_1_154' title='bbox 346 1469 574 1534; x_wconf 82' lang='grc' dir='ltr'>πνεύματι</span> <span class='ocrx_word' id='word_1_155' title='bbox 614 1468 980 1535; x_wconf 87' lang='grc' dir='ltr'>διακεκράγασιν</span> <span class='ocrx_word' id='word_1_156' title='bbox 1018 1471 1183 1531; x_wconf 70' lang='grc' dir='ltr'>Ἀββᾶ</span> <span class='ocrx_word' id='word_1_157' title='bbox 1222 1476 1240 1521; x_wconf 79' lang='grc' dir='ltr'>ὁ</span> <span class='ocrx_word' id='word_1_158' title='bbox 1281 1474 1439 1538; x_wconf 68' lang='grc' dir='ltr'>πατήρ.</span> 
     </span>
    </p>
   </div>
   <div class='ocr_carea' id='block_1_7' title="bbox 312 1601 1732 1661">
    <p class='ocr_par' dir='ltr' id='par_1_12' title="bbox 312 1601 1732 1661">
     <span class='ocr_line' id='line_1_18' title="bbox 312 1601 1732 1661; baseline 0.003 -16"><span class='ocrx_word' id='word_1_159' title='bbox 312 1601 443 1661; x_wconf 76' lang='grc' dir='ltr'>Εἴπερ</span> <span class='ocrx_word' id='word_1_160' title='bbox 482 1605 797 1659; x_wconf 80' lang='grc' dir='ltr'>συμπάσχομεν,</span> <span class='ocrx_word' id='word_1_161' title='bbox 835 1604 903 1645; x_wconf 78' lang='grc' dir='ltr'>ἵνα</span> <span class='ocrx_word' id='word_1_162' title='bbox 944 1604 1013 1645; x_wconf 77' lang='grc' dir='ltr'>καὶ</span> <span class='ocrx_word' id='word_1_163' title='bbox 1051 1604 1422 1654; x_wconf 69' lang='grc' dir='ltr'>συνδοξασθῶμεν.</span> <span class='ocrx_word' id='word_1_164' title='bbox 1687 1620 1732 1660; x_wconf 87' lang='lat'>17</span> 
     </span>
    </p>
   </div>
   <div class='ocr_carea' id='block_1_8' title="bbox 11 1711 1852 2701">
    <p class='ocr_par' dir='ltr' id='par_1_13' title="bbox 76 1711 1716 1945">
     <span class='ocr_line' id='line_1_19' title="bbox 152 1711 1664 1780; baseline 0 -17"><span class='ocrx_word' id='word_1_165' title='bbox 152 1715 479 1779; x_wconf 83' lang='grc' dir='ltr'>Κατορθοῦται</span> <span class='ocrx_word' id='word_1_166' title='bbox 517 1711 602 1776; x_wconf 72' lang='grc' dir='ltr'>μὲν</span> <span class='ocrx_word' id='word_1_167' title='bbox 628 1713 728 1780; x_wconf 78' lang='grc' dir='ltr'>οὐ[κ</span> <span class='ocrx_word' id='word_1_168' title='bbox 768 1713 877 1764; x_wconf 77' lang='grc' dir='ltr'>ἄνευ</span> <span class='ocrx_word' id='word_1_169' title='bbox 907 1711 1071 1780; x_wconf 80' lang='grc' dir='ltr'>πόνου]</span> <span class='ocrx_word' id='word_1_170' title='bbox 1113 1712 1166 1763; x_wconf 77' lang='grc' dir='ltr'>τὸ</span> <span class='ocrx_word' id='word_1_171' title='bbox 1196 1712 1395 1779; x_wconf 78' lang='grc' dir='ltr'>ἀγαθὸν,</span> <span class='ocrx_word' id='word_1_172' title='bbox 1434 1711 1565 1777; x_wconf 87' lang='grc' dir='ltr'>πλὴν</span> <span class='ocrx_word' id='word_1_173' title='bbox 1589 1713 1664 1764; x_wconf 79' lang='grc' dir='ltr'>ἐπὶ</span> 
     </span>
     <span class='ocr_line' id='line_1_20' title="bbox 76 1793 1716 1865; baseline 0 -19"><span class='ocrx_word' id='word_1_174' title='bbox 76 1794 304 1862; x_wconf 80' lang='grc' dir='ltr'>μεγάλαις</span> <span class='ocrx_word' id='word_1_175' title='bbox 329 1797 493 1846; x_wconf 83' lang='grc' dir='ltr'>ἐλπίσι</span> <span class='ocrx_word' id='word_1_176' title='bbox 520 1800 615 1849; x_wconf 82' lang='grc' dir='ltr'>τοῖς</span> <span class='ocrx_word' id='word_1_177' title='bbox 641 1795 789 1860; x_wconf 84' lang='grc' dir='ltr'>ἁγίοις</span> <span class='ocrx_word' id='word_1_178' title='bbox 816 1796 841 1845; x_wconf 82' lang='grc' dir='ltr'>ὁ</span> <span class='ocrx_word' id='word_1_179' title='bbox 866 1793 1021 1849; x_wconf 87' lang='grc' dir='ltr'>πόνος·</span> <span class='ocrx_word' id='word_1_180' title='bbox 1062 1799 1157 1845; x_wconf 88' lang='grc' dir='ltr'>τῶν</span> <span class='ocrx_word' id='word_1_181' title='bbox 1182 1794 1273 1862; x_wconf 78' lang='grc' dir='ltr'>γὰρ</span> <span class='ocrx_word' id='word_1_182' title='bbox 1300 1795 1514 1861; x_wconf 78' lang='grc' dir='ltr'>ἐπιγείων</span> <span class='ocrx_word' id='word_1_183' title='bbox 1534 1793 1666 1846; x_wconf 78' lang='grc' dir='ltr'>οὐδὲν</span> <span class='ocrx_word' id='word_1_184' title='bbox 1713 1861 1716 1865; x_wconf 27' lang='lat'><em>⁴</em></span> 
     </span>
     <span class='ocr_line' id='line_1_21' title="bbox 78 1874 1666 1945; baseline -0.001 -17"><span class='ocrx_word' id='word_1_185' title='bbox 78 1879 231 1931; x_wconf 79' lang='grc' dir='ltr'>αὐτοῖς</span> <span class='ocrx_word' id='word_1_186' title='bbox 269 1876 573 1943; x_wconf 89' lang='grc' dir='ltr'>ἐπήγγελται,</span> <span class='ocrx_word' id='word_1_187' title='bbox 601 1876 732 1927; x_wconf 82' lang='grc' dir='ltr'>ἀλλὰ</span> <span class='ocrx_word' id='word_1_188' title='bbox 767 1874 884 1945; x_wconf 79' lang='grc' dir='ltr'>δόξα</span> <span class='ocrx_word' id='word_1_189' title='bbox 918 1876 1165 1942; x_wconf 84' lang='grc' dir='ltr'>ἀμήρυτος,</span> <span class='ocrx_word' id='word_1_190' title='bbox 1195 1879 1270 1928; x_wconf 79' lang='grc' dir='ltr'>καὶ</span> <span class='ocrx_word' id='word_1_191' title='bbox 1295 1882 1389 1928; x_wconf 87' lang='grc' dir='ltr'>τῶν</span> <span class='ocrx_word' id='word_1_192' title='bbox 1414 1876 1529 1944; x_wconf 74' lang='grc' dir='ltr'>ὑπὲρ</span> <span class='ocrx_word' id='word_1_193' title='bbox 1556 1882 1666 1928; x_wconf 84' lang='grc' dir='ltr'>νοῦν</span> 
     </span>
    </p>

    <p class='ocr_par' dir='ltr' id='par_1_14' title="bbox 11 1957 1852 2701">
     <span class='ocr_line' id='line_1_22' title="bbox 11 1957 1667 2028; baseline -0.002 -16"><span class='ocrx_word' id='word_1_194' title='bbox 11 1987 59 2012; x_wconf 91' lang='lat'>20</span> <span class='ocrx_word' id='word_1_195' title='bbox 79 1962 152 2011; x_wconf 77' lang='grc' dir='ltr'>καὶ</span> <span class='ocrx_word' id='word_1_196' title='bbox 177 1957 324 2026; x_wconf 87' lang='grc' dir='ltr'>λόγον</span> <span class='ocrx_word' id='word_1_197' title='bbox 350 1958 378 2023; x_wconf 83' lang='grc' dir='ltr'>ἡ</span> <span class='ocrx_word' id='word_1_198' title='bbox 405 1959 602 2028; x_wconf 76' lang='grc' dir='ltr'>μέθεξις.</span> <span class='ocrx_word' id='word_1_199' title='bbox 643 1962 685 2010; x_wconf 82' lang='grc' dir='ltr'>οἱ</span> <span class='ocrx_word' id='word_1_200' title='bbox 721 1959 814 2025; x_wconf 77' lang='grc' dir='ltr'>γὰρ</span> <span class='ocrx_word' id='word_1_201' title='bbox 840 1963 934 2010; x_wconf 89' lang='grc' dir='ltr'>τῶν</span> <span class='ocrx_word' id='word_1_202' title='bbox 961 1961 1034 2010; x_wconf 79' lang='grc' dir='ltr'>ἐπὶ</span> <span class='ocrx_word' id='word_1_203' title='bbox 1067 1962 1153 2025; x_wconf 82' lang='grc' dir='ltr'>γῆς</span> <span class='ocrx_word' id='word_1_204' title='bbox 1186 1961 1515 2026; x_wconf 83' lang='grc' dir='ltr'>ὑπερορῶντες,</span> <span class='ocrx_word' id='word_1_205' title='bbox 1543 1959 1667 2028; x_wconf 72' lang='grc' dir='ltr'>ἄξιοι</span> 
     </span>
     <span class='ocr_line' id='line_1_23' title="bbox 79 2041 1668 2111; baseline -0.001 -18"><span class='ocrx_word' id='word_1_206' title='bbox 79 2045 154 2093; x_wconf 80' lang='grc' dir='ltr'>καὶ</span> <span class='ocrx_word' id='word_1_207' title='bbox 189 2047 283 2093; x_wconf 88' lang='grc' dir='ltr'>τῶν</span> <span class='ocrx_word' id='word_1_208' title='bbox 309 2041 532 2092; x_wconf 78' lang='grc' dir='ltr'>ἀνωτάτω</span> <span class='ocrx_word' id='word_1_209' title='bbox 568 2045 735 2108; x_wconf 89' lang='grc' dir='ltr'>γερῶν·</span> <span class='ocrx_word' id='word_1_210' title='bbox 785 2043 861 2091; x_wconf 77' lang='grc' dir='ltr'>καὶ</span> <span class='ocrx_word' id='word_1_211' title='bbox 893 2044 935 2091; x_wconf 79' lang='grc' dir='ltr'>οἱ</span> <span class='ocrx_word' id='word_1_212' title='bbox 967 2041 1373 2108; x_wconf 88' lang='grc' dir='ltr'>προπεπονηκότες</span> <span class='ocrx_word' id='word_1_213' title='bbox 1408 2043 1456 2092; x_wconf 89' lang='grc' dir='ltr'>ἐν</span> <span class='ocrx_word' id='word_1_214' title='bbox 1482 2042 1668 2111; x_wconf 75' lang='grc' dir='ltr'>ἀνδρεία</span> 
     </span>
     <span class='ocr_line' id='line_1_24' title="bbox 80 2120 1669 2191; baseline 0.001 -16"><span class='ocrx_word' id='word_1_215' title='bbox 80 2126 156 2175; x_wconf 77' lang='grc' dir='ltr'>καὶ</span> <span class='ocrx_word' id='word_1_216' title='bbox 190 2125 414 2191; x_wconf 79' lang='grc' dir='ltr'>ὑπομονῇ,</span> <span class='ocrx_word' id='word_1_217' title='bbox 442 2120 683 2188; x_wconf 76' lang='grc' dir='ltr'>με’λλουσι</span> <span class='ocrx_word' id='word_1_218' title='bbox 721 2121 974 2191; x_wconf 84' lang='grc' dir='ltr'>στεφάνων</span> <span class='ocrx_word' id='word_1_219' title='bbox 1001 2122 1257 2174; x_wconf 80' lang='grc' dir='ltr'>ἀπολαύειν</span> <span class='ocrx_word' id='word_1_220' title='bbox 1292 2125 1340 2173; x_wconf 91' lang='grc' dir='ltr'>ἐν</span> <span class='ocrx_word' id='word_1_221' title='bbox 1366 2124 1669 2189; x_wconf 75' lang='grc' dir='ltr'>ἀσυγκρίτοις</span> 
     </span>
     <span class='ocr_line' id='line_1_25' title="bbox 82 2204 1669 2274; baseline -0.001 -18"><span class='ocrx_word' id='word_1_222' title='bbox 82 2207 346 2274; x_wconf 84' lang='grc' dir='ltr'>ὑπεροχαῖς·</span> <span class='ocrx_word' id='word_1_223' title='bbox 401 2210 727 2269; x_wconf 83' lang='grc' dir='ltr'>μειονεκτεῖται</span> <span class='ocrx_word' id='word_1_224' title='bbox 766 2204 859 2271; x_wconf 78' lang='grc' dir='ltr'>γὰρ</span> <span class='ocrx_word' id='word_1_225' title='bbox 885 2206 909 2255; x_wconf 84' lang='grc' dir='ltr'><em>ὁ</em></span> <span class='ocrx_word' id='word_1_226' title='bbox 937 2209 999 2259; x_wconf 81' lang='grc' dir='ltr'>εἷς</span> <span class='ocrx_word' id='word_1_227' title='bbox 1038 2204 1208 2272; x_wconf 84' lang='grc' dir='ltr'>ἀρετὴν</span> <span class='ocrx_word' id='word_1_228' title='bbox 1238 2204 1381 2259; x_wconf 90' lang='grc' dir='ltr'>πόνος</span> <span class='ocrx_word' id='word_1_229' title='bbox 1419 2209 1513 2256; x_wconf 91' lang='grc' dir='ltr'>τῶν</span> <span class='ocrx_word' id='word_1_230' title='bbox 1551 2204 1669 2269; x_wconf 78' lang='grc' dir='ltr'>μετὰ</span> 
     </span>
     <span class='ocr_line' id='line_1_26' title="bbox 82 2286 1852 2371; baseline -0.001 -33"><span class='ocrx_word' id='word_1_231' title='bbox 82 2293 229 2338; x_wconf 86' lang='grc' dir='ltr'>ταῦτα</span> <span class='ocrx_word' id='word_1_232' title='bbox 266 2292 429 2351; x_wconf 82' lang='grc' dir='ltr'>τιμῶν.</span> <span class='ocrx_word' id='word_1_233' title='bbox 487 2288 633 2357; x_wconf 74' lang='grc' dir='ltr'>δόξαν</span> <span class='ocrx_word' id='word_1_234' title='bbox 672 2286 721 2339; x_wconf 80' lang='grc' dir='ltr'>δὲ</span> <span class='ocrx_word' id='word_1_235' title='bbox 758 2287 886 2353; x_wconf 75' lang='grc' dir='ltr'>λε’γει</span> <span class='ocrx_word' id='word_1_236' title='bbox 924 2292 1018 2338; x_wconf 90' lang='grc' dir='ltr'>τῶν</span> <span class='ocrx_word' id='word_1_237' title='bbox 1057 2287 1220 2352; x_wconf 80' lang='grc' dir='ltr'>ἁγίων,</span> <span class='ocrx_word' id='word_1_238' title='bbox 1263 2287 1448 2352; x_wconf 83' lang='grc' dir='ltr'>ἐπείπερ</span> <span class='ocrx_word' id='word_1_239' title='bbox 1486 2286 1662 2351; x_wconf 85' lang='grc' dir='ltr'>ἐκλάμ-</span> <span class='ocrx_word' id='word_1_240' title='bbox 1688 2295 1852 2371; x_wconf 50' lang='lat' dir='ltr'>{ffihssth</span> 
     </span>
     <span class='ocr_line' id='line_1_27' title="bbox 16 2348 1831 2438; baseline -0.001 -17"><span class='ocrx_word' id='word_1_241' title='bbox 16 2393 64 2432; x_wconf 87' lang='lat'>25</span> <span class='ocrx_word' id='word_1_242' title='bbox 84 2371 264 2437; x_wconf 78' lang='grc' dir='ltr'>ψουσιν</span> <span class='ocrx_word' id='word_1_243' title='bbox 292 2373 334 2420; x_wconf 77' lang='grc' dir='ltr'>οἱ</span> <span class='ocrx_word' id='word_1_244' title='bbox 360 2371 523 2420; x_wconf 82' lang='grc' dir='ltr'>δίκαιοι</span> <span class='ocrx_word' id='word_1_245' title='bbox 557 2368 676 2420; x_wconf 77' lang='grc' dir='ltr'>κατὰ</span> <span class='ocrx_word' id='word_1_246' title='bbox 708 2368 893 2436; x_wconf 77' lang='grc' dir='ltr'>καιροὺς</span> <span class='ocrx_word' id='word_1_247' title='bbox 926 2371 987 2422; x_wconf 86' lang='grc' dir='ltr'>ὡς</span> <span class='ocrx_word' id='word_1_248' title='bbox 1015 2370 1038 2418; x_wconf 83' lang='grc' dir='ltr'><strong>ὁ</strong></span> <span class='ocrx_word' id='word_1_249' title='bbox 1066 2369 1211 2432; x_wconf 81' lang='grc' dir='ltr'>ἥλιος,</span> <span class='ocrx_word' id='word_1_250' title='bbox 1237 2370 1288 2419; x_wconf 76' lang='grc' dir='ltr'>ἐι]</span> <span class='ocrx_word' id='word_1_251' title='bbox 1310 2372 1421 2437; x_wconf 80' lang='grc' dir='ltr'>τιμῇ</span> <span class='ocrx_word' id='word_1_252' title='bbox 1450 2371 1524 2419; x_wconf 78' lang='grc' dir='ltr'>καὶ</span> <span class='ocrx_word' id='word_1_253' title='bbox 1553 2369 1670 2438; x_wconf 73' lang='grc' dir='ltr'>δόξῃ</span> <span class='ocrx_word' id='word_1_254' title='bbox 1752 2348 1831 2380; x_wconf 84' lang='lat'><strong>-43·</strong></span> 
     </span>
     <span class='ocr_line' id='line_1_28' title="bbox 85 2449 1671 2520; baseline 0 -19"><span class='ocrx_word' id='word_1_255' title='bbox 85 2453 160 2501; x_wconf 82' lang='grc' dir='ltr'>καὶ</span> <span class='ocrx_word' id='word_1_256' title='bbox 207 2453 458 2520; x_wconf 75' lang='grc' dir='ltr'>ἀφθαρσίᾳ</span> <span class='ocrx_word' id='word_1_257' title='bbox 502 2451 762 2517; x_wconf 87' lang='grc' dir='ltr'>γεγονότες,</span> <span class='ocrx_word' id='word_1_258' title='bbox 808 2453 857 2502; x_wconf 91' lang='grc' dir='ltr'>ἐν</span> <span class='ocrx_word' id='word_1_259' title='bbox 901 2453 967 2520; x_wconf 70' lang='grc' dir='ltr'>τῷ</span> <span class='ocrx_word' id='word_1_260' title='bbox 1011 2454 1369 2515; x_wconf 76' lang='grc' dir='ltr'>μεταβληθῆναι</span> <span class='ocrx_word' id='word_1_261' title='bbox 1415 2452 1569 2502; x_wconf 85' lang='grc' dir='ltr'>αὐτῶν</span> <span class='ocrx_word' id='word_1_262' title='bbox 1616 2449 1671 2501; x_wconf 85' lang='grc' dir='ltr'>τὸ</span> 
     </span>
     <span class='ocr_line' id='line_1_29' title="bbox 85 2531 1384 2602; baseline 0 -19"><span class='ocrx_word' id='word_1_263' title='bbox 85 2537 240 2597; x_wconf 84' lang='grc' dir='ltr'>σῶμα,</span> <span class='ocrx_word' id='word_1_264' title='bbox 267 2532 420 2587; x_wconf 81' lang='grc' dir='ltr'>καθὼς</span> <span class='ocrx_word' id='word_1_265' title='bbox 446 2533 788 2602; x_wconf 80' lang='grc' dir='ltr'>μετεμορφώθη</span> <span class='ocrx_word' id='word_1_266' title='bbox 816 2534 840 2584; x_wconf 84' lang='grc' dir='ltr'><em>ὁ</em></span> <span class='ocrx_word' id='word_1_267' title='bbox 866 2532 1080 2600; x_wconf 82' lang='grc' dir='ltr'>Χριστὸς</span> <span class='ocrx_word' id='word_1_268' title='bbox 1107 2534 1156 2583; x_wconf 89' lang='grc' dir='ltr'>ἐν</span> <span class='ocrx_word' id='word_1_269' title='bbox 1182 2534 1248 2602; x_wconf 70' lang='grc' dir='ltr'>τῷ</span> <span class='ocrx_word' id='word_1_270' title='bbox 1275 2531 1384 2599; x_wconf 80' lang='grc' dir='ltr'>ὅρει.</span> 
     </span>
     <span class='ocr_line' id='line_1_30' title="bbox 131 2655 1674 2701; baseline -0.001 -11"><span class='ocrx_word' id='word_1_271' title='bbox 131 2666 164 2700; x_wconf 85' lang='grc'>3.</span> <span class='ocrx_word' id='word_1_272' title='bbox 190 2655 396 2699; x_wconf 80' lang='grc' dir='ltr'>ἐζωοποίησε</span> <span class='ocrx_word' id='word_1_273' title='bbox 414 2656 458 2689; x_wconf 92' lang='grc' dir='ltr'>Α.</span> <span class='ocrx_word' id='word_1_274' title='bbox 578 2655 612 2690; x_wconf 87' lang='grc'>6.</span> <span class='ocrx_word' id='word_1_275' title='bbox 638 2657 655 2689; x_wconf 89' lang='grc' dir='ltr'>ὁ</span> <span class='ocrx_word' id='word_1_276' title='bbox 673 2661 895 2701; x_wconf 86' lang='lat' dir='ltr'>assumptum</span> <span class='ocrx_word' id='word_1_277' title='bbox 916 2668 957 2690; x_wconf 82' lang='lat' dir='ltr'>ex</span> <span class='ocrx_word' id='word_1_278' title='bbox 976 2656 1020 2689; x_wconf 93' lang='lat' dir='ltr'>A.</span> <span class='ocrx_word' id='word_1_279' title='bbox 1039 2661 1064 2689; x_wconf 85' lang='lat' dir='ltr'>t.</span> <span class='ocrx_word' id='word_1_280' title='bbox 1082 2661 1148 2690; x_wconf 84' lang='lat' dir='ltr'><strong>cet.</strong></span> <span class='ocrx_word' id='word_1_281' title='bbox 1277 2656 1310 2689; x_wconf 87' lang='lat'>8.</span> <span class='ocrx_word' id='word_1_282' title='bbox 1338 2655 1422 2689; x_wconf 83' lang='lat' dir='ltr'>Post</span> <span class='ocrx_word' id='word_1_283' title='bbox 1439 2655 1523 2689; x_wconf 80' lang='lat' dir='ltr'><strong>haec</strong></span> <span class='ocrx_word' id='word_1_284' title='bbox 1542 2656 1674 2690; x_wconf 82' lang='lat' dir='ltr'>scholia</span> 
     </span>
    </p>
   </div>
   <div class='ocr_carea' id='block_1_9' title="bbox 85 2701 1674 2794">
    <p class='ocr_par' dir='ltr' id='par_1_15' title="bbox 85 2701 1674 2794">
     <span class='ocr_line' id='line_1_31' title="bbox 85 2701 1674 2748; baseline 0.001 -14"><span class='ocrx_word' id='word_1_285' title='bbox 85 2701 161 2744; x_wconf 79' lang='lat' dir='ltr'><strong>tria,</strong></span> <span class='ocrx_word' id='word_1_286' title='bbox 185 2714 310 2747; x_wconf 83' lang='lat' dir='ltr'>nempe</span> <span class='ocrx_word' id='word_1_287' title='bbox 335 2704 373 2737; x_wconf 89' lang='grc' dir='ltr'>τὸ</span> <span class='ocrx_word' id='word_1_288' title='bbox 395 2703 506 2736; x_wconf 83' lang='grc' dir='ltr'>τοίνυν</span> <span class='ocrx_word' id='word_1_289' title='bbox 531 2702 790 2748; x_wconf 76' lang='grc' dir='ltr'>ἷσουργεῖν-ἐν</span> <span class='ocrx_word' id='word_1_290' title='bbox 807 2702 884 2747; x_wconf 88' lang='grc' dir='ltr'>ἡμῖν</span> <span class='ocrx_word' id='word_1_291' title='bbox 902 2715 919 2736; x_wconf 88' lang='lat' dir='ltr'>e</span> <span class='ocrx_word' id='word_1_292' title='bbox 941 2703 1004 2736; x_wconf 75' lang='lat' dir='ltr'><strong>lib.</strong></span> <span class='ocrx_word' id='word_1_293' title='bbox 1022 2702 1078 2736; x_wconf 88' lang='lat' dir='ltr'>vii.</span> <span class='ocrx_word' id='word_1_294' title='bbox 1103 2701 1146 2736; x_wconf 82' lang='lat' dir='ltr'>ad</span> <span class='ocrx_word' id='word_1_295' title='bbox 1171 2701 1294 2735; x_wconf 72' lang='lat' dir='ltr'>Herm.</span> <span class='ocrx_word' id='word_1_296' title='bbox 1316 2701 1395 2744; x_wconf 80' lang='lat'><strong>648,</strong></span> <span class='ocrx_word' id='word_1_297' title='bbox 1422 2701 1500 2736; x_wconf 84' lang='grc' dir='ltr'>ἀλλ’</span> <span class='ocrx_word' id='word_1_298' title='bbox 1524 2701 1616 2747; x_wconf 72' lang='grc' dir='ltr'>εἴπερ</span> <span class='ocrx_word' id='word_1_299' title='bbox 1635 2701 1674 2745; x_wconf 80' lang='grc' dir='ltr'>ἦν</span> 
     </span>
     <span class='ocr_line' id='line_1_32' title="bbox 86 2746 1672 2794; baseline 0.001 -13"><span class='ocrx_word' id='word_1_300' title='bbox 86 2746 393 2792; x_wconf 78' lang='grc' dir='ltr'>ὅντως-σημαίνοι</span> <span class='ocrx_word' id='word_1_301' title='bbox 412 2749 621 2783; x_wconf 84' lang='lat' dir='ltr'>eThesauro</span> <span class='ocrx_word' id='word_1_302' title='bbox 635 2750 703 2794; x_wconf 82' lang='lat'>338</span> <span class='ocrx_word' id='word_1_303' title='bbox 722 2761 741 2783; x_wconf 81' lang='lat' dir='ltr'>a</span> <span class='ocrx_word' id='word_1_304' title='bbox 757 2750 804 2791; x_wconf 89' lang='lat' dir='ltr'>b.,</span> <span class='ocrx_word' id='word_1_305' title='bbox 820 2750 849 2783; x_wconf 84' lang='grc' dir='ltr'>εἷ</span> <span class='ocrx_word' id='word_1_306' title='bbox 866 2749 902 2783; x_wconf 80' lang='grc' dir='ltr'>δὲ</span> <span class='ocrx_word' id='word_1_307' title='bbox 921 2747 1251 2793; x_wconf 83' lang='grc' dir='ltr'>ζωοποιὸν-φὺσιν,</span> <span class='ocrx_word' id='word_1_308' title='bbox 1270 2750 1423 2782; x_wconf 83' lang='lat' dir='ltr'>maxima</span> <span class='ocrx_word' id='word_1_309' title='bbox 1440 2755 1537 2793; x_wconf 81' lang='lat' dir='ltr'>parte</span> <span class='ocrx_word' id='word_1_310' title='bbox 1557 2761 1574 2782; x_wconf 81' lang='lat' dir='ltr'>e</span> <span class='ocrx_word' id='word_1_311' title='bbox 1592 2749 1672 2782; x_wconf 81' lang='lat' dir='ltr'>dial.</span> 
     </span>
    </p>
   </div>
   <div class='ocr_carea' id='block_1_10' title="bbox 86 2794 1675 2933">
    <p class='ocr_par' dir='ltr' id='par_1_16' title="bbox 86 2794 1675 2933">
     <span class='ocr_line' id='line_1_33' title="bbox 86 2794 1675 2841; baseline 0.001 -14"><span class='ocrx_word' id='word_1_312' title='bbox 86 2794 144 2828; x_wconf 82' lang='lat' dir='ltr'>vii.</span> <span class='ocrx_word' id='word_1_313' title='bbox 163 2795 206 2828; x_wconf 85' lang='lat' dir='ltr'>ad</span> <span class='ocrx_word' id='word_1_314' title='bbox 226 2795 350 2830; x_wconf 76' lang='lat' dir='ltr'><strong>Herm,</strong></span> <span class='ocrx_word' id='word_1_315' title='bbox 369 2795 437 2839; x_wconf 78' lang='lat'>656</span> <span class='ocrx_word' id='word_1_316' title='bbox 455 2807 483 2835; x_wconf 85' lang='lat' dir='ltr'>a,</span> <span class='ocrx_word' id='word_1_317' title='bbox 503 2796 641 2829; x_wconf 81' lang='lat' dir='ltr'>exhibet</span> <span class='ocrx_word' id='word_1_318' title='bbox 660 2798 704 2830; x_wconf 92' lang='lat' dir='ltr'>A.</span> <span class='ocrx_word' id='word_1_319' title='bbox 874 2808 907 2841; x_wconf 90' lang='lat'>9.</span> <span class='ocrx_word' id='word_1_320' title='bbox 936 2795 1102 2829; x_wconf 86' lang='lat' dir='ltr'>Scholion</span> <span class='ocrx_word' id='word_1_321' title='bbox 1122 2795 1188 2828; x_wconf 83' lang='lat' dir='ltr'>hoc</span> <span class='ocrx_word' id='word_1_322' title='bbox 1207 2795 1300 2828; x_wconf 83' lang='lat' dir='ltr'>edidi</span> <span class='ocrx_word' id='word_1_323' title='bbox 1317 2806 1359 2828; x_wconf 83' lang='lat' dir='ltr'>ex</span> <span class='ocrx_word' id='word_1_324' title='bbox 1372 2795 1448 2839; x_wconf 88' lang='lat' dir='ltr'>Ap.</span> <span class='ocrx_word' id='word_1_325' title='bbox 1463 2806 1538 2836; x_wconf 80' lang='lat'>141.</span> <span class='ocrx_word' id='word_1_326' title='bbox 1590 2795 1675 2828; x_wconf 83' lang='lat' dir='ltr'><strong>Post</strong></span> 
     </span>
     <span class='ocr_line' id='line_1_34' title="bbox 88 2839 1674 2887; baseline 0.001 -15"><span class='ocrx_word' id='word_1_327' title='bbox 88 2839 172 2874; x_wconf 85' lang='lat' dir='ltr'>haec</span> <span class='ocrx_word' id='word_1_328' title='bbox 189 2842 309 2876; x_wconf 79' lang='grc' dir='ltr'>οὐκοῦν</span> <span class='ocrx_word' id='word_1_329' title='bbox 326 2842 354 2875; x_wconf 85' lang='grc' dir='ltr'>εἶ</span> <span class='ocrx_word' id='word_1_330' title='bbox 368 2840 494 2875; x_wconf 84' lang='grc' dir='ltr'>τὸ-ἂν</span> <span class='ocrx_word' id='word_1_331' title='bbox 511 2842 642 2886; x_wconf 84' lang='grc' dir='ltr'>γένοιτο</span> <span class='ocrx_word' id='word_1_332' title='bbox 656 2854 674 2876; x_wconf 83' lang='lat' dir='ltr'>e</span> <span class='ocrx_word' id='word_1_333' title='bbox 685 2842 867 2876; x_wconf 82' lang='lat' dir='ltr'>Thesauro</span> <span class='ocrx_word' id='word_1_334' title='bbox 879 2850 947 2887; x_wconf 84' lang='lat'>335</span> <span class='ocrx_word' id='word_1_335' title='bbox 958 2853 976 2875; x_wconf 88' lang='lat' dir='ltr'>e</span> <span class='ocrx_word' id='word_1_336' title='bbox 992 2841 1131 2875; x_wconf 85' lang='lat' dir='ltr'>exhibet</span> <span class='ocrx_word' id='word_1_337' title='bbox 1144 2842 1175 2874; x_wconf 89' lang='lat' dir='ltr'><strong>A</strong></span> <span class='ocrx_word' id='word_1_338' title='bbox 1191 2854 1224 2885; x_wconf 91' lang='lat' dir='ltr'>p.</span> <span class='ocrx_word' id='word_1_339' title='bbox 1242 2850 1318 2886; x_wconf 91' lang='lat'>147.</span> <span class='ocrx_word' id='word_1_340' title='bbox 1420 2842 1543 2885; x_wconf 79' lang='lat'>17—28.</span> <span class='ocrx_word' id='word_1_341' title='bbox 1564 2840 1674 2874; x_wconf 79' lang='lat' dir='ltr'>Scho-</span> 
     </span>
     <span class='ocr_line' id='line_1_35' title="bbox 89 2886 1675 2933; baseline 0.001 -14"><span class='ocrx_word' id='word_1_342' title='bbox 89 2886 161 2920; x_wconf 88' lang='lat' dir='ltr'>lion</span> <span class='ocrx_word' id='word_1_343' title='bbox 177 2887 243 2922; x_wconf 89' lang='lat' dir='ltr'>hoc</span> <span class='ocrx_word' id='word_1_344' title='bbox 261 2900 332 2923; x_wconf 89' lang='lat' dir='ltr'>non</span> <span class='ocrx_word' id='word_1_345' title='bbox 352 2888 493 2922; x_wconf 73' lang='lat' dir='ltr'>exhibet</span> <span class='ocrx_word' id='word_1_346' title='bbox 511 2889 556 2922; x_wconf 91' lang='lat' dir='ltr'>A.</span> <span class='ocrx_word' id='word_1_347' title='bbox 749 2900 802 2933; x_wconf 84' lang='lat'>17.</span> <span class='ocrx_word' id='word_1_348' title='bbox 830 2903 847 2922; x_wconf 90' lang='grc' dir='ltr'>κ</span> <span class='ocrx_word' id='word_1_349' title='bbox 865 2889 942 2923; x_wconf 70' lang='grc' dir='ltr'>ἄνευ</span> <span class='ocrx_word' id='word_1_350' title='bbox 964 2889 1069 2922; x_wconf 87' lang='grc' dir='ltr'>πόνου</span> <span class='ocrx_word' id='word_1_351' title='bbox 1087 2889 1227 2932; x_wconf 82' lang='lat' dir='ltr'><strong>supplet</strong></span> <span class='ocrx_word' id='word_1_352' title='bbox 1246 2888 1375 2929; x_wconf 78' lang='lat' dir='ltr'>Maius,</span> <span class='ocrx_word' id='word_1_353' title='bbox 1394 2888 1518 2921; x_wconf 81' lang='lat' dir='ltr'>lacuna</span> <span class='ocrx_word' id='word_1_354' title='bbox 1537 2893 1675 2930; x_wconf 83' lang='lat' dir='ltr'><strong>patente</strong></span> 
     </span>
    </p>
   </div>
   <div class='ocr_carea' id='block_1_11' title="bbox 91 2932 1673 2980">
    <p class='ocr_par' dir='ltr' id='par_1_17' title="bbox 91 2932 1673 2980">
     <span class='ocr_line' id='line_1_36' title="bbox 91 2932 1673 2980; baseline 0.001 -14"><span class='ocrx_word' id='word_1_355' title='bbox 91 2932 125 2966; x_wconf 84' lang='lat' dir='ltr'>in</span> <span class='ocrx_word' id='word_1_356' title='bbox 146 2933 233 2969; x_wconf 88' lang='lat' dir='ltr'>Cod.</span> <span class='ocrx_word' id='word_1_357' title='bbox 381 2936 434 2969; x_wconf 79' lang='lat'>18.</span> <span class='ocrx_word' id='word_1_358' title='bbox 459 2935 621 2980; x_wconf 87' lang='grc' dir='ltr'>μεγάλοις</span> <span class='ocrx_word' id='word_1_359' title='bbox 640 2934 682 2969; x_wconf 90' lang='grc' dir='ltr'>Β.</span> <span class='ocrx_word' id='word_1_360' title='bbox 747 2934 1028 2980; x_wconf 80' lang='grc' dir='ltr'>τῶν-ἀμήρυτος</span> <span class='ocrx_word' id='word_1_361' title='bbox 1046 2946 1115 2969; x_wconf 86' lang='lat' dir='ltr'>om.</span> <span class='ocrx_word' id='word_1_362' title='bbox 1135 2934 1193 2978; x_wconf 80' lang='lat' dir='ltr'>(ab</span> <span class='ocrx_word' id='word_1_363' title='bbox 1212 2948 1265 2970; x_wconf 83' lang='grc' dir='ltr'>-ος</span> <span class='ocrx_word' id='word_1_364' title='bbox 1283 2933 1325 2968; x_wconf 80' lang='lat' dir='ltr'>ad</span> <span class='ocrx_word' id='word_1_365' title='bbox 1345 2947 1396 2968; x_wconf 84' lang='grc' dir='ltr'>-ος</span> <span class='ocrx_word' id='word_1_366' title='bbox 1414 2933 1612 2968; x_wconf 80' lang='lat' dir='ltr'>transiliens</span> <span class='ocrx_word' id='word_1_367' title='bbox 1632 2933 1673 2967; x_wconf 89' lang='lat' dir='ltr'>B.</span> 
     </span>
    </p>
   </div>
  </div>
 </body>
</html>
