2012 3272
118 143 202 183 i.·6.
436 141 505 182 IN
545 141 887 183 EPISTOLAM
927 141 1010 182 AD
1054 142 1385 183 IIEBRAEOS.
1619 140 1703 182 373

1726 206 1820 250 [108
1838 203 1918 246 M.]

1642 247 1654 264 ἱ

117 249 316 321 Τοσούτῳ
364 253 558 318 κρείττων
596 249 820 319 γενόμενος
864 249 942 302 τῶν
980 253 1212 317 ἀγγέλων·
1267 249 1558 316 ἀσύγκριτον
1595 271 1704 315 γαρ,

119 337 310 397 μᾶλλον
336 332 383 383 δὲ
409 333 534 383 ἄλλο
561 333 707 383 ἐστίν·
762 332 893 382 ἀλλὰ
927 331 1045 399 πρὸς
1071 331 1158 396 τὴν
1184 332 1416 397 ε”νσαρκον
1441 330 1706 393 οἰκονομίαν

120 420 202 466 τοῦ
230 414 391 480 Λόγου
417 414 612 475 βλέπων
640 416 715 465 καὶ
746 412 832 477 τὴν
856 413 961 464 τότε
991 414 1246 479 γενομένην
1269 411 1379 479 παρ’
1408 413 1550 463 αὑτοῦ
1576 413 1703 462 οἶκο-

123 498 301 561 νομίαν,
320 495 529 561 ἠθέλησε
556 495 703 564 δεῖξαι
727 496 814 562 οὐχ
840 494 1000 559 ὅμοιον
1020 493 1134 546 εἶναι
1161 501 1328 546 τοῦτον
1349 499 1444 547 τοῖς
1463 493 1707 560 πρότερον,

81 587 103 624 5
123 578 198 630 ἵνα
242 578 343 648 ὅσῳ
393 582 452 646 τῇ
496 576 638 645 φύσει
691 576 898 645 διαφέρει
947 581 1042 627 τῶν
1084 575 1553 643 προαποσταλέντων
1595 573 1706 640 παρ’

123 661 277 722 αὐτοῦ,
304 659 519 729 τοσούτῳ
545 661 620 709 καὶ
646 658 794 710 πλέον
819 657 847 721 ἡ
875 657 1004 724 παρὰ
1030 659 1198 709 τούτου
1223 660 1298 709 καὶ
1326 657 1380 708 δι’
1408 658 1551 708 αὐτοῦ
1577 679 1710 722 γενο-

122 742 237 806 μένη
279 741 415 809 χάρις
457 742 678 807 κρείττων
722 742 804 804 τῆς
857 741 911 790 δι’
960 737 1180 805 ἀγγέλων
1221 740 1456 793 διακονίας
1503 738 1706 804 γένηται·

125 823 309 874 δούλων
348 821 432 887 μὲν
463 822 557 888 γὰρ
591 821 648 887 ἧν
679 823 891 873 ἀπαιτεῖν
929 821 1074 884 μόνον
1114 821 1221 875 τοὺς
1259 819 1480 886 καρποὺς,
1505 824 1624 871 Υἱοῦ
1662 818 1710 870 δὲ
1729 826 1906 900 {ibium

126 908 201 958 καὶ
239 906 474 957 δεσπότου
512 904 807 972 χαρίσασθαι
844 903 927 957 τὰς
967 903 1178 973 ὀφειλὰς,
1213 906 1288 954 καὶ
1327 907 1592 967 μεταθεῖναι
1629 899 1712 952 τὸν
1731 880 1869 962 11).’4ῗ’

61 1017 108 1042 10
127 991 400 1054 ἀμπελῶνα.

192 1068 341 1122 ’Έστι
375 1068 459 1134 μὲν
499 1070 580 1120 οὖν
618 1068 753 1120 ἱκανὰ
785 1073 931 1119 ταῦτα
957 1069 1243 1131 δυσωπῆσαι
1278 1066 1386 1122 τοὺς
1419 1066 1714 1135 μαχομένους
1731 1079 1815 1114 109
1838 1076 1902 1113 Μ.

126 1152 245 1219 πρὸς
271 1150 358 1217 τὴν
384 1151 620 1216 ἀλήθειαν·
661 1154 698 1202 εὶ
725 1151 763 1201 δ’
787 1150 858 1201 ὅτι
885 1150 1150 1216 γε’γραπται
1171 1147 1397 1218 Γενόμενος
1425 1153 1638 1218 κρείττων,
1659 1147 1714 1200 τό

129 1234 384 1298 Γενόμενος
411 1234 465 1284 οὐ
498 1232 736 1295 θέλουσιν,
763 1234 824 1286 ὡς
858 1234 964 1298 περὶ
989 1235 1107 1282 Υὶοῦ
1133 1229 1404 1297 λεγόμενον,
1434 1231 1542 1282 ἰ’σον
1569 1233 1710 1281 ἀκοῦ-

129 1340 214 1367 σαι
252 1320 318 1385 τῷ
341 1317 523 1377 Ἐστὶν,
549 1314 577 1380 ἢ
606 1313 680 1365 διὰ
711 1313 765 1364 τὸ
804 1314 1026 1380 γενέσθαι
1064 1312 1150 1377 τὴν
1176 1313 1371 1379 κρείττω
1398 1313 1635 1364 διακονίαν
1660 1311 1715 1363 τό

64 1416 111 1455 15
132 1398 387 1462 Γενόμενος
419 1402 586 1459 λαβεῖν
612 1398 688 1448 καὶ
724 1401 842 1447 νοεῖν
869 1397 931 1449 ὡς
965 1395 1168 1458 εἴπομεν,
1200 1394 1332 1445 ἀλλὰ
1365 1395 1633 1461 νομίζουσιν
1666 1395 1716 1445 ἐκ

131 1480 304 1545 ταύτης
337 1483 420 1544 τῆς
443 1479 618 1548 λέξεως
643 1477 840 1544 γενητὸν
866 1479 1081 1544 εἰρῆσθαι
1105 1474 1188 1527 τὸν
1215 1474 1389 1541 Λόγον,
1417 1476 1717 1527 ἀκουέτωσαν

130 1561 278 1614 πάλιν
318 1566 376 1612 ΕΖ
413 1561 497 1625 μὲν
535 1562 585 1611 ἐκ
618 1564 713 1611 τῶν
747 1558 968 1625 ἀγγέλων
1003 1560 1134 1609 ἐστὶν
1159 1559 1184 1609 ὁ
1211 1556 1339 1620 Υἱὸς,
1366 1558 1490 1609 ε”στω
1529 1560 1605 1609 καὶ
1646 1559 1715 1609 ἐπ’

133 1644 275 1695 αὐτοῦ
303 1646 364 1697 ὡς
384 1644 452 1694 ἐπ’
474 1643 658 1693 ἐκείνων
682 1640 736 1692 τό
755 1639 995 1709 Γενόμενος·
1038 1642 1113 1691 καὶ
1139 1639 1283 1704 μηδὲν
1309 1640 1463 1690 αὐτῶν
1488 1638 1608 1691 κατὰ
1633 1638 1719 1703 τὴν

133 1725 284 1793 φύσιν
308 1724 579 1794 διαφερέτω,
604 1722 715 1774 ἀλλ’
743 1723 966 1774 ἔστωσαν
998 1721 1025 1788 ἢ
1064 1724 1140 1773 καὶ
1166 1723 1298 1773 αὐτοὶ
1329 1723 1431 1784 υἱοὶ,
1456 1720 1484 1786 ἢ
1513 1724 1719 1774 κάκεῖνος

67 1826 116 1851 20
135 1807 356 1875 ἄγγελος·
420 1807 496 1857 καὶ
540 1809 671 1874 κοινῇ
709 1804 881 1858 πάντες
925 1803 1292 1870 καθεζέσθωσαν
1333 1805 1384 1854 ἐκ
1429 1803 1594 1872 δεξιῶν
1637 1807 1721 1854 τοῦ

138 1889 342 1956 Πατρὸς,
375 1888 403 1954 ὴ
443 1886 560 1952 μετὰ
595 1887 786 1940 πάντων
825 1889 900 1938 καὶ
940 1888 965 1938 ὁ
990 1886 1104 1940 Υἱὸς
1142 1884 1480 1953 παρεστηκέτω
1515 1886 1578 1939 ὡς
1617 1891 1716 1935 λει-

137 1969 384 2038 τουργικὸν
421 1976 605 2034 πνεῦμα
641 1973 705 2024 εἷς
743 1969 973 2022 διακονίας
1011 1966 1431 2030 ἀποστελλόμενος
1470 1968 1545 2018 καὶ
1584 1965 1723 2020 αὐτὸς

136 2052 221 2106 τὰς
247 2052 408 2117 ὁμοίας
434 2053 633 2103 ἐκείνων·
687 2054 726 2102 εὶ
764 2049 813 2102 δὲ
852 2052 1066 2115 διίστησι
1096 2049 1180 2101 τὸν
1204 2048 1322 2100 Υἱὸν
1346 2049 1371 2100 ὁ
1399 2052 1597 2103 Παῦλος
1628 2047 1723 2100 ἀπὸ

138 2140 233 2186 τῶν
258 2138 466 2201 γενητῶν
492 2133 646 2199 λε’γων
678 2140 704 2163 “
724 2133 832 2184 Τίνι
858 2132 951 2199 γὰρ
978 2131 1081 2184 εἶπέ
1099 2154 1215 2183 ποτε
1240 2135 1335 2182 τῶν
1362 2129 1585 2197 ἀγγέλων
1610 2128 1723 2184 Υἱός
1742 2150 1809 2172 ver.
1826 2147 1856 2181 5·

72 2231 121 2270 25
141 2225 167 2248 ‘⁶
193 2240 286 2282 μου
325 2214 367 2268 εἷ
402 2214 480 2279 σὺ,
508 2213 602 2281 ἐγὼ
628 2214 839 2280 σήμερον
864 2212 1121 2280 γεγέννηκά
1160 2236 1218 2263 σε
1237 2234 1250 2275 ;
1300 2214 1377 2263 καὶ
1413 2211 1560 2263 πάλιν
1592 2211 1724 2278 Ἐγὼ

141 2306 168 2329 “
195 2299 364 2364 ε”σομαι
391 2299 516 2368 αὐτῷ
541 2301 603 2350 εὶς
628 2296 810 2363 πατέρα
836 2296 911 2347 καὶ
938 2294 1077 2349 αὐτὸς
1104 2294 1239 2345 ἔσται
1263 2316 1343 2358 μοι
1369 2296 1430 2348 εἷς
1456 2293 1553 2345 υἱόν
1564 2294 1609 2344 ”.
1636 2334 1646 2344 .
1675 2335 1684 2344 .

398 2460 537 2502 ’Ὅταν
570 2458 616 2501 δὲ
654 2459 784 2500 Πάλιν
822 2455 1026 2516 εἰσαΓάΓῌ
1056 2457 1129 2499 τὸν
1168 2457 1461 2514 Πρωτότοκον.
1749 2458 1771 2493 6

220 2577 490 2644 Πρωτὸτοκον
517 2573 565 2625 δὲ
597 2572 738 2625 αὐτόν
764 2577 916 2642 φησιν
943 2573 1030 2640 οὐχ
1056 2574 1117 2625 ὡς
1145 2572 1297 2640 φασὶν
1323 2573 1365 2622 οἱ
1390 2569 1449 2621 τὰ
1476 2568 1596 2636 ὀρθὰ
1621 2571 1726 2620 δια-

193 2716 227 2752 5.
253 2705 408 2751 διαφέρει
425 2707 464 2749 τῇ
483 2704 591 2751 φύσει
608 2705 747 2738 inverso
765 2703 887 2738 ordine
904 2715 936 2739 a.
1156 2703 1190 2738 8.
1216 2701 1348 2737 δούλων
1367 2712 1397 2735 a.
1416 2700 1540 2734 δοῦλον
1558 2699 1618 2733 Cr.
1635 2698 1731 2733 unde

147 2759 181 2788 et
199 2753 329 2787 Maius.
534 2763 566 2795 9.
592 2751 782 2795 μεταθεῖναι
800 2762 830 2785 a.
847 2749 1028 2794 μεταθῆναι
1046 2748 1114 2784 Ed.
1320 2757 1374 2782 12.
1401 2747 1560 2792 κρείττων
1575 2747 1614 2780 τό
1633 2746 1731 2779 Γενό-

147 2815 246 2844 μενος
262 2810 332 2833 om.
352 2797 420 2832 Ed,
437 2797 556 2832 invitis
574 2797 642 2832 a.b.
795 2798 898 2841 28—p.
910 2805 990 2841 374,
1009 2807 1042 2830 2.
1065 2795 1146 2830 Hoc
1164 2793 1323 2828 scholion
1340 2793 1457 2833 breve,
1476 2798 1508 2826 et
1526 2792 1641 2826 adhuc
1659 2802 1730 2824 non

149 2846 302 2886 finitum,
321 2856 362 2878 ex
382 2844 430 2878 H.
449 2855 541 2877 anno
562 2844 650 2888 1859
668 2843 954 2883 transcribebam‚
976 2847 1118 2888 propter
1142 2848 1260 2875 autem
1283 2839 1448 2874 morbum
1473 2838 1631 2872 febrilem
1654 2843 1731 2870 tum

149 2892 186 2926 id
212 2897 289 2926 tum
316 2891 386 2925 duo
411 2891 518 2924 triave
545 2902 632 2935 quae
656 2890 835 2924 restabant
860 2889 958 2923 finire
983 2888 1069 2922 mihi
1094 2899 1167 2923 non
1192 2897 1412 2922 concessum.
1456 2885 1531 2919 Nec
1561 2894 1664 2928 opem
1686 2881 1731 2917 ad

150 2938 218 2973 hoc
235 2938 394 2973 scholion
413 2936 630 2982 implendum
649 2935 752 2981 (folio
769 2936 919 2981 amisso)
936 2935 1002 2970 fert
1020 2947 1050 2970 e.
