2017 3252
93 204 181 245 [109
195 205 244 235 M.
265 205 279 245 ]

313 141 396 180 462
748 139 797 178 B.
832 138 1078 179 CYRILLI
1114 139 1463 180 ALEXANDR.

312 247 440 298 θείαν
464 248 538 297 καὶ
574 246 796 298 ἀνωτάτω
833 247 995 314 φύσιν,
1022 246 1137 310 μηδὲ
1174 249 1223 297 ἐν
1248 246 1426 301 τούτοις
1465 245 1578 297 εἶναι
1618 244 1811 311 νομίζειν
1845 246 1894 295 ἐν

309 327 378 381 οἷς
416 330 545 379 ἐστιν
580 327 607 391 ἡ
644 329 825 388 κτίσις;
868 329 1033 378 οὐκοῦν
1067 331 1105 378 εἰ
1140 329 1318 391 κτίσμα
1355 328 1409 379 τὸ
1443 327 1676 394 γεννηθὲν,
1704 327 1894 380 κτιστὸς

308 409 399 475 ἄρα
440 411 515 460 καὶ
558 411 582 459 ὁ
624 410 786 460 τεκών·
828 411 938 459 ἀλλ’
978 409 1110 460 ἔστιν
1151 410 1374 474 ἀγένητος
1419 411 1443 459 ὁ
1482 409 1664 474 Πατὴρ,
1703 409 1757 459 οὐ
1801 407 1894 474 γὰρ

307 490 468 556 γέγονε
495 490 625 557 παρά
663 514 799 553 τινος,
828 491 1050 556 ἀγὲνητος
1078 491 1168 556 ἄρα
1202 493 1277 541 καὶ
1303 492 1327 541 ὁ
1353 489 1483 545 Υἱός·
1527 493 1602 542 καὶ
1638 494 1674 541 εὶ
1709 512 1887 556 χαρακ-

306 571 394 637 τήρ
426 574 528 622 ἐστι
570 575 652 635 τῆς
688 571 999 625 ὑποστάσεως
1040 579 1122 622 τοῦ
1164 572 1508 638 γεγεννηκότος,
1537 571 1656 625 Θεὸς
1691 571 1739 622 δὲ
1774 569 1892 622 κατὰ
1915 585 1937 622 5

307 651 530 717 ἀλήθειάν
568 655 699 704 ἐστιν
738 655 762 704 ὁ
801 653 960 715 τεκὼν,
989 653 1110 707 Θεὸς
1148 653 1240 719 ἄρα
1278 656 1351 704 καὶ
1391 655 1414 704 ὁ
1454 653 1694 721 χαρακτὴρ
1733 654 1889 703 αὐτοῦ·

307 734 629 802 χαρακτηρίζει
659 734 766 801 γὰρ,
794 734 918 786 Θεὸν
952 735 1036 799 μὲν
1063 733 1199 797 Θεὸς,
1227 737 1382 786 κτίσιν
1421 735 1468 786 δὲ
1507 736 1674 789 κτίσις.
1729 733 1892 800 ὥσπερ

308 816 401 882 γὰρ
443 817 485 867 εἴ
522 839 591 870 τις
631 817 856 877 βούλοιτο
899 816 984 880 τὴν
1023 816 1222 882 γενητὴν
1266 819 1340 866 καὶ
1385 816 1700 881 πεποιημένην
1739 817 1892 867 κτίσιν

308 899 580 967 καταδεῖξαί
609 921 749 958 τισιν,
773 900 826 948 οὐ
853 898 1043 949 δύναται
1083 898 1238 962 λέγειν
1265 897 1396 963 ‘'Opa
1434 922 1512 963 μοι
1551 898 1635 960 τὴν
1666 901 1747 962 τῆς
1783 900 1885 948 θεό-

254 1006 256 1009 ’
307 1003 445 1043 τητος
473 980 635 1047 φύσιν,
663 982 736 1030 καὶ
773 982 820 1030 ἐκ
857 979 1027 1044 ταύτης
1063 979 1246 1043 νοήσεις
1273 981 1463 1044 ἐκείνην·
1507 980 1771 1049 ὀφθήσεται
1799 979 1890 1046 γὰρ
1914 1001 1962 1026 10

85 1328 116 1357 S.
131 1328 230 1357 Joan.

86 1371 150 1401 xiv.
166 1381 196 1411 9.

85 1651 158 1684 110
181 1649 242 1685 Μ.

87 1772 103 1792 e
113 1762 206 1793 Maio
219 1773 229 1793 1
239 1771 288 1794 10.

307 1061 490 1124 ἀμαθὴς
529 1063 553 1111 ὁ
591 1067 730 1111 τοῦτο
768 1062 938 1127 λέγων·
980 1063 1034 1111 οὐ
1072 1061 1164 1127 γὰρ
1201 1062 1227 1125 ἡ
1267 1065 1348 1125 τῆς
1385 1061 1600 1126 θεότητος
1636 1062 1781 1129 φύσις
1816 1062 1888 1128 ἐφ’

307 1145 446 1210 ἑαυτῇ
474 1143 731 1211 καταδείξει
756 1143 841 1206 τὴν
865 1142 1064 1207 γενητὴν
1090 1144 1272 1193 οὐσίαν·
1315 1145 1461 1197 οὕτως
1499 1144 1540 1194 εἴ
1568 1167 1636 1196 τις
1666 1143 1889 1204 βούλοιτο

306 1223 392 1288 τὴν
418 1225 644 1275 οἴκτιστον
671 1224 819 1292 φύσιν
847 1228 968 1286 ἰδεῖν,
997 1226 1079 1275 οὐκ
1107 1223 1163 1275 ἂν
1190 1225 1276 1275 ’ίδοι
1306 1224 1480 1288 ταύτην
1508 1227 1568 1278 ὡς
1595 1227 1641 1275 ἐν
1668 1225 1805 1275 εἰκόνι
1831 1229 1888 1292 τῇ

307 1306 470 1356 κτίσει·
515 1305 585 1356 διὸ
626 1305 761 1372 ’ἔλεγε
796 1310 861 1374 τῷ
889 1308 1116 1375 Φιλίππῳ
1153 1308 1176 1356 ὁ
1215 1306 1387 1372 Κύριος
1417 1314 1444 1335 “
1470 1307 1532 1357 ‘O
1560 1306 1772 1373 ἑωρακὼς
1810 1306 1887 1370 ἐμὲ

308 1395 334 1417 “
361 1388 531 1453 ἑώρακε
563 1387 643 1438 τὸν
673 1387 903 1454 Πατέρα·”
946 1388 1124 1457 φυσικὴ
1164 1388 1210 1438 δὲ
1249 1387 1436 1442 πάντως
1474 1389 1502 1452 ἡ
1541 1387 1757 1452 ὁμοιότης
1787 1391 1887 1456 Υἱῴ
1910 1402 1958 1440 15

306 1468 424 1535 πρὸς
450 1469 531 1520 τὸν
562 1470 750 1536 Πατέρα
777 1472 850 1520 καὶ
878 1470 1108 1534 οὐσιώδης
1135 1471 1158 1519 ὁ
1185 1469 1441 1537 χαρακτήρ.

1051 1636 1144 1684 VI.

379 1754 529 1821 “Ορᾷς
575 1752 644 1803 ὅτι
691 1751 812 1805 Θεὸς
850 1752 1026 1819 χρίεται
1065 1751 1194 1816 παρὰ
1234 1755 1359 1802 Θεοῦ
1381 1774 1392 1813 ;
1450 1751 1525 1802 ὅτε
1563 1750 1656 1817 γὰρ
1694 1751 1887 1816 γε’γονεν

306 1834 551 1900 ἄνθρωπος
589 1832 854 1898 μεμενηκὼς
894 1833 1006 1899 ὅπερ
1044 1831 1113 1896 ἧν,
1153 1832 1257 1884 τότε
1296 1836 1370 1884 καὶ
1410 1834 1515 1883 καθ’
1549 1835 1668 1897 ἡμᾶς
1707 1836 1887 1898 ἀνθρω-

305 1917 449 1969 πίνως
483 1916 658 1983 χρίεται
691 1915 809 1980 πρὸς
842 1914 1137 1979 ἀποστολήν·
1191 1915 1365 1982 χρίεται
1400 1914 1547 1982 γὰρὴ
1582 1915 1886 1981 ἀνθρωπότης
1907 1952 1956 1975 20

307 1999 373 2066 τῷ
412 1998 520 2066 θείῳ
550 1996 802 2059 Πνεύματι,
839 1999 920 2048 οὐκ
955 1999 1201 2062 ἐνεργεῖται
1243 1996 1450 2063 καθάπερ
1489 1999 1560 2048 ἐπὶ
1600 2002 1694 2047 τῶν
1724 2000 1886 2065 ψιλῶν

307 2078 581 2145 ἀνθρώπων,
628 2078 724 2129 οἷον
765 2084 1024 2146 προφητῶν
1070 2083 1390 2145 πατριαρχῶν·
1461 2079 1616 2146 χρίσις
1662 2079 1716 2129 δέ
1756 2081 1885 2129 ἐστιν

306 2160 404 2212 οἷον
443 2161 533 2224 ὅλη
572 2166 654 2211 τοῦ
691 2161 903 2227 χρίοντος
936 2162 963 2224 ἡ
995 2160 1248 2227 παρουσία·
1304 2161 1483 2227 χρίεται
1522 2160 1570 2211 δὲ
1609 2161 1634 2210 ὁ
1659 2159 1773 2213 Υἱὸς
1809 2160 1885 2210 ὅτε

305 2246 366 2296 εἷς
404 2241 489 2306 τὴν
527 2244 795 2306 οἰκουμένην
826 2241 1038 2309 εἰσήχθη,
1071 2242 1313 2292 τουτέστιν
1344 2241 1420 2293 ὅτε
1457 2241 1722 2307 ἐσαρκώθη·
1778 2240 1884 2291 τότε

305 2323 398 2389 γὰρ
437 2323 713 2388 ἐκοινώνησε
752 2328 808 2391 τῇ
842 2323 1004 2386 κτίσει,
1047 2323 1226 2376 ἑνώσας
1265 2325 1412 2392 ἑαυτῷ
1455 2322 1508 2373 τὸ
1555 2322 1760 2383 κτιστὸν,
1808 2323 1882 2372 καὶ
1905 2349 1952 2386 25

307 2407 477 2470 χρίσας
528 2405 613 2469 τὴν
663 2403 1003 2472 ἀνθρωπότητα
1051 2407 1109 2472 τῇ
1161 2403 1355 2468 θεότητι,
1406 2403 1529 2455 ὥστε
1577 2407 1775 2469 ποιῆσαι
1824 2404 1884 2456 τὰ

306 2486 551 2553 ἀμφότερα
589 2486 649 2537 ἕν.

357 2640 410 2674 18.
436 2651 477 2673 ex
496 2651 526 2673 a.
545 2645 578 2673 et
596 2640 618 2673 b
636 2640 696 2674 fol.
719 2651 781 2681 114
799 2652 832 2674 v.
876 2640 1005 2673 Partim
1032 2639 1170 2673 exhibet
1191 2645 1224 2672 et
1243 2638 1480 2673 oecumenius
1499 2638 1581 2680 (Ed.
1600 2644 1632 2672 et
1650 2638 1802 2682 codices)
1820 2638 1883 2672 ho-

305 2686 435 2720 miliam
453 2692 569 2719 tamen
594 2698 665 2719 nou
688 2698 898 2726 memorans,
917 2688 956 2720 τό
976 2689 1040 2719 Σοῦ
1066 2687 1119 2719 διὰ
1142 2686 1201 2728 τὴν
1221 2687 1341 2727 σάρκα·
1376 2686 1507 2729 χρίεται
1532 2687 1597 2729 γὰρ
1624 2685 1641 2728 ἡ
1667 2685 1884 2729 ἀνθρωπότης

305 2734 352 2778 τῴ
369 2733 452 2780 ἁγίῳ
470 2732 643 2776 πνεύματι,
662 2733 721 2766 οὐκ
739 2733 922 2777 ἐνεργεῖται
940 2733 975 2765 δὲ
994 2733 1142 2777 καθάπερ
1160 2733 1215 2766 ἐπὶ
1235 2733 1531 2776 τῶν-παρουσία.
1568 2731 1671 2766 οὕτως
1688 2734 1706 2765 ὁ
1724 2733 1759 2766 ἐν
1775 2732 1883 2777 ἁγίοις

307 2778 487 2822 Κύριλλος.
661 2791 715 2813 21.
743 2778 942 2823 ἐνεργεῖται]
970 2785 1000 2817 ·{-
1029 2780 1063 2812 δέ
1085 2779 1168 2811 Mai.
1187 2790 1227 2811 ex
1249 2778 1453 2812 Oecumenii
1472 2778 1538 2812 Ed.
1557 2778 1672 2812 invitis
1691 2778 1758 2812 a.b.
1778 2778 1881 2813 codd.

307 2825 511 2859 Oecumenii
525 2825 649 2867 tribus,
667 2838 792 2870 nempe
808 2825 1031 2859 Med.-Laur.
1042 2825 1134 2858 Plut.
1150 2837 1182 2858 x.
1198 2825 1229 2857 6.
1250 2836 1317 2859 sec.
1331 2837 1378 2864 x.,
1399 2824 1489 2858 Plut.
1507 2825 1613 2859 ix.10.
1626 2837 1693 2859 sec.
1705 2825 1764 2865 xi„
1783 2837 1880 2870 prae—

305 2878 427 2916 terque
444 2884 527 2906 uno.
808 2884 862 2907 22.
889 2872 1004 2917 χρίσις
1022 2871 1060 2905 δέ
1076 2872 1170 2905 ἐστιν
1188 2871 1273 2904 Mai.
1291 2883 1332 2904 ex
1353 2871 1500 2905 Oecum.
1519 2872 1572 2905 καὶ
1589 2872 1664 2906 ἔστι
1680 2872 1795 2916 χρίσις
1812 2871 1881 2907 a.b.

307 2929 359 2962 23.
388 2918 404 2961 ἡ
424 2926 644 2963 assumptum
664 2931 703 2952 ex
722 2918 789 2953 ab.
935 2928 988 2961 25.
1016 2918 1123 2953 κτίσει
1141 2929 1158 2951 e
1177 2917 1198 2951 b
1219 2917 1302 2953 Mai.
1321 2916 1426 2962 φύσει
1445 2930 1474 2951 a.
