2017 3252
88 689 120 720 S.
134 689 233 719 Joan.
249 688 284 720 ii.

91 740 140 773 19.

307 161 390 200 442
800 158 876 199 DE
909 157 1296 198 FRAGMENTIS
1331 157 1399 197 IN

307 270 468 316 οὐρανίων
485 269 618 314 μέθεξιν
636 268 778 316 ἀγαθῶν.
819 269 862 304 ὡς
889 270 955 314 γὰρ
984 270 1088 316 ἑαυτῷ
1117 267 1275 302 δεδόσθαι
1302 268 1401 313 φησὶ,
1422 268 1462 311 τῇ
1491 268 1550 301 τοῦ
1578 266 1754 312 ἀνθρώπου
1781 264 1887 311 φύσει

307 334 498 380 προσνέμει,
519 335 590 369 ἐπεὶ
608 337 678 369 πῶς
696 337 735 377 τῇ
755 337 814 367 τοῦ
834 333 1010 378 ἀνθρώπου
1029 333 1177 378 πτωχείᾳ
1195 330 1471 375 πεπλουτήκαμεν
1485 344 1495 376 ,·

723 431 746 455 a
764 418 828 455 fOl-
855 420 913 454 28.
944 418 981 453 ὃν
1000 421 1017 452 ὁ
1038 420 1122 454 Θεὸς
1139 421 1270 465 ἤγειρεν
1289 417 1324 451 ἐκ
1343 421 1470 463 νεκρῶν.

356 495 434 530 ‘'o-n
459 496 494 530 δέ
520 497 539 529 ὁ
562 494 672 541 πατὴρ
692 495 726 528 ἐκ
752 497 873 539 νεκρῶν
890 493 1080 538 ἀναστῆσαι
1103 493 1237 540 λέγεται
1259 494 1316 528 τὸν
1334 492 1455 539 Κύριον
1473 493 1563 537 ἡμῶν
1579 491 1713 536 Ἰησοῦν
1731 491 1890 536 Χριστὸν,

311 560 546 607 ἐνεργουμένου
567 560 721 603 δηλονότι
744 559 820 604 περὶ
844 557 904 602 τὴν
923 558 1032 604 σάρκα
1057 558 1158 592 αὐτοῦ
1184 559 1243 592 τοῦ
1269 559 1474 603 πράγματος,
1494 558 1552 591 οὐκ
1572 557 1611 590 ἂν
1629 555 1812 590 ἐνδοιάσειέ
1829 569 1889 598 τις,

312 625 409 660 αὐτός
427 639 463 658 τε
483 624 642 670 ὑπάρχων
660 623 678 666 ἡ
700 623 858 665 ζωοποιός
877 637 914 656 τε
933 623 986 656 καὶ
1004 621 1138 667 ἐνεργὴς
1157 621 1291 665 δύναμις
1310 624 1369 655 τοῦ
1388 622 1532 666 Πατρὸς,
1544 621 1602 654 τὸν
1619 619 1702 655 ’ίδιον
1720 619 1891 662 ε’ζωοποίει

313 689 390 723 ναὸν
409 689 490 722 κατὰ
509 690 547 722 τό
567 689 589 705 “
603 686 736 721 Λύσατε
755 688 813 721 τὸν
830 687 908 721 ναὸν
925 688 1043 720 τοῦτον
1061 686 1113 720 καὶ
1139 686 1174 720 ἐν
1192 686 1303 731 τρίσιν
1321 684 1455 731 ἡμέραις
1475 685 1579 731 ἐγερῶ
1602 683 1732 718 αὐτόν.”
1764 682 1809 726 ἢν
1827 682 1891 727 ι’ίρα

311 754 350 787 τὸ
371 751 633 796 ζωοποιοὺμενον
652 752 710 785 οὐκ
729 751 921 797 ἀλλότριον,
941 752 1017 784 οὔτε
1035 750 1100 794 μὴν
1120 751 1191 786 ἑνὸς
1209 753 1274 785 τῶν
1293 749 1368 784 καθ’
1389 750 1474 794 ἡμᾶς
1499 749 1691 794 ἀνθρώπων,
1712 747 1788 781 ἀλλ’
1807 745 1893 781 ’ίδιον

311 818 413 851 αὐτοῦ
433 818 492 850 τοῦ
512 817 621 862 Λόγου
641 819 748 859 σῶμα.

330 914 352 938 a
370 901 431 938 fol.
457 914 498 949 3¹
521 914 556 938 v.
587 901 676 938 Sine
696 900 850 937 nomine
870 900 935 937 sed
954 902 1115 947 κυρίλλου
1135 901 1210 947 ἀρχ.
1233 897 1466 946 ἀλεξανὸρείας
1485 898 1640 935 exhibet
1659 897 1738 935 cod.
1759 896 1871 935 Coisl.

651 965 757 1002 deest
776 965 815 1001 in
835 964 973 1014 Migne.
997 965 1214 1011 συνήχθησαν
1231 966 1296 1012 γὰρ
1316 965 1365 1000 ἐπ’
1385 964 1551 1008 ἀληθείας.

368 1044 441 1088 Οὐχ
469 1041 522 1077 ἵνα
546 1057 578 1076 τι
596 1045 662 1076 τῶν
687 1042 871 1088 ἀναγκαίων
898 1043 945 1078 εἷς
974 1041 1089 1085 ὅνησιν
1117 1042 1162 1077 εἷς
1189 1042 1292 1087 πέρας
1319 1040 1492 1087 ἀγάγωσιν
1519 1039 1595 1074 ἀλλ’
1619 1038 1671 1075 ἵνα
1700 1037 1894 1084 ἐμπαροινή-

313 1123 433 1143 σαντες
459 1110 506 1155 τῷ
531 1109 669 1154 Χριστῷ
697 1109 755 1141 τοῦ
782 1106 916 1153 Κυρίου,
936 1106 1092 1141 τουτέστι
1120 1109 1178 1140 τοῦ
1198 1108 1285 1140 Θεοῦ
1314 1106 1367 1140 καὶ
1392 1106 1537 1152 Πατρὸς,
1558 1105 1650 1139 κακοὶ
1678 1106 1783 1139 κακῶς
1809 1103 1893 1138 ἀπό-

311 1174 424 1207 λοιντο
444 1173 496 1207 καὶ
513 1173 573 1208 τὰς
592 1173 650 1216 τῆς
668 1172 890 1218 κυριοκτονίας
909 1171 1156 1215 ἐξαπαιτηθεῖεν
1175 1171 1274 1207 δίκας.

563 1270 585 1293 a
604 1256 667 1293 fol.
690 1269 735 1302 41
761 1269 796 1293 V.
819 1256 962 1303 ’Ἄνδρες
980 1257 1126 1303 ἀδελφοὶ
1144 1258 1197 1291 καὶ
1215 1256 1354 1303 πατέρες
1372 1255 1538 1290 ἀκούσατέ
1557 1270 1634 1299 μου.

365 1334 620 1379 Ἑτοιμάζεσθαι
652 1333 778 1368 κελεύει
809 1334 893 1379 πρὸς
926 1334 965 1367 τὸ
997 1332 1124 1377 εὐήνιον
1153 1333 1205 1366 καὶ
1236 1332 1415 1377 μονονουχὶ
1444 1332 1697 1367 κατακλίνοντας
1730 1332 1768 1365 τὸ
1797 1331 1896 1365 ὠτίον

313 1399 461 1434 συνιέναι
488 1400 621 1434 λεπτῶς
647 1401 713 1433 τῶν
742 1398 839 1433 θείων
866 1399 980 1444 λόγων
1007 1398 1066 1442 τὴν
1091 1397 1239 1442 δύναμιν.

367 1497 390 1521 a
409 1483 470 1520 fol.
495 1496 555 1529 42.
580 1484 699 1530 ’Άθρει
718 1484 757 1528 δὴ
777 1483 1063 1520 οὖν-πλουσίως
1081 1485 1282 1529 μεταλαχεῖν
1300 1495 1320 1519 e
1340 1481 1437 1517 libro
1457 1480 1581 1530 primo
1601 1480 1647 1518 de
1662 1479 1896 1517 Adorafflone

314 1561 350 1597 p.
376 1560 421 1584 22
443 1561 465 1584 a
484 1547 738 1596 desumptum.

368 1647 391 1671 a
410 1634 473 1671 fol.
496 1643 556 1681 45.
586 1636 849 1682 Τοιγάρτοι-οἱ
866 1635 1008 1681 πατέρες
1026 1647 1045 1671 e
1066 1633 1200 1683 Glaph.
1227 1643 1302 1680 254
1318 1633 1343 1670 b
1363 1634 1617 1682 desumptum.

369 1722 391 1746 a
410 1709 473 1746 fol.
498 1718 548 1757 45
567 1723 601 1747 v.
623 1709 675 1745 *H
695 1712 760 1758 γὰρ
780 1711 1052 1757 οὐχὶ-κένωσιν
1073 1723 1092 1747 e
1113 1710 1251 1759 Glaph.
1276 1720 1349 1758 253
1367 1724 1386 1747 e
1406 1710 1662 1759 desumptum.

370 1798 392 1822 a
410 1785 473 1821 fol.
497 1787 559 1831 46.
588 1785 1018 1832 Ἐνεκαλεῖτο-δαιμονῶν
1036 1798 1056 1823 e
1075 1784 1213 1835 Glaph.
1237 1796 1310 1833 255
1328 1786 1353 1822 d
1373 1786 1628 1835 desumptum.

371 1872 392 1896 a
411 1859 473 1897 fol.
494 1860 638 1898 eodem.
669 1861 1183 1909 Μετακεχώρηκεν-γαλιλαίαν
1203 1859 1350 1912 (Migne
1373 1859 1696 1911 praetermissum)
1718 1873 1737 1897 e
1758 1860 1894 1909 Glaph.

322 1932 393 1971 257
411 1924 435 1961 b
455 1924 707 1974 desumptum.

373 2012 395 2036 a
414 1999 477 2036 fol.
501 2001 550 2046 46
566 2014 601 2038 v.
623 2001 979 2048 ’Άθρει-ἐπίγνωσιν
997 2014 1016 2038 e
1036 1999 1172 2050 Glaph.
1198 2010 1270 2050 297
1288 2001 1313 2038 b
1334 2000 1590 2050 desumptum.

373 2087 395 2110 a
414 2074 475 2111 fol.
499 2084 559 2123 47.
590 2079 798 2123 Νεκρότητός
816 2076 1013 2123 τε-ῥῦπον
1032 2090 1051 2114 e
1071 2076 1208 2126 Glaph.
1235 2077 1309 2125 263
1327 2089 1346 2113 e
1365 2077 1621 2125 desumptum.

428 2174 450 2197 a
468 2160 527 2198 fol.
553 2170 600 2210 47
623 2175 655 2199 v.
688 2161 778 2200 Sine
797 2162 959 2207 nomine,
980 2164 1081 2200 unde
1100 2163 1231 2213 Migne
1249 2163 1569 2212 praetermissum.
1611 2167 1677 2198 Τοῦ
1696 2165 1794 2211 ἁγίου

692 2240 852 2285 κυρίλλου
872 2238 952 2276 cod.
973 2238 1084 2276 Coisl.
1107 2240 1202 2276 οὗτός
1220 2241 1314 2275 ἐστιν
1333 2242 1351 2275 ὁ
1371 2242 1528 2284 Μωυσῆς.

376 2315 620 2359 Προαναφωνεῖ
648 2315 715 2360 γὰρ
746 2316 851 2350 πάλαι
882 2315 942 2359 τὴν
972 2318 1031 2349 τοῦ
1064 2315 1148 2350 ἰδίου
1180 2315 1379 2362 γεννήματος
1411 2315 1660 2361 ἐνανθρώπησιν
1687 2317 1705 2349 ὁ
1734 2315 1817 2350 Θεὸς
1849 2315 1903 2348 καὶ

322 2378 449 2422 Πατὴρ,
480 2378 531 2412 καὶ
559 2377 611 2412 ὅτι
639 2377 792 2424 δεύτερος
821 2378 876 2424 ἐφ’
900 2379 985 2423 ἡμᾶς
1013 2379 1190 2423 νομοθέτης
1218 2379 1503 2425 ἀναδειχθήσεται,
1532 2378 1686 2423 λαλήσας
1711 2379 1771 2423 μὲν
1797 2379 1902 2413 πάλαι

322 2443 389 2476 τοῖς
409 2441 636 2487 ἀρχαιοτέροις
654 2443 754 2478 αὐτὸς
777 2442 817 2476 δι’
839 2442 993 2488 ἀγγέλων
1011 2443 1069 2477 τὸν
1088 2444 1197 2488 νόμον,
1218 2443 1252 2477 ἐν
1271 2443 1307 2478 δέ
1325 2443 1529 2478 τελευταίοις
1552 2446 1613 2477 τοῦ
1638 2443 1754 2479 αἶῶνος
1779 2445 1902 2489 καιροῖς

323 2505 506 2550 αὐτουργὸς
525 2507 571 2541 εἷς
590 2506 673 2550 ἡμᾶς
691 2506 962 2552 ἀναδεδειγμένος
981 2508 1032 2541 καὶ
1053 2509 1161 2551 καινῆς
1179 2507 1389 2553 χρηματίσας
1408 2505 1561 2551 διαθήκης
1579 2506 1732 2553 ἅγγελος.

378 2603 400 2626 a
419 2590 479 2626 fol.
504 2600 564 2637 50.
600 2592 949 2635 ἐπειδὴ-βαβυλῶνα
983 2605 1002 2628 e
1034 2605 1167 2629 comm.
1202 2591 1242 2628 in
1275 2591 1393 2629 Amos
1425 2591 1650 2640 prophetam
1685 2605 1761 2640 310
1781 2593 1806 2629 d
1839 2592 1903 2630 de-

325 2658 531 2702 sumptum.

692 2721 713 2744 a
733 2708 795 2745 fol.
820 2718 869 2755 50
889 2721 922 2745 V.
955 2711 1063 2755 εὑρεῖν
1082 2710 1239 2755 σκήνωμα
1258 2713 1304 2758 τῷ
1325 2713 1398 2758 Θεῷ
1416 2710 1549 2752 Ἰακώβ.

381 2784 545 2828 Οὐδεμιᾶς
564 2786 627 2830 γάρ
648 2786 755 2830 φησιν
780 2782 906 2834 [φασιν
924 2784 1004 2821 cod⁴
1027 2782 1157 2835 COiS].]
1182 2785 1374 2830 ἀναπαύλης
1392 2786 1521 2830 μεθέξω
1540 2787 1618 2832 πρὶν
1636 2785 1676 2821 ἂν
1693 2786 1830 2831 μάθοιμι
1849 2787 1907 2820 τὸν

327 2851 385 2882 τοῦ
402 2848 525 2893 Κυρίου
544 2851 648 2884 τόπον
666 2851 718 2883 καὶ
737 2851 776 2883 τὸ
797 2848 964 2893 σκήνωμα,
983 2850 1139 2884 τουτέστι
1158 2850 1217 2894 τὴν
1232 2849 1400 2894 σκήνωσιν
1418 2853 1476 2884 τοῦ
1492 2853 1579 2885 Θεοῦ
1596 2850 1728 2895 Ἰακὼβ,
1749 2851 1851 2894 δῆλον
1869 2849 1906 2884 δὲ

328 2910 378 2945 ὅτι
398 2915 558 2957 Χριστοῦ.
