1997 3262
132 276 187 310 97
211 275 272 312 M.

152 1178 216 1198 ver.
236 1177 265 1207 3.

71 1251 146 1291 Sap.
159 1252 203 1281 ix.
218 1259 265 1290 15.

154 1809 175 1844 3
197 1809 276 1845 sqq-

166 2497 232 2517 ver.
252 2496 281 2526 4.

291 146 376 185 350
449 145 499 186 B.
524 144 772 185 CYRILLI
803 143 1153 184 ALEXANDR.
1186 144 1559 184 FRAGMENTA
1621 159 1660 184 v.
1680 156 1717 193 2,
1737 157 1761 198 3
1783 158 1870 196 sqq.

293 253 494 318 γεώδους
534 253 734 316 ταυτησὶ
781 251 1051 318 παχύτητος
1093 251 1122 314 ἡ
1168 250 1387 316 ἀγγέλων
1429 252 1587 319 φύσις.
1653 248 1873 319 οἰκοδομήν

293 340 542 399 τοιγαροῦν
577 335 627 385 ἐκ
651 335 763 384 Θεοῧ
788 335 862 383 καὶ
898 334 1220 401 ἀχειροποίητον
1253 334 1390 384 οἰκίαν
1425 335 1501 383 καὶ
1534 331 1628 397 μὴν
1652 334 1727 383 καὶ
1763 333 1871 383 αἰώ-

296 439 369 466 νιον
395 414 620 480 ὀνομάζει,
644 413 732 478 τὴν
757 414 1049 482 ἀφθαρσίαν.

358 557 433 598 Καὶ
470 556 547 614 Γὰρ
586 557 629 598 ἐν
667 557 809 610 τούτῳ
845 556 1112 614 στενάζομεν,
1148 556 1196 600 τὸ
1234 555 1481 613 οἶκΗτήριον
1519 557 1639 605 ἡμῶν
1676 556 1724 597 τὸ
1761 556 1807 599 ἐξ

639 639 824 695 οὐρανοῦ
858 638 1171 680 ἐπενδύσασθαι
1207 638 1529 680 ἐπιποθοῦντες.

371 745 465 796 Διά
490 751 628 796 τοῦτο
661 745 915 816 στενάζομεν
943 748 1005 800 ὡς
1030 745 1458 812 καταβαρυνόμενοι
1484 747 1542 813 τῇ
1570 749 1741 814 φθορᾷ,
1769 752 1875 810 γλι-

295 827 474 894 χόμεθα
513 827 560 878 δὲ
601 827 651 877 τὸ
690 827 869 878 ἀνωθεν
893 829 970 878 καὶ
1003 827 1048 897 ἐξ
1078 830 1242 895 οὐροινοῧ
1275 829 1509 897 οἰκητήριον,
1537 827 1752 878 τουτέστι
1791 826 1876 890 τὴν

296 910 585 975 ἀφθαρσίαν,
613 906 950 960 ἑπενάὗσασθαι.
1006 908 1264 979 στενάζομεν
1298 910 1380 959 οὖν
1412 910 1494 959 οὐκ
1528 907 1758 959 ἀπόθεσιν
1792 913 1875 959 τοῦ

297 996 378 1040 νῦν
421 990 554 1043 ὄντος
599 992 928 1054 ἐπιθυμοῦντες
967 992 1129 1056 εὑρεῖν,
1172 991 1562 1057 ἐπαμφιέσασθαι
1601 989 1648 1040 δὲ
1686 994 1876 1053 μᾶλλον

295 1074 420 1141 αὐτῷ
457 1071 543 1136 τὴν
571 1072 845 1139 ἀφθαρσίαν
883 1071 1122 1139 εὐχόμενοι
1157 1072 1210 1122 τὸ
1256 1072 1607 1139 ἀχειροποίητον
1640 1071 1874 1140 οἰκητήριον,

298 1156 339 1205 εἴ
369 1177 425 1219 γε
466 1160 542 1205 καὶ
584 1150 856 1221 ε’νθυσοίμενοι
895 1158 936 1203 οὐ
970 1158 1125 1221 γυμνοὶ
1159 1153 1477 1222 εὑρεθησόμεθα.
1532 1156 1606 1204 καὶ
1629 1153 1721 1218 γάρ
1747 1154 1878 1210 ἐστιν

297 1235 467 1298 ἀληθὲς
493 1235 563 1285 ὅτι
599 1243 624 1264 “
647 1234 867 1300 Φθαρτὸν
893 1239 1034 1297 σῶμα
1064 1235 1255 1301 βαρύνει
1282 1233 1484 1302 ψυχὴν,”
1512 1233 1805 1297 πεποιήμεθα
1829 1232 1877 1284 δὲ

296 1322 378 1367 τοῦ
416 1315 653 1381 στενάζειν
688 1315 773 1380 τὴν
808 1315 1030 1384 ἀφορμὴν
1064 1315 1118 1366 τὸ
1159 1316 1569 1382 καταβαρύνεσθαι
1610 1320 1667 1383 τῇ
1705 1320 1876 1384 φθορᾷ,

294 1397 560 1464 γλιχόμεθα
586 1397 634 1448 δὲ
667 1398 713 1448 τὶ
744 1400 966 1465 οἰκητήριον
1000 1398 1047 1448 το
1075 1397 1253 1448 ἄνωθεν
1279 1400 1355 1447 καὶ
1389 1398 1434 1466 ἐξ
1471 1400 1635 1466 οὐρανοῦ
1662 1396 1877 1448 τουτέστι

293 1482 378 1543 τὴν
406 1479 679 1548 ἀφθαρσίαν
709 1477 1043 1530 ἑπενάόσασθαι.
1096 1478 1194 1530 εἶτα
1224 1480 1273 1530 τί
1303 1478 1356 1529 τὸ
1389 1476 1709 1530 ἐπενδύσασθαι
1741 1480 1883 1542 δηλοῖ

295 1561 322 1626 ἢ
358 1561 546 1615 πάντως
586 1561 655 1611 ὅτι
693 1565 760 1629 τῷ
798 1566 880 1611 νῦν
915 1560 1013 1611 ὅντι
1055 1561 1243 1625 σώματι
1280 1560 1757 1627 προσπεριβαλέσθαι
1793 1560 1880 1625 τὴν

296 1643 600 1711 ἀφθαρσίαν;
642 1643 902 1712 στενάζομεν
929 1643 1025 1693 οὖν.

494 1784 543 1827 Εἴ
580 1803 622 1834 Γε
662 1787 730 1827 καὶ
766 1786 1044 1836 ἐνδυσάμενοι
1082 1787 1129 1827 οὐ
1169 1788 1313 1835 Γυμνοί
1351 1788 1683 1844 εὑρεθΗσόμεθα.

372 1898 442 1950 Τό
472 1903 529 1950 Εἴ
545 1924 601 1965 γε
621 1901 703 1950 οὐκ
730 1900 974 1966 ἐνδοιάζων
1001 1900 1140 1964 λε’γει,
1160 1901 1271 1949 ἀλλ’
1297 1900 1671 1967 ἀποφαινόμενος
1689 1905 1880 1963 μᾶλλον

300 1982 375 2030 καὶ
408 1981 645 2047 ἀραρότως
674 1982 781 2048 ἕχον
812 1980 1086 2034 ἀποδεικνὺς
1118 1981 1189 2032 ὅτι
1215 1980 1267 2032 τὸ
1294 1982 1351 2049 ἐξ
1379 1984 1576 2048 οὐρανοῦ
1603 1984 1677 2033 καὶ
1703 1982 1880 2033 ἀνωθεν

301 2063 562 2129 οἰκητήριον
611 2063 1050 2131 ε’παμφιεννύμενοι7
1082 2068 1165 2113 τοῦ
1216 2062 1612 2128 προῦποκειμένου
1663 2062 1881 2127 σκήνους,

300 2144 516 2195 τουτέστι
542 2151 623 2195 τοῦ
650 2145 813 2210 γηΐνου
832 2144 1068 2208 σώματος,
1090 2148 1163 2195 οὐκ
1190 2143 1395 2207 ἐσόμεθα
1420 2146 1591 2212 γυμνοί.
1636 2146 1802 2195 οὐκοῦν
1827 2143 1881 2195 τό

303 2226 362 2275 Εἴ
387 2249 443 2291 γε
475 2227 674 2277 τέθεικεν
699 2228 800 2277 ἀντὶ
828 2232 911 2277 τοῦ
938 2224 1092 2287 ὁπότε,
1119 2226 1173 2276 ἵν’
1189 2223 1231 2292 ᾗ
1257 2249 1301 2276 τι
1327 2231 1538 2276 τοιοῦτον
1563 2226 1617 2276 τὸ
1643 2225 1882 2291 εἰρημένον

299 2306 479 2357 Ὁπότε
509 2313 584 2358 καὶ
614 2305 902 2376 ἐνδυσάμενοι,
923 2308 1003 2358 οὐκ
1030 2307 1261 2358 ἀπόθεσιν
1286 2313 1369 2357 τοῦ
1396 2307 1584 2371 πρώτου
1605 2305 1879 2368 πεισόμεθα,

303 2388 405 2437 οὔτε
432 2386 525 2450 μὴν
552 2387 756 2452 ἐσόμεθα
780 2392 946 2454 γυμνοὶ
973 2395 1054 2439 τοῦ
1080 2388 1476 2454 προῦποκειμένου
1502 2388 1738 2450 σώματος,
1767 2387 1881 2452 ὅπερ

304 2468 548 2536 σαφηνίζει
585 2470 660 2520 διὰ
693 2475 787 2520 τῶν
825 2470 951 2538 ἑξῆς.
1007 2470 1306 2521 καταπίνεται
1345 2468 1393 2519 δὲ
1432 2469 1478 2520 το
1518 2467 1648 2528 θνητον
1687 2468 1767 2519 ὑπο
1807 2467 1882 2528 τῆς

354 2617 383 2639 1.
410 2605 529 2649 ταύτης
549 2606 596 2640 Η.
766 2619 797 2641 2.
824 2607 882 2642 οὐν
899 2620 961 2652 pro
979 2610 1158 2653 τοιγαροῦν
1179 2608 1228 2642 H.
1291 2608 1357 2651 μὴν
1374 2608 1427 2641 καὶ
1445 2620 1514 2642 om.
1535 2608 1583 2642 H.
1753 2619 1787 2653 3.
1753 2607 1881 2653 3ἀφ-

304 2651 465 2696 θαρσιαν]
489 2657 525 2692 —{—
548 2655 604 2686 νῦν
628 2654 688 2696 μὲν
711 2654 777 2698 γὰρ
803 2655 839 2688 ἐν
863 2655 976 2689 αὐτοῖς
1001 2655 1094 2689 ὅντες
1119 2655 1171 2688 καὶ
1196 2656 1266 2689 τοῖς
1291 2669 1377 2687 ουτω
1402 2655 1530 2698 παχέσι
1549 2656 1706 2697 σώμασιν
1723 2655 1776 2688 καὶ
1793 2655 1882 2689 πολὺ

304 2712 467 2731 νοσουσιν
491 2700 529 2732 τὸ
554 2700 759 2743 εὕφθαρτον,
778 2702 980 2743 στενάζομεν
997 2702 1035 2733 τὸ
1053 2700 1240 2744 οἰκητήριον
1256 2700 1347 2743 ἡμῶν
1363 2701 1401 2734 τὸ
1419 2701 1456 2744 ἐξ
1474 2701 1615 2745 οὐρανοῦ
1632 2700 1882 2735 ἐπενδύσασθαι

304 2744 541 2780 ἐπιποθοῦντες
562 2745 609 2779 II.
818 2756 921 2791 4—17.
950 2747 1046 2780 Haec
1064 2752 1244 2790 assumpta
1262 2758 1302 2780 ex
1323 2746 1370 2780 H.
1576 2758 1697 2791 19—22.
1724 2749 1770 2781 T6
1788 2746 1830 2781 Ει
1842 2762 1882 2791 γε

303 2791 470 2825 -οὐκοῦν
488 2798 668 2836 assumpta
686 2804 727 2826 ex
747 2792 795 2825 H.
987 2804 1041 2826 20.
1068 2794 1156 2837 ἔχων
1175 2792 1263 2826 Cod.
1463 2805 1518 2838 23.
1546 2808 1577 2827 τι
1595 2797 1629 2827 et
1645 2794 1684 2828 τὸ
1702 2800 1882 2837 assumpta

304 2850 345 2870 ex
367 2837 413 2871 H.
527 2849 582 2880 24,
598 2848 653 2883 25.
680 2838 961 2883 οὐκ-σώματος]
982 2840 1039 2873 οὐκ
1057 2839 1237 2883 ἀποτιθέμε
1223 2839 1282 2872 εθα
1303 2840 1342 2873 τὸ
1358 2842 1493 2883 πρῶτον
1513 2844 1612 2884 σῶμα
1629 2842 1704 2874 οὔτε
1720 2839 1882 2884 γινόμεθα

302 2899 422 2927 γυμνοι
439 2886 498 2917 τοῦ
515 2885 733 2928 προκειμένου
751 2886 908 2928 σώματος
928 2885 974 2919 H.
1094 2894 1149 2937 25.
1173 2885 1382 2930 ὅπερ-ἑξῆς
1399 2893 1580 2931 assumpta
1597 2898 1637 2919 ex
1658 2885 1705 2920 Η
1747 2886 1803 2919 hic
1821 2885 1881 2920 de-

303 2930 396 2970 sinit,
416 2931 574 2965 scholion
599 2943 730 2967 novum
750 2933 972 2966 Καταπίνεται
995 2934 1032 2966 τὸ
1051 2932 1220 2976 incipiens
1242 2932 1288 2966 H.
1355 2933 1566 2967 καταπίνεται
1584 2932 1619 2966 δέ
1637 2933 1674 2966 τὸ
1692 2932 1760 2966 inc.
1781 2932 1863 2967 Sev.

1898 1104 1947 1129 10

1900 1503 1948 1542 15

1901 2012 1950 2037 20
