2017 3252
290 163 375 204 370
522 162 572 201 B.
602 159 850 201 CYRILLI
886 157 1235 199 ALEXANDR.
1274 157 1646 198 FRAGMENTA
1792 157 1872 207 i.4.

79 232 93 273 [
115 238 173 271 107
193 229 273 271 Μ’]
294 277 321 300 “
347 268 484 337 χάριν
507 275 590 320 τοῦ
620 269 798 334 Κυρίου
833 268 963 330 ἡμῶν
988 265 1152 330 Ἰησοῦ
1178 269 1395 332 Χριστοῦ
1430 265 1499 316 ὅτι
1537 265 1769 317 πλούσιος
1808 263 1873 314 ὧν

294 357 321 381 “
347 350 618 417 ἐπτώχευσε
649 351 707 401 δι’
742 350 877 413 ἡμᾶς,
906 348 960 398 ἵν’
998 348 1126 411 ἡμεῖς
1161 351 1218 414 τῇ
1257 348 1398 397 αὑτοῦ
1436 347 1675 414 πτωχείᾳ”
1716 355 1868 396 πλου-

293 431 530 496 τήσωμεν.

253 604 273 637 4
549 587 756 642 Τοσούτῳ
794 587 999 643 κρείττων
1037 587 1263 635 Γενόμενος
1300 587 1386 628 τῶν
1424 587 1627 634 ότι-Γέλων.

369 699 440 751 Τὸ
467 699 551 763 μὲν
576 698 670 766 γάρ
686 698 930 765 Ἄγγελος,
958 699 1104 762 ὄνομα
1131 700 1423 765 λειτουργίας
1449 700 1550 749 ἐστὶ
1573 696 1877 760 σημαντικὸν,
1898 718 1920 756 5

294 781 515 832 οἰκετικόν
539 804 587 832 τε
627 782 737 845 ἡμῖν
769 782 1045 848 ὑπεμφαίνει
1083 781 1265 847 με’τρον·
1318 781 1371 831 τὸ
1407 779 1464 831 δέ
1486 803 1541 845 γε
1565 778 1693 841 Υἱὸς,
1718 778 1805 842 τὴν
1830 780 1879 828 ἐκ

297 863 487 928 Πατρὸς
533 863 737 931 ὕπαρξιν
781 862 986 926 οὐσιώδη
1033 864 1108 912 καὶ
1154 861 1362 930 φυσικὴν
1404 864 1556 925 δηλοῖ·
1629 859 1704 910 διὰ
1742 866 1878 911 τοῦτο

293 950 410 1010 γοῦν
439 943 542 995 οὐδὲ
581 948 893 1011 συγκριτικῶς
931 944 1081 1009 ε’ίρηκε
1119 943 1284 1008 μείζων
1324 942 1352 1007 ἢ
1393 943 1675 1008 τιμιώτερος,
1701 942 1776 992 ἵνα
1813 939 1879 1005 μὴ

295 1027 357 1079 ὡς
401 1027 505 1091 περὶ
553 1028 791 1091 ὁμογενῶν
836 1026 1002 1076 τούτου
1043 1027 1266 1076 κάκείνων
1309 1048 1378 1078 τις
1422 1025 1694 1089 λογίσηται·
1749 1021 1881 1073 ἀλλά

296 1108 503 1176 Κρεῖττων
542 1106 734 1172 εἴρηκεν,
765 1107 840 1157 ἵνα
874 1107 927 1157 τὸ
969 1106 1260 1158 διαλλάττον
1299 1110 1380 1169 τῆς
1420 1105 1611 1174 φύσεως
1649 1111 1730 1154 τοῦ
1762 1108 1880 1154 Υὶοῦ
1905 1128 1952 1153 10

294 1187 413 1254 πρὸς
452 1188 510 1238 τὰ
537 1187 710 1254 γενητὰ
748 1188 975 1256 γνωρίσῃ·
1031 1189 1108 1238 καὶ
1133 1187 1311 1238 τούτων
1338 1188 1505 1254 ε”χομεν
1531 1186 1616 1249 τὴν
1642 1184 1882 1253 ἀπόδειξιν

71 1277 266 1352 {fs-lxxxiii·
295 1271 345 1319 ἐκ
382 1273 476 1320 τῶν
515 1271 650 1320 θείων
695 1274 916 1337 γραφῶν,
953 1275 1037 1320 τοῦ
1077 1268 1163 1332 μὲν
1202 1270 1365 1329 Δαβὶδ
1404 1267 1684 1336 ψάλλοντος
1721 1266 1882 1317 “”Οτι

117 1345 124 1353 “
298 1358 324 1381 “
349 1352 586 1416 κρείσσων
613 1350 759 1416 ἡμέρα
797 1352 880 1415 μία
917 1353 965 1401 ἐν
1000 1355 1101 1404 ταῖς
1139 1352 1305 1403 αὐλαῖς
1340 1373 1431 1400 σου
1471 1349 1585 1415 ὑπὲρ
1624 1348 1879 1415 χιλιάδας,”

73 1437 255 1512 {TV-vifi-
296 1438 380 1484 τοῦ
408 1433 455 1484 δὲ
483 1437 797 1496 Σολομῶντος
831 1435 1192 1500 ἀναφωνοῦντος
1226 1440 1252 1461 “
1276 1433 1532 1498 Κρείσσων
1558 1430 1710 1497 σοφία
1736 1432 1883 1480 λίθων

298 1522 325 1544 “
350 1515 676 1565 πολυτελῶν·”
717 1518 817 1566 πῶς
843 1513 935 1579 γὰρ
955 1514 1041 1580 οὐχ
1059 1512 1328 1579 ἑτεροούσια
1355 1515 1429 1563 καὶ
1453 1513 1585 1562 ἄλλα
1609 1511 1696 1575 τὴν
1719 1511 1881 1579 φύσιν,
1907 1529 1953 1567 15

296 1596 502 1664 ἡσοφία
540 1598 615 1646 καὶ
655 1599 697 1645 οἱ
736 1594 829 1645 ἀπὸ
869 1598 955 1661 γῆς
989 1595 1146 1654 λίθοις
1183 1595 1296 1645 ποιά
1324 1594 1372 1645 δὲ
1410 1593 1661 1659 συγγένεια
1698 1598 1798 1646 ταῖς
1836 1594 1884 1642 ἐν

297 1679 508 1745 οὐρανοῖς
545 1679 709 1729 αὐλαῖς
745 1677 820 1727 καὶ
854 1681 948 1728 τοῖς
975 1677 1049 1726 ἐπὶ
1080 1679 1167 1741 γῆς
1190 1675 1330 1730 οἴκοις
1356 1697 1366 1736 ;
1408 1676 1555 1728 οὕτως
1581 1674 1672 1739 ἄρα
1698 1675 1886 1737 οὐδεμία

298 1761 553 1826 συγγένεια
598 1765 680 1809 τοῦ
723 1763 842 1809 Υὶοῦ
885 1757 1004 1824 πρὸς
1055 1757 1162 1811 τοῦς
1209 1758 1444 1823 ἀγγέλους
1486 1757 1605 1807 ἐστι’·
1660 1759 1886 1820 μηδεμιᾶς

299 1841 347 1892 δὲ
386 1843 532 1906 οὔσης
569 1844 652 1904 τῆς
693 1841 987 1905 συγγενείας,
1028 1840 1110 1890 οὐκ
1143 1839 1235 1905 ἄρα
1273 1843 1585 1904 συγκριτικῶς
1624 1837 1794 1903 ἐλέχθη
1831 1835 1886 1888 τό

301 1924 524 1993 Κρείττων,
566 1920 697 1972 ἀλλὰ
736 1924 1025 1987 διακριτικῶς
1064 1919 1140 1970 διὰ
1178 1919 1231 1971 τὸ
1272 1919 1560 1970 διαλλάττον
1598 1922 1681 1980 τῆς
1720 1917 1886 1969 τούτου
1907 1937 1958 1963 20

301 2004 493 2072 φύσεως
521 2004 598 2054 ἀπ’
627 2003 828 2053 ἐκείνων*
876 2004 950 2052 καὶ
977 2001 1114 2055 αὐτὸς
1142 2002 1222 2052 οῦν
1250 2004 1274 2052 ὁ
1298 2000 1572 2054 ἀπόστολος
1598 2000 1651 2051 τό
1680 2001 1887 2068 Κρεῖττων

301 2084 579 2151 ἑρμηνεύων,
606 2087 689 2136 οὐκ
714 2087 762 2136 ἐν
787 2085 923 2154 ἄλλῳ
950 2087 1052 2143 τινὶ,
1081 2084 1109 2149 ἢ
1133 2086 1181 2135 ἐν
1207 2086 1264 2152 τῇ
1291 2086 1497 2152 διαφορᾷ
1521 2089 1603 2134 τοῦ
1629 2087 1746 2134 Υὶοῦ
1768 2082 1887 2149 πρὸς

300 2166 359 2217 τὰ
386 2166 559 2232 γενητὰ
584 2168 744 2231 τίθησι
777 2165 929 2232 λέγων
956 2165 1026 2216 ὅτι
1054 2167 1078 2216 ὁ
1104 2165 1202 2229 μὲν,
1229 2165 1359 2228 Υἱὸς,
1384 2165 1442 2216 τά
1469 2164 1530 2229 δὲ,
1557 2168 1719 2215 δοῦλα·
1761 2167 1836 2214 καὶ
1862 2166 1887 2215 ὁ

302 2248 386 2313 μὲν
420 2251 481 2302 ὡς
507 2247 622 2302 Υἱὸς
659 2248 778 2312 μετὰ
815 2254 897 2298 τοῦ
926 2247 1117 2313 Πατρὸς
1156 2249 1204 2297 ἐν
1243 2247 1374 2316 δεξιᾷ
1411 2245 1626 2311 κάθηται,
1655 2245 1714 2297 τὰ
1747 2246 1794 2297 δὲ
1826 2248 1888 2300 ὡς

304 2332 453 2380 δοῦλα
477 2329 743 2396 παρέστηκε
768 2331 843 2380 καὶ
869 2328 1220 2380 ἀποστέλλεται
1247 2331 1321 2379 καὶ
1349 2334 1624 2394 λειτουργεῖ.
1907 2341 1956 2379 25

378 2411 573 2462 Τούτων
599 2410 647 2462 δὲ
683 2412 827 2464 οὕτως
865 2409 1222 2476 γεγραμμένων,
1257 2411 1309 2460 οὐ
1345 2410 1537 2475 γενητὸς
1575 2411 1624 2459 ἐκ
1657 2409 1836 2460 τούτων
1862 2411 1887 2460 ὃ

305 2492 420 2546 Υἱὸς
457 2493 747 2555 σημαίνεται,
775 2489 811 2541 ὦ
836 2491 1067 2556 Ἀρειανοῖ,
1095 2489 1226 2541 ἀλλὰ
1263 2495 1454 2553 μᾶλλον
1490 2490 1641 2543 ἄλλος
1679 2490 1762 2553 μὲν
1794 2495 1888 2541 τῶν

85 2591 227 2622 S.J0an.
244 2590 265 2622 i.
307 2577 529 2638 γενητῶν,
570 2573 681 2625 ’ίδιος
720 2571 769 2622 δὲ
807 2578 890 2623 τοῦ
928 2571 1131 2637 Πατρὸς,
1171 2573 1219 2621 ἐν
1253 2575 1349 2624 τοῖς
1390 2569 1584 2624 κόλποις
1623 2570 1689 2622 ὧν
1727 2573 1885 2622 αὐτοῦ’

89 2635 138 2666 ¹8⁵
309 2655 384 2704 καὶ
422 2652 515 2719 γὰρ
550 2654 624 2703 καὶ
662 2654 716 2703 τὸ
754 2652 1078 2719 γεγραμμένον
1110 2653 1308 2702 ἐνταῦθα
1344 2652 1563 2719 Γενόμενος
1602 2653 1655 2703 οὐ
1694 2652 1888 2717 γενητὸν

309 2736 526 2800 σημαίνει
552 2734 634 2785 τὸν
659 2734 789 2796 Υἱὸν,
816 2732 979 2799 ὥσπερ
1008 2735 1130 2796 ὑμεῖς
1158 2733 1378 2799 νομίζετε·
1433 2737 1469 2784 εἱ
1495 2733 1579 2797 μὲν
1605 2732 1697 2800 γὰρ
1723 2735 1887 2788 ἁπλῶς
1908 2758 1958 2793 30

356 2911 389 2940 4.
415 2898 494 2932 Hoc
513 2897 667 2932 scholion
688 2909 705 2931 e
725 2897 819 2931 Maio
837 2903 871 2931 et
890 2897 1067 2931 Cramero.
1198 2897 1231 2932 6.
1258 2896 1313 2942 τὸ]
1334 2900 1351 2931 ὁ
1369 2910 1547 2942 perperam
1566 2898 1601 2932 b.
1725 2911 1736 2931 1
1749 2911 1776 2933 1.
1801 2913 1887 2943 γνω-

310 2944 401 2988 ρίσει
420 2944 454 2979 b.
602 2955 654 2977 12.
677 2943 728 2977 ὅτι
746 2955 814 2977 om.
833 2943 867 2977 b.
