2027 3257
108 213 276 255 [σωκῶ]

178 1650 245 1671 ver.
264 1649 291 1680 3.

173 2221 240 2241 νεῖ.
260 2222 289 2249 4.

311 147 394 186 292
467 146 516 185 B.
545 144 793 185 CYRILLI
830 142 1177 183 ALEXANDR.
1218 140 1591 181 FRAGMENTA
1650 140 1776 183 xiv.2
1800 155 1885 194 sqq.

311 252 430 315 ἡμᾶς
469 252 731 315 οἰκονομίας
770 248 1191 315 ἐκπεπερασμένης,
1229 249 1365 301 ποίας
1403 246 1461 310 ἦν
1499 247 1563 297 ε”τι
1601 248 1888 315 προφητείας

310 333 481 399 καιρὸς,
507 331 536 397 ἢ
572 333 718 384 ποίων
744 332 809 382 ε”τι
842 328 1136 397 πραγμάτων
1163 330 1190 392 ἡ
1221 328 1564 395 προαγόρευσις
1585 350 1597 390 ;
1641 329 1808 378 οὐκοῦν
1833 327 1887 379 τὸ

309 414 619 483 προφητεύειν
656 415 703 464 ἐν
744 413 923 464 τούτοις
964 410 1031 474 ε’ίη
1070 408 1126 460 ἂν
1167 411 1323 476 ἕτερον
1361 409 1505 472 οὐδὲν,
1539 409 1669 473 πλὴν
1703 409 1774 460 ὅτι
1812 411 1887 459 καὶ

309 495 454 559 μόνον
480 494 534 546 τὸ
561 493 867 561 διερμηνεύειν
894 492 1124 542 δύνασθαι
1151 492 1450 559 προφητείας·
1491 492 1565 540 καὶ
1590 494 1687 543 τοῖς
1711 492 1888 557 ἀκροω-

311 577 462 640 μένοις
508 580 569 630 ὡς
615 576 679 626 ἔνι
721 573 1173 635 καταλευκαίνοντες,
1223 570 1320 623 εἶτα
1370 572 1488 638 πρὸς
1531 571 1756 635 ἀλήθειαν
1805 570 1887 622 τὸν
1907 593 1928 631 5

310 662 475 708 οἰκεῖον
507 658 563 725 ἐξ
598 657 750 706 αὐτῶν
777 656 1078 719 ἐμπεδοῦντες
1117 652 1279 720 λόγον,
1306 654 1442 719 ὀρθοί
1474 675 1524 703 τε
1557 655 1632 702 καὶ
1665 655 1889 705 ἀπλανεῖς

308 738 514 802 ἐσόμεθα
552 742 646 788 τῶν
685 737 962 787 καλλίστων
1001 734 1243 802 ἐξηγηταί.
1294 741 1311 786 ὁ
1347 734 1501 785 τοίνυν
1540 736 1662 801 φησὶ
1700 734 1888 807 γλώσ-σν]

309 820 465 872 λαλῶν
493 824 567 871 οὐκ
594 817 824 888 ἀνθρώποις
849 822 1040 880 μᾶλλον
1067 817 1202 868 ἄλλα
1231 815 1290 886 τῷ
1321 821 1421 885 Θεῷ
1452 819 1737 881 προσλαλεῖ·
1790 819 1890 867 πῶς

309 901 358 952 δὲ
384 901 412 966 ὴ
440 901 543 952 τινὰ
577 899 785 965 τρόπους
822 895 953 953 οὐδεὶς
988 897 1078 967 γέιρ
1105 897 1269 960 ἀκούει,
1296 896 1462 965 φησίν·
1511 899 1549 946 εἰ
1583 894 1675 961 γὰρ
1710 896 1890 946 δέδοται

308 981 452 1049 τυχὸν
497 986 563 1050 τῷ
601 980 684 1044 μὲν
725 984 835 1031 δεῖνι
872 984 966 1030 τῶν
1001 982 1224 1042 μαθητῶν
1262 977 1316 1029 τὸ
1361 977 1572 1044 γλώσσῃ
1609 981 1666 1044 τῇ
1708 975 1890 1040 Μήδων
1912 1003 1959 1029 ιο

310 1062 541 1114 δύνασθαι
592 1066 773 1123 λαλεῖν,
819 1060 958 1129 ἑτέρῳ
1003 1059 1052 1110 δὲ
1103 1060 1161 1109 αὖ
1212 1062 1269 1126 τῇ
1313 1059 1598 1121 Ἐλαμιτῶν,
1641 1055 1738 1108 εἶτα
1789 1062 1889 1110 ταῖς

309 1144 548 1194 Ἰουδαίων
585 1141 1011 1208 προσδιαλέγοιντο
1046 1144 1347 1205 συναγωγαῖς
1374 1143 1416 1190 οὶ
1449 1140 1554 1205 περὶ
1585 1137 1651 1189 ὧν
1685 1139 1709 1188 ὁ
1744 1137 1890 1203 λόγος

309 1226 456 1289 ἤγουν
482 1229 582 1277 ταῖς
616 1222 832 1287 ἑλλήνων
859 1221 1066 1286 ἀγέλαις,
1094 1222 1163 1274 τίς
1190 1222 1214 1271 ὁ
1241 1219 1570 1283 ἀκουσόμενος,
1596 1218 1625 1283 ἢ
1651 1219 1762 1270 ποία
1782 1221 1890 1270 ’τῶν

308 1305 470 1370 λόγων
497 1305 524 1369 ἡ
552 1303 714 1369 ὄνησις
741 1303 875 1353 ἔσται
898 1324 910 1365 3
955 1301 1154 1365 συνήσει
1179 1301 1273 1368 γὰρ
1300 1302 1458 1362 οὐδεὶς,
1485 1299 1614 1364 πλὴν
1640 1299 1783 1363 μόνου
1807 1305 1890 1350 τοῦ

307 1386 464 1437 πάντα
489 1385 662 1439 εἰδότος
689 1387 826 1435 Θεοῦ·
866 1387 933 1452 τῷ
959 1382 1052 1449 γὰρ
1079 1384 1313 1451 πνεύματι,
1333 1386 1470 1451 φησὶ,
1496 1384 1639 1432 λαλεῖ
1658 1382 1887 1450 μυστήρια.
1911 1404 1959 1443 15

308 1468 440 1534 ἄθρει
478 1466 526 1518 δὲ
552 1466 678 1520 ὅπως
705 1468 729 1516 ὁ
757 1467 866 1534 Θεῷ
900 1469 1066 1515 λαλῶν
1089 1463 1309 1532 πνεύματι
1344 1466 1499 1515 λαλεῖ·
1546 1461 1666 1516 Θεὸς
1693 1462 1774 1513 οῦν
1799 1461 1891 1528 ἄρα

309 1547 362 1600 τὸ
391 1552 603 1612 Πνεῦμα.
646 1549 812 1598 οὐκοῦν
839 1553 856 1598 ὁ
883 1545 1072 1618 γλώσ-σῃ
1105 1545 1261 1597 λαλῶν
1287 1550 1388 1615 Θεῷ
1420 1549 1626 1608 μᾶλλον,
1652 1545 1788 1612 φησὶ,
1815 1545 1890 1594 καὶ

311 1634 386 1681 οὐκ
425 1628 655 1699 ἀνθρώποις
690 1631 846 1680 λαλεῖ·
900 1634 918 1679 ὁ
952 1624 997 1678 δὲ
1029 1626 1300 1697 προφητεύων
1331 1624 1561 1696 ἀνθρώποις
1596 1627 1741 1676 λαλεῖ
1771 1630 1884 1676 οἶκο-

310 1708 439 1778 ὃομῆν
476 1715 552 1761 καὶ
593 1708 880 1778 παράκλησιν
921 1715 998 1760 καὶ
1038 1707 1342 1777 παραμυθίαν.
1398 1709 1568 1759 συνιεὶς
1608 1706 1689 1757 οῦν
1727 1705 1798 1756 ὅτι
1834 1703 1889 1756 τὸ

308 1791 618 1860 προφητεύειν
649 1792 696 1841 ἐν
721 1790 914 1851 τούτοις,
942 1788 995 1840 τὸ
1029 1789 1337 1855 διερμηνεύειν
1362 1790 1464 1839 ἐστὶ
1490 1787 1549 1838 τὰ
1575 1792 1669 1838 τῶν
1693 1790 1883 1854 προφη-
1908 1818 1958 1844 20

308 1876 416 1934 τῶν,
444 1873 499 1923 δι’
527 1870 591 1922 ὧν
618 1873 642 1921 ὁ
677 1874 758 1935 τῆς
793 1869 1140 1936 παρακλήσεως
1170 1875 1422 1921 πιστοῦται
1456 1868 1600 1933 λόγος
1634 1869 1708 1919 καὶ
1744 1869 1769 1918 ὃ
1795 1872 1889 1919 τῶν

307 1953 782 2020 μυσταγωγουμένων
816 1958 1170 2020 χειραγωγεῖται
1210 1957 1315 2005 νοῦς
1353 1955 1414 2004 εἷς
1447 1949 1671 2014 ἀλήθειαν
1704 1949 1790 2013 τὴν
1815 1950 1890 2000 ἐπὶ

308 2038 522 2103 Χριστῷ,
548 2034 946 2101 προαποδείκνυσι
981 2035 1056 2084 καὶ
1082 2034 1247 2100 ἑτέρως
1284 2032 1579 2098 ἂσυγκρίτως
1605 2030 1658 2082 ὃν
1682 2033 1730 2082 ἐν
1754 2030 1886 2094 ἀμεί-

310 2139 417 2167 νοσι
454 2123 537 2167 τοῦ
580 2115 792 2183 γλώσσῃ
838 2120 1016 2177 λαλεῖν,
1060 2114 1114 2165 τὸ
1160 2113 1468 2181 διερμηνεύειν
1508 2112 1567 2164 τὰ
1608 2115 1887 2181 προφητῶν·

312 2197 459 2249 ἕαυτὶν
496 2196 581 2261 μὲν
614 2195 707 2262 γὰρ
746 2193 963 2263 οἰκοδομεῖ
998 2199 1149 2264 φησιν
1189 2201 1206 2247 ὁ
1246 2195 1434 2269 γλώσ-σῃ
1474 2192 1646 2246 λαλεῖν·
1694 2193 1888 2257 συνίησι
1909 2221 1956 2259 25

309 2278 403 2344 γὰρ
429 2278 580 2340 αὐτὸς,
608 2279 757 2344 ἕτερος
792 2277 839 2328 δὲ
872 2277 994 2331 ὅλως
1022 2276 1181 2330 οὐδείς·
1234 2283 1251 2328 ὁ
1280 2273 1325 2327 δὲ
1350 2280 1449 2328 ταῖς
1474 2279 1568 2326 τῶν
1595 2274 1741 2340 ἁγίων
1765 2296 1883 2340 προ-

310 2364 474 2427 φητῶν
523 2363 701 2427 φωναῖς
745 2360 820 2409 καὶ
862 2357 1187 2424 προῤῥήσεσιν
1228 2360 1290 2411 εἷς
1333 2355 1593 2422 μαρτυρίαν
1637 2354 1888 2423 χρώμενος,

361 2526 390 2547 1.
417 2514 715 2558 ἐκπεπληρωμένης
735 2515 782 2548 H.
857 2513 951 2547 ἐστὶν
968 2524 1031 2557 pro
1048 2511 1087 2555 ἦν
1104 2513 1152 2546 ἔτι
1173 2512 1221 2546 H.
1514 2521 1546 2544 2.
1571 2510 1619 2544 ἔτι
1638 2508 1687 2544 Η.
1704 2509 1801 2544 ἕσται
1819 2509 1887 2544 Ed.

311 2572 344 2602 4.
370 2559 439 2604 καὶ]
459 2559 497 2594 ἃς
515 2561 566 2593 καὶ
587 2561 635 2594 H.
823 2569 857 2604 5.
883 2557 1107 2603 εἶτα-λόγον
1124 2571 1193 2592 om.
1215 2557 1263 2592 H.
1460 2565 1491 2600 7.
1516 2556 1676 2600 ἐξηγηταί
1692 2555 1819 2590 desinit
1839 2556 1888 2591 Η.

310 2618 344 2651 9.
373 2606 446 2639 Ine.
466 2605 510 2639 Εἵ
524 2620 587 2639 τινι
604 2607 717 2649 τυχὼν
736 2604 916 2650 (Ξτυχὸν)
936 2608 1002 2639 τῶν
1018 2604 1174 2648 μαθητῶν
1192 2603 1290 2646 ἐδόθη
1308 2604 1346 2637 τὸ
1365 2603 1486 2636 λαλεῖν
1502 2604 1608 2646 λόγου
1625 2602 1725 2646 χάριν
1740 2603 1888 2646 γλώσσῃ

310 2653 351 2695 τῇ
372 2651 508 2694 Μήδων,
527 2652 630 2696 ἑτέρῳ
649 2651 732 2696 (ΙΙ)
754 2651 801 2685 H.
929 2662 941 2684 Ι
954 2662 1052 2694 1-13.
1079 2648 1351 2695 εἶτα-ἀγέλαις]
1371 2646 1442 2683 εἶτα
1458 2650 1628 2683 λαλοῦσιν
1643 2648 1769 2691 μεταξὺ
1785 2647 1888 2692 ἑλλὴ-

311 2712 377 2732 νων
394 2697 412 2740 ἢ
432 2698 587 2732 ιὀυδαίων
606 2697 653 2731 H.
766 2709 819 2739 14.
845 2696 977 2740 ὄνησις]
998 2695 1149 2741 ὠφέλεια
1168 2696 1216 2730 H.
1268 2695 1393 2729 Statim
1412 2696 1508 2729 ἕσται
1526 2706 1595 2728 om.
1615 2695 1663 2728 H.
1728 2692 1886 2738 συνήσει]

311 2745 379 2778 νοεῖ
400 2743 448 2777 H.
667 2752 720 2788 15.
745 2744 835 2788 φησι
853 2755 922 2777 om.
943 2743 991 2776 H.
1218 2741 1269 2775 16.
1296 2741 1390 2785 ἤθρει
1408 2741 1444 2774 δέ
1462 2741 1568 2786 ὅπως]
1588 2741 1616 2774 εἷ
1633 2739 1690 2775 οῦν
1709 2739 1758 2774 Η.
1831 2739 1889 2774 οῦν

310 2801 380 2824 om.
402 2790 450 2823 H.
672 2799 724 2834 17.
750 2788 902 2834 Πνεῦμα]
923 2788 1035 2833 pergit
1052 2788 1169 2822 ἑαυτὸν
1183 2787 1240 2822 οὖν
1256 2789 1359 2831 μόνον
1375 2787 1544 2830 οἰκοδομεῖ
1561 2789 1579 2821 ὁ
1595 2788 1742 2831 γλώσσῃ
1760 2786 1887 2828 λαλῶν,

310 2837 436 2870 συνιεὶς
453 2835 472 2868 ἂ
490 2837 588 2870 λαλεῖ
608 2835 669 2881 [cf.
689 2835 796 2881 infra]
816 2837 834 2869 ὁ
852 2835 887 2870 δέ
905 2836 945 2870 τὰ
962 2838 1028 2869 τῶν
1043 2836 1230 2879 προφητῶν
1246 2833 1470 2879 ἐξηγούμενος
1486 2834 1539 2867 καὶ
1555 2835 1628 2868 ταῖς
1643 2831 1888 2876 προδιαγορεύ-

308 2882 535 2973 ρεσΞνΛαύτῶν
552 2883 597 2918 εἷς
617 2881 697 2927 (27)
717 2881 765 2916 H.
972 2891 1025 2925 23.
1054 2880 1305 2926 Legendumne
1321 2879 1655 2925 προσαποδεὶκνυσιὲ
1722 2877 1776 2923 ὃν]
1796 2877 1834 2913 ὃν
1848 2876 1889 2912 ἂν

327 2940 374 2962 SIC
445 2955 450 2963 ·
