2027 3257
84 228 253 270 [73M-]

227 314 270 354 17

73 842 128 872 Ps.
140 840 266 871 lxxxiv,

77 894 104 923 2,
119 895 148 924 3.

75 997 124 1028 Ib.
146 996 234 1027 xxxi.
252 1005 278 1034 1,

76 1050 106 1072 2.

75 1245 169 1275 Rom.
183 1244 224 1275 iv.
240 1253 269 1284 9.

76 1412 124 1443 Ib.
145 1419 195 1452 25.

232 1660 277 1695 18

78 1877 153 1917 Sap.
171 1876 214 1907 iii.
229 1886 259 1917 4.

82 2207 136 2237 Es.
158 2206 247 2238 xxvi.

82 2258 130 2290 Is).

288 154 372 195 302
456 155 507 195 B.
536 153 785 195 CYRILLI
815 152 1166 194 ALEXANDR.
1198 150 1570 192 FRAGMENTA
1630 165 1695 190 xv.
1720 159 1780 202 17,
1806 151 1867 189 18.

417 297 460 339 Εἰ
497 296 542 339 δὲ
581 296 758 355 Χριστὸς
795 298 870 339 οὐκ
907 297 1142 353 {Mt-epum,
1180 295 1337 344 ματαία
1378 296 1400 336 ἡ
1440 295 1576 338 wione
1614 295 1745 345 ὑμῶν.

366 410 702 474 Ἀληθέστατα
738 412 813 461 καὶ
846 411 955 462 λίαν
981 411 1130 476 ὀρθῶς
1164 406 1457 474 προσεπάγει
1483 412 1578 462 τοῖς
1605 409 1772 460 ἄλλοις
1798 409 1873 457 καὶ

292 497 446 542 τοῦτο·
490 495 660 542 δικαιοῖ
689 491 774 555 μὲν
801 491 892 557 γὰρ
919 491 947 554 ἡ
978 492 1154 553 πίστις,
1181 491 1291 540 ἀλλ’
1321 490 1362 540 εἴ
1392 513 1459 543 τις
1486 490 1603 557 αὐτῇ
1642 487 1874 554 καθαρίζει

293 572 347 624 τὸ
386 571 583 635 μάταιον
625 575 686 627 ὡς
730 577 946 639 Χριστοῦ
989 571 1055 636 μὴ
1101 573 1426 638 ἐγηγερμένον,
1467 571 1515 622 τί
1552 569 1606 621 τὸ
1647 569 1874 638 διάφορόν

294 657 396 705 ἐστι
429 653 597 706 λοιπόν
619 677 631 717 3
675 655 840 705 οὐκοῦν
879 653 1170 721 ἐνεσχήμεθα
1201 658 1296 706 τοῖς
1321 653 1530 720 ἀρχαίοις
1557 650 1871 717 ἐγκλήμασιν,
1894 672 1916 709 5

295 736 613 788 ἀναπόνιπτον
649 734 814 803 ἔχομεν
848 735 933 800 τὴν
971 735 1219 801 ἁμαρτίαν
1273 734 1426 798 μάτην
1459 736 1535 785 καὶ
1569 734 1594 784 ὁ
1620 732 1872 786 θεσπέσιος

296 818 387 886 ἔφη
418 817 630 888 μελῳδὸς
672 817 997 882 ειΕὐδόκησας
1035 816 1158 883 κύριε
1195 814 1281 880 τὴν
1319 819 1409 882 γῆν
1433 820 1540 878 σοῦ,
1566 817 1752 883 ἀφῆκας
1790 812 1874 867 τὰς

298 907 325 930 “
351 901 546 963 ἀνομίας
595 904 662 968 τῷ
710 904 814 969 λαῷ
864 922 969 962 σου,
1016 897 1261 966 ἐκάλυψας
1310 896 1472 951 πάσας
1515 896 1600 951 τὰς
1647 896 1875 961 ἁμαρτίας

300 990 326 1012 “
353 982 551 1032 αὑτῶν·”
603 984 679 1032 καὶ
717 980 864 1033 πάλιν
903 988 930 1010 “
952 980 1191 1046 Μακάριοι
1229 978 1293 1030 ῶν
1322 979 1572 1049 ἀφέθησαν
1604 981 1649 1029 αἱ
1676 976 1873 1038 ἀνομίαι,

299 1070 327 1093 “
352 1065 428 1114 καὶ
462 1061 527 1114 ῶν
552 1063 956 1129 ἐπεκαλύφθησαν
993 1066 1039 1113 αἱ
1070 1062 1306 1127 ἁμαρτίαι·
1346 1060 1571 1126 μακάριος
1602 1058 1719 1125 ἀνὴρ
1747 1056 1783 1128 ᾧ
1822 1058 1875 1108 οὐ

298 1152 326 1174 “
352 1142 417 1207 μὴ
444 1145 698 1210 λογίσηται
728 1144 900 1209 Κύριος
928 1143 1200 1209 ἁμαρτίαν·”
1242 1143 1390 1194 καίτοι
1416 1142 1498 1192 τὸν
1522 1141 1570 1192 ε”ν
1604 1164 1658 1206 γε
1695 1139 1876 1193 τούτοις

298 1225 600 1292 μακαρισμὸν
626 1225 704 1276 ἐπί
733 1248 782 1276 τε
818 1223 903 1287 τὴν
925 1222 1181 1291 περιτομὴν
1206 1225 1281 1274 καὶ
1315 1223 1423 1277 τοὺς
1449 1224 1506 1292 ἐξ
1535 1225 1681 1275 ἐθνῶν
1707 1244 1869 1272 κατευ-

297 1308 536 1374 ρύνεσθαι,
562 1309 713 1376 φησὶν
746 1307 771 1356 ὁ
809 1305 1032 1372 μακάριος
1062 1309 1257 1359 Παῦλος
1287 1307 1335 1356 ἐν
1361 1307 1419 1373 τῇ
1453 1304 1571 1371 πρὸς
1598 1304 1872 1366 Ῥωμαίους·

1028 1392 1047 1400 ’“
1091 1385 1149 1417 “⁶

298 1389 630 1453 δεδικαιώμεθα
656 1388 748 1454 γὰρ
774 1390 823 1439 ἐν
849 1392 1062 1457 Χριστερ,
1158 1391 1229 1441 Oc
1263 1387 1501 1453 παρεδόθη
1536 1386 1611 1437 διὰ
1641 1386 1699 1437 τὰ
1725 1409 1875 1453 παρα-

299 1479 325 1501 “
351 1471 583 1533 πτώματα
607 1471 740 1535 ἡμῶν
766 1472 841 1521 καὶ
867 1470 1043 1536 ἠγέρθη
1072 1468 1147 1519 διὰ
1173 1468 1259 1534 τὴν
1284 1470 1525 1520 δικαίωσιν
1550 1468 1727 1533 ἡμῶν.”

493 1647 600 1704 ''Apot
640 1646 706 1687 καὶ
746 1645 783 1688 οἷ
823 1647 1097 1696 κοιμΗΘέντε-ῑο
1135 1647 1180 1687 ἐν
1218 1647 1385 1704 Χριστῷ
1418 1645 1664 1689 ἀπώλοντο.

371 1769 670 1833 Ἠποὶτηνται
696 1770 789 1837 γὰρ
810 1773 870 1824 ὡς
897 1770 1041 1822 ἔοικεν
1070 1772 1143 1821 καὶ
1171 1772 1338 1833 ἀμισθὶ
1364 1771 1623 1821 τεθείκασιν
1649 1769 1764 1835 ὑπὲρ
1789 1770 1871 1819 αὐ-

298 1857 381 1902 τοῦ
401 1851 486 1915 τὴν
514 1852 689 1919 ψυχὴν,
706 1852 749 1903 εἵ
770 1876 822 1918 γε
849 1852 913 1916 μὴ
931 1852 1176 1918 ἐγήγερται
1197 1852 1425 1918 Χριστός·
1469 1856 1506 1902 εὶ
1532 1852 1597 1915 μὴ
1618 1852 1878 1904 ἀθανασίας

298 1934 401 1984 ἐστὶ
436 1932 623 1999 πλήρης
656 1939 750 1984 τῶν
774 1934 920 2000 ἁγίων
945 1934 972 1997 ἡ
1000 1935 1146 1996 ἐλπὶς,
1174 1937 1211 1984 εἰ
1241 1933 1305 1997 μὴ
1332 1936 1642 2000 προσδοκῶσι
1681 1938 1872 1997 συμβα-

300 2015 507 2066 σιλεύειν
550 2017 689 2085 αὐτῷ,
729 2016 1016 2067 ἀπολώλασι
1058 2017 1181 2083 τάχα
1221 2039 1327 2078 που,
1373 2019 1448 2066 καὶ
1487 2017 1553 2067 ἐπ’
1599 2016 1748 2066 οὐδενὶ
1786 2019 1879 2065 τῶν

299 2099 549 2165 χρησίμων
583 2099 657 2148 καὶ
689 2097 830 2148 αὐτὸν
857 2097 1143 2150 ἀνατλάντες
1175 2096 1257 2147 τὸν
1289 2097 1491 2148 θάνατον
1519 2096 1683 2162 ζημίαν
1717 2096 1880 2163 ε”χουσι

298 2179 472 2230 πόνων·
527 2179 680 2245 ἄπαγε
720 2182 803 2243 τῆς
845 2180 966 2230 οὕτω
1008 2182 1157 2243 δεινῆς
1201 2180 1419 2242 ἀμαθίας·
1477 2185 1504 2208 “
1526 2177 1880 2242 ἀναστήσονται

301 2268 327 2291 “
353 2260 444 2327 γὰρ
471 2264 511 2311 οἱ
538 2263 701 2327 νεκροὶ,
729 2262 804 2311 καὶ
830 2261 1165 2327 ἐγερθήσονται
1192 2264 1233 2311 οὶ
1259 2262 1307 2311 ἐν
1333 2265 1428 2314 τοῖς
1455 2259 1729 2324 μνημείοις,”
1762 2258 1881 2309 κατὰ

298 2342 385 2406 τὴν
423 2349 506 2393 τοῦ
550 2341 797 2410 προφήτου
835 2342 1014 2411 φωνὴν,
1055 2345 1130 2393 καὶ
1170 2342 1442 2393 ταλαντεύει
1485 2340 1671 2410 ἑκάστῳ
1715 2339 1769 2391 τὸ
1811 2339 1881 2390 ὅτι

347 2510 379 2543 3.
408 2497 574 2542 καθαρίζει
592 2497 732 2531 exhibet
749 2504 781 2531 et
799 2498 843 2532 A.
894 2498 968 2543 Leg
971 2498 1146 2532 endumne
1165 2498 1353 2542 καθορίζειὲ
1636 2508 1668 2537 4.
1696 2495 1878 2541 διάφορόν]

301 2545 449 2578 δικαιοῦν
468 2545 555 2587 (sive
573 2550 663 2577 recte
682 2545 753 2577 sive
771 2556 833 2589 pro
851 2544 1150 2588 intemretatione)
1173 2545 1219 2578 H.
1473 2552 1506 2587 5.
1532 2542 1746 2587 ἐνησχὴμεθα
1764 2543 1799 2576 δὲ
1818 2555 1881 2586 plo

303 2592 361 2624 οὐκ
365 2606 396 2623 (ι)
389 2593 422 2624 Ἷν
440 2589 650 2635 ε’νεσχήμεθα
671 2591 717 2623 H.
930 2591 963 2624 6.
989 2591 1213 2625 ἄναπόιιπτον
1230 2591 1352 2636 ἔχομεν
1369 2590 1428 2633 τὴν
1445 2587 1625 2633 ἁμαρτιιιν]
1648 2590 1691 2632 μὴ
1709 2589 1881 2633 ἀπονιψά-

298 2652 394 2679 μενοι
411 2637 469 2680 τῆς
485 2636 647 2681 ἁμαρτίας
664 2637 721 2670 τὸν
738 2636 845 2680 ῥύπον
864 2637 926 2681 (ita
944 2637 1120 2681 desinens)
1144 2638 1190 2671 H.
1495 2647 1548 2669 10.
1574 2634 1820 2679 ἐκαλῦφθησαν
1837 2636 1881 2670 A.

306 2718 358 2740 11.
376 2705 539 2763 ἁμαρτίαν
556 2704 661 2739 edidi.
678 2692 767 2748 ἁμαρ
786 2702 978 2746 (ambigue)
998 2703 1041 2737 A.
1059 2702 1221 2746 ἁμαρτίας
1233 2702 1299 2736 Ed.
1487 2702 1539 2735 18.
1565 2701 1700 2746 ψυχην]
1722 2702 1833 2745 pergit
1851 2716 1882 2735 οι

300 2754 390 2797 ἅγιοι
406 2753 571 2796 μάρτυρες
589 2765 642 2785 και
659 2753 716 2794 τῆς
734 2751 780 2785 εἰς
796 2750 896 2783 αὐτὸν
909 2751 1131 2794 γνησιότητος
1148 2764 1208 2783 κατ
1232 2748 1349 2783 οὐδένα
1367 2750 1494 2792 τρόπον
1510 2748 1676 2793 αὐχοῦσιν
1693 2749 1752 2791 τὴν
1768 2748 1882 2790 δόξαν,

301 2800 408 2833 καίτοι
433 2802 498 2832 τῶν
514 2797 617 2843 ἁγίων
633 2796 811 2841 μαρτύρων
828 2795 963 2840 ἀπαρχὴ
988 2795 1128 2841 γέγονεν
1145 2797 1163 2829 ὁ
1187 2795 1348 2840 μακάριος
1371 2795 1553 2840 Στέφανος,
1579 2796 1652 2840 Θεῷ
1678 2795 1737 2828 τὸν
1760 2794 1883 2828 οἰκεῖον

300 2846 487 2887 εὐωδιάζων
503 2845 656 2884 θάνατον,
676 2843 753 2877 ἀλλ’
773 2843 801 2876 εἶ
818 2842 860 2885 μὴ
877 2842 952 2885 (18)
974 2842 1021 2876 H.
1122 2853 1174 2886 19.
1194 2841 1212 2885 ἡ
1230 2853 1299 2875 orn.
1319 2842 1430 2886 prima
1447 2842 1518 2876 vice
1539 2841 1587 2875 H.
1684 2852 1751 2874 20-
1755 2851 1809 2874 22.
1828 2841 1882 2874 καὶ

300 2892 351 2926 ἐπ’
355 2893 511 2925 -πόνων
528 2896 708 2936 assumpta
726 2901 765 2924 ex
787 2889 835 2923 H.
1094 2899 1148 2923 21.
1174 2888 1376 2923 ἀνατλάντες
1393 2887 1586 2922 emendavi.
1604 2887 1804 2921 ἀνατλάνται
1822 2898 1882 2920 ex-

302 2938 398 2973 hibet
417 2937 505 2973 Cod.
770 2947 824 2981 23.
852 2934 1068 2980 καὶ-φωνήν
1086 2946 1155 2970 om.
1176 2934 1223 2969 H.
1276 2934 1399 2969 Statim
1424 2935 1476 2969 καὶ
1494 2933 1779 2970 ταλαντεύει-ὡς
1797 2934 1882 2969 Θεός

1898 1077 1948 1103 10

1902 2033 1951 2057 20
