2012 3272
114 135 182 176 vii.
207 149 269 187 14.
447 135 516 175 IN
553 134 894 175 EPISTOLAM
932 134 1013 174 AD
1052 134 1359 175 ROMANOS.
1612 137 1692 175 201

111 244 218 308 ἡμῖν
244 246 317 294 καὶ
352 242 472 309 ζωὴν
507 245 701 295 δοθέντα
735 243 891 307 νόμον,
919 242 1002 306 τὴν
1041 244 1180 308 ἁγίαν
1219 243 1364 296 ὅντως
1399 245 1474 293 καὶ
1509 243 1694 307 ἀγαθὴν

109 324 316 389 ἐντολὴν,
362 325 565 376 θανάτου
610 326 833 391 γενέσθαι
882 324 1130 392 πρόφασιν
1181 330 1278 378 τοῖς
1330 323 1691 390 ὑπεζευγμένοις·

109 411 208 460 πῶς
240 406 268 471 ἦ
303 408 406 457 τίνα
444 408 620 473 τρόπον
642 429 655 469 ;
699 412 735 457 εὶ
775 407 868 473 γὰρ
909 408 1074 475 ἕψεται
1111 406 1197 470 μὲν
1236 409 1303 457 ἀεὶ
1343 412 1439 460 τοῖς
1478 430 1688 472 παρανο-

110 495 281 553 μοῦσιν
309 490 336 553 ἡ
364 490 480 553 δίκη,
502 489 847 554 διεληλάκαμεν
867 489 915 539 δὲ
940 489 1057 554 πρὸς
1083 495 1223 540 τοῦτο
1252 488 1422 540 λοιπὸν
1449 490 1693 542 ἀσθενείας

65 589 86 627 5
109 571 248 635 ἡμεῖς,
276 574 337 624 ὡς
376 574 443 622 ἀεὶ
482 577 581 624 ταῖς
618 571 957 637 παραβάσεσιν
990 572 1340 632 ἐναλίσκεσθαι,
1375 571 1564 636 ἐναργὲς
1603 570 1692 634 ἤδη

108 675 222 715 πως,
249 652 319 704 ὅτι
359 652 479 704 κατὰ
516 658 682 704 τοῦτον
721 652 802 703 τὸν
840 652 1016 718 τρόπον
1052 654 1077 702 ὁ
1115 651 1281 717 σώζων
1316 652 1471 715 νόμος,
1498 653 1522 702 ὁ
1562 651 1693 718 ἅγιός

110 757 158 785 τε
198 737 273 785 καὶ
311 734 502 800 ἀγαθὸς,
543 734 682 802 νεῦρά
719 758 819 788 πως
858 738 986 785 δοκεῖ
1018 734 1238 800 γενέσθαι
1277 736 1336 801 τῇ
1376 734 1580 803 ἁμαρτίᾳ
1617 736 1693 784 καὶ

111 816 217 871 ὁδὸς
255 821 317 871 εἰς
356 817 559 868 θάνατον
583 822 680 871 τοῖς
713 819 790 887 ὑφ’
820 817 1066 882 ἁμαρτίαν·
1111 819 1186 867 καὶ
1225 816 1347 883 τάχα
1387 839 1495 877 που,
1526 820 1693 885 φησὶν,

104 899 177 949 ἵνα
216 900 392 965 ’γένηται
436 899 537 951 καθ’
584 898 827 969 ὁπερβολῇν
872 898 1144 966 ἀμαρτωλὶς
1188 902 1209 960 ἦ
1250 901 1457 967 ἁμαρτία
1502 895 1579 950 δὶα
1619 898 1695 959 τῆς

42 1003 88 1028 ιο
109 981 292 1041 ἐντολῆς·
346 986 442 1035 τοῖς
481 981 565 1045 μὲν
602 982 695 1048 γὰρ
737 980 996 1046 ἠγνοηκόσι
1034 980 1089 1031 τὸ
1133 982 1199 1050 τῷ
1238 979 1468 1047 Δεσπότῃ
1512 983 1693 1043 δοκοῦν,

107 1063 272 1131 ἕψεται
309 1063 394 1127 μὲν
427 1062 614 1117 πάντως
652 1063 706 1114 τὸ
741 1065 969 1113 ἐναλῶναι
1003 1064 1165 1116 δίκαις·
1209 1061 1476 1126 ἠνομήκασι
1515 1061 1623 1128 γὰρ,
1656 1066 1694 1113 εἰ

110 1144 275 1209 καὶμὴ
303 1145 554 1211 ἐγνώκασι.
597 1144 727 1209 πλήν
752 1146 859 1195 ἐστί
892 1168 960 1198 τις
1000 1146 1155 1198 αὐτοῖς
1194 1147 1269 1195 καὶ
1308 1144 1571 1209 ἀπολογίας
1610 1145 1694 1195 οὐκ

111 1227 337 1281 ἀπίθανος
386 1226 511 1291 οἶμαι
557 1227 714 1293 λόγος·
771 1232 1127 1292 προβαλοῦνται
1172 1225 1264 1292 γὰρ
1310 1226 1431 1277 κατὰ
1475 1225 1529 1276 τὸ
1576 1225 1693 1280 εἰκὸς

109 1308 194 1372 τὴν
229 1310 435 1375 ἄγνοιαν·
488 1314 584 1363 τοῖς
621 1309 770 1376 γεμὴν
807 1312 855 1360 ἐν
889 1308 1016 1378 νόμῳ
1051 1308 1105 1359 τὸ
1144 1308 1208 1373 μὴ
1240 1308 1403 1359 εἰδέναι
1442 1307 1598 1373 λέγειν
1638 1307 1692 1359 τὸ

41 1402 89 1441 15
110 1390 294 1454 θέλημα
332 1390 385 1441 τὸ
425 1391 719 1453 δεσποτικὸν,
746 1396 915 1442 εἰκαῖον
940 1391 1028 1455 ἤδη
1060 1414 1175 1444 πως.
1217 1391 1382 1441 οὐκοῦν
1408 1394 1445 1441 εἰ
1479 1390 1694 1457 φαίνοιτο

110 1474 322 1534 διαβιοῦν
360 1473 587 1540 ᾑρημένος
626 1475 843 1534 ἀνοσίως,
881 1474 964 1524 οὐκ
1004 1473 1194 1539 ἀγνοίας
1236 1473 1371 1523 ε”σται
1415 1473 1524 1522 ἀλλ’
1568 1474 1688 1523 ἀπο-

111 1555 236 1607 νοίας
274 1553 328 1606 τὸ
368 1554 686 1622 κατηγόρημα,
712 1557 787 1606 καὶ
827 1559 909 1619 τῆς
945 1552 1168 1605 ἀνωτάτω
1203 1554 1373 1605 λοιπὸν
1399 1552 1690 1621 ἀφιλοθεΐας·

112 1638 257 1690 οὕτως
308 1635 365 1687 ἂν
415 1636 603 1702 λέγοιτο
653 1636 753 1688 καθ’
800 1635 1042 1706 ὑπερβολὴν
1087 1637 1356 1705 ἁμαρτωλὶς
1407 1638 1428 1695 ἡ
1477 1637 1695 1704 ἁμαρτία,

113 1719 399 1785 ἁμαρτωλοῦ
434 1719 518 1783 μὲν
551 1718 645 1786 γὰρ
681 1718 973 1786 ὑπάρχοντος
1009 1720 1084 1768 καὶ
1118 1723 1201 1768 τοῦ
1239 1714 1697 1781 πεπλημμεληκότος

44 1818 93 1844 20
113 1802 174 1854 ὡς
213 1802 261 1851 ἐν
299 1801 479 1870 ἀγνοίᾳ,
511 1801 684 1864 ἥκιστα
722 1800 870 1866 γεμὴν
901 1801 1006 1851 καθ’
1038 1798 1311 1865 ὑπερβολὴν
1350 1797 1607 1864 λεγομένου
1645 1819 1695 1848 τε

111 1884 185 1933 καὶ
211 1881 344 1937 ὄντος
367 1884 666 1949 ἁμαρτωλοῦ.

343 2040 533 2092 Οἴδαμεν
571 2043 650 2100 Γάρ
687 2043 752 2085 ὅτι
789 2043 811 2084 ὁ
850 2043 978 2090 νόμος
1016 2040 1300 2090 Πνευματικόε
1337 2040 1467 2081 ἐστιν.

187 2157 501 2226 Πνευματικόν
540 2161 664 2225 φησι
707 2155 790 2206 τὸν
830 2155 975 2224 νόμον,
1015 2157 1077 2207 ὡς
1120 2156 1444 2204 ἀποτελοῦντα
1484 2175 1691 2215 πνευμα-

161 2302 193 2331 4.
217 2291 339 2325 λοιπὸν
355 2289 471 2335 postr‘y
473 2292 545 2333 μεῖς
561 2289 759 2334 transponit
776 2289 820 2323 A.
1013 2298 1045 2333 7.
1072 2290 1189 2333 νεῦρον
1205 2287 1250 2321 Α.
1440 2297 1473 2331 9.
1497 2285 1633 2331 γένηται
1652 2285 1695 2320 B.

115 2335 195 2379 (Cr.
213 2348 253 2370 ex
271 2336 332 2380 Α.)
350 2338 481 2381 γίνηται
473 2305 566 2370 μΕά.
588 2335 648 2381 [de
666 2336 709 2369 A.
728 2335 816 2368 nihil
834 2335 952 2369 notavi
967 2333 1073 2379 ipse].
1208 2344 1261 2367 12.
1287 2347 1336 2367 τις
1353 2338 1577 2377 assumptum
1593 2344 1635 2366 ex
1652 2332 1697 2366 A.

121 2391 173 2426 15.
199 2382 321 2417 εἷκαῖον
338 2383 399 2427 ηδη
417 2385 461 2416 Α.
481 2382 509 2415 εἷ
526 2383 579 2416 καὶ
604 2382 714 2425 ὀνείδη
733 2381 800 2416 Ed.
874 2380 919 2426 εἶ]
945 2380 1025 2416 ε’ίτις
1042 2382 1085 2414 A.
1138 2379 1264 2414 Stazim
1289 2379 1447 2424 ἐφαίνετο
1472 2390 1535 2423 pro
1561 2378 1590 2412 εἷ
1614 2379 1696 2424 φαί-

117 2442 206 2461 νοιτο
225 2428 267 2463 Β.
445 2429 574 2473 18,19.
599 2428 618 2472 ἡ
637 2428 781 2472 ἁμαρτία
798 2434 832 2462 et
843 2428 913 2480 ydp
930 2430 1113 2472 assumpta
1129 2438 1170 2460 ex
1188 2426 1232 2460 A.
1422 2435 1478 2459 20.
1502 2425 1546 2460 ὡς
1563 2436 1633 2459 om.
1651 2424 1696 2458 A.

121 2484 163 2519 ²3
182 2486 256 2520 sqq.
284 2475 364 2509 Hoc
388 2474 547 2509 scholion
565 2474 685 2508 deest
678 2486 713 2508 1n
731 2474 774 2511 A,
793 2475 852 2519 qui
869 2480 986 2508 tamen
1013 2473 1083 2507 duo
1110 2484 1206 2530 quae
1223 2477 1439 2529 sequuntur
1443 2470 1582 2505 exhibet
1606 2482 1696 2504 non-

118 2521 215 2554 nulla
238 2521 410 2567 ejusmodi
435 2521 659 2555 continentia.
700 2519 752 2553 Η
775 2522 830 2554 καὶ
854 2521 898 2556 ὡς
922 2535 981 2554 πνε
969 2533 1163 2564 ευματικους
1187 2518 1362 2553 ἀποτελῶν
1384 2517 1462 2553 τοὺς
1480 2517 1698 2560 πειθομένους

118 2566 218 2611 αὐτῷ,
236 2569 359 2601 νοεῖται
384 2568 420 2601 δέ
445 2568 666 2611 πνευματικὸς
684 2568 702 2600 ὁ
721 2567 766 2610 μὴ
788 2581 871 2601 κατα
895 2567 1006 2610 σάρκα
1031 2567 1108 2608 ζῶν,
1125 2564 1202 2599 ἀλλ’
1223 2566 1384 2608 ἑπόμενος
1407 2566 1447 2607 τῇ
1474 2563 1613 2606 θελήσει
1637 2565 1698 2597 τοῦ

118 2612 303 2657 πνεύματος
319 2613 514 2658 ἀμωμήτως.
507 2614 630 2648 .-Καὶ
647 2615 807 2657 σαρκικὸς
820 2613 865 2647 ὢν
883 2613 927 2648 ὣς
943 2615 989 2658 τῷ
1008 2614 1066 2655 τῆς
1080 2612 1206 2656 σαρκὸς
1219 2609 1412 2666 φρονήματι
1422 2608 1697 2669 τυραννούμενος,

120 2658 234 2702 ἑτέρου
259 2659 353 2695 ὄντος
377 2663 437 2694 τοῦ
459 2659 676 2705 φρονήματος
700 2661 759 2702 τῆς
783 2661 909 2704 σαρκὸς
927 2660 981 2692 καὶ
997 2659 1107 2692 ἄλλου
1124 2660 1184 2692 τοῦ
1200 2656 1398 2701 πνεύματος,
1416 2656 1502 2700 ἅπερ
1520 2656 1699 2690 ἀντίκειται

117 2703 292 2748 ἀλλήλοις.
318 2706 347 2740 εἷ
362 2707 428 2752 ’γὰρ
446 2707 500 2740 καὶ
517 2708 535 2739 ὁ
554 2707 653 2749 νόμος
668 2707 891 2750 πνευματικός
909 2705 996 2745 ἐστι,
1014 2704 1171 2739 τουτέστι
1188 2705 1229 2738 τὰ
1245 2705 1305 2737 τοῦ
1322 2702 1509 2746 πνεύματος
1523 2701 1697 2743 βούλεται,

119 2751 171 2784 καὶ
184 2752 224 2785 τὰ
237 2752 458 2803 συμφέροντα
471 2754 560 2796 ζητεῖ
575 2755 614 2796 τῇ
633 2752 746 2797 ψυχῇ,
761 2751 839 2786 ἀλλ’
858 2752 924 2797 ἐγὼ
942 2752 1001 2786 τὰς
1017 2753 1075 2795 τῆς
1092 2751 1218 2795 σαρκὸς
1235 2749 1409 2793 ἐπιθυμίας
1425 2749 1563 2788 διώκων,
1578 2761 1697 2790 σαρκι-

120 2798 174 2832 κός
191 2798 268 2841 εἶμι.
302 2799 361 2832 οὐκ
379 2801 451 2833 εἰπε
469 2798 528 2832 δέ’
532 2800 632 2842 Υμεῖς
648 2800 679 2832 οἱ
696 2802 742 2845 τῷ
761 2800 851 2855 νόμῳ
869 2800 1036 2842 χρώμενοι
1054 2798 1107 2831 καὶ
1131 2796 1408 2840 παραβαίνοντες,
1425 2794 1478 2828 ἵνα
1501 2794 1546 2837 μὴ
1571 2806 1699 2837 τραχυν

121 2843 173 2876 καὶ
197 2843 326 2888 ἐπαχθῆ
348 2844 475 2889 ποιήσῃ
501 2846 559 2879 τὸν
583 2846 699 2891 λόγον,
718 2834 795 2879 ἀλλ’
813 2844 903 2889 Ἐγώ
923 2846 1026 2889 φησι,
1044 2844 1085 2878 τὰ
1103 2843 1235 2877 ἐκείνων
1253 2842 1310 2887 ἐφ’
1329 2842 1448 2876 ἑαυτοῦ
1470 2838 1698 2884 σχηματίζων.

121 2889 174 2922 καὶ
199 2890 324 2935 ἐφεξῆς
348 2891 384 2925 δὲ
410 2891 496 2925 οὕτω
521 2893 621 2931 ποιεῖ,
641 2892 681 2926 τὸ
705 2891 815 2936 τραχὺ
840 2891 893 2924 καὶ
919 2890 1077 2935 σφοδρὸν
1095 2889 1223 2924 ἐκλύων
1239 2891 1277 2932 τῇ
1295 2902 1373 2932 περι
1398 2888 1500 2921 αὐτοῦ
1525 2898 1698 2930 σχηματο·

117 2936 229 2980 λογίᾳ.

177 3002 269 3030 vol..
287 3004 355 3032 111.
873 3004 899 3029 D
922 2990 947 3030 d

1732 208 1902 252 [¹9M-]

1716 2056 1761 2090 14
