<?xml version="1.0" encoding="UTF-8"?>
<!DOCTYPE html PUBLIC "-//W3C//DTD XHTML 1.0 Transitional//EN"
    "http://www.w3.org/TR/xhtml1/DTD/xhtml1-transitional.dtd">
<html xmlns="http://www.w3.org/1999/xhtml" xml:lang="en" lang="en">
 <head>
  <title>
</title>
<meta http-equiv="Content-Type" content="text/html;charset=utf-8" />
  <meta name='ocr-system' content='tesseract 3.04.00' />
  <meta name='ocr-capabilities' content='ocr_page ocr_carea ocr_par ocr_line ocrx_word'/>
</head>
<body>
  <div class='ocr_page' id='page_1' title='image "./operacyrilli05cyriuoft/operacyrilli05cyriuoft_0303.png"; bbox 0 0 2012 3272; ppageno 0'>
   <div class='ocr_carea' id='block_1_1' title="bbox 127 126 1899 234">
    <p class='ocr_par' dir='ltr' id='par_1_1' title="bbox 127 126 1899 234">
     <span class='ocr_line' id='line_1_1' title="bbox 127 126 1899 233; baseline -0.006 -58"><span class='ocrx_word' id='word_1_1' title='bbox 127 135 198 175; x_wconf 82' lang='lat' dir='ltr'>xii.</span> <span class='ocrx_word' id='word_1_2' title='bbox 219 149 256 189; x_wconf 91' lang='lat'>9.</span> <span class='ocrx_word' id='word_1_3' title='bbox 387 134 457 175; x_wconf 93' lang='lat' dir='ltr'>IN</span> <span class='ocrx_word' id='word_1_4' title='bbox 492 134 579 175; x_wconf 87' lang='grc' dir='ltr'>ΕΡ.</span> <span class='ocrx_word' id='word_1_5' title='bbox 609 133 644 174; x_wconf 95' lang='lat' dir='ltr'>I.</span> <span class='ocrx_word' id='word_1_6' title='bbox 682 132 765 173; x_wconf 92' lang='lat' dir='ltr'>AD</span> <span class='ocrx_word' id='word_1_7' title='bbox 803 129 1189 173; x_wconf 84' lang='lat' dir='ltr'>CORINTHIOS.</span> <span class='ocrx_word' id='word_1_8' title='bbox 1249 128 1363 169; x_wconf 90' lang='lat' dir='ltr'><strong>LIB.</strong></span> <span class='ocrx_word' id='word_1_9' title='bbox 1393 126 1446 168; x_wconf 86' lang='lat' dir='ltr'>V.</span> <span class='ocrx_word' id='word_1_10' title='bbox 1624 127 1707 167; x_wconf 81' lang='lat'>289</span> <span class='ocrx_word' id='word_1_11' title='bbox 1775 192 1899 233; x_wconf 71' lang='lat' dir='ltr'><strong>66M]</strong></span> 
     </span>
     <span class='ocr_line' id='line_1_2' title="bbox 1745 194 1881 234; baseline -0.007 -11"><span class='ocrx_word' id='word_1_12' title='bbox 1745 194 1757 234; x_wconf 93' lang='lat'><strong>[</strong></span> <span class='ocrx_word' id='word_1_13' title='bbox 1876 217 1881 222; x_wconf 91' lang='lat'><em>.</em></span> 
     </span>
    </p>
   </div>
   <div class='ocr_carea' id='block_1_2' title="bbox 56 237 1864 1373">
    <p class='ocr_par' dir='ltr' id='par_1_2' title="bbox 56 237 1864 1373">
     <span class='ocr_line' id='line_1_3' title="bbox 126 237 1710 309; baseline -0.004 -14"><span class='ocrx_word' id='word_1_14' title='bbox 126 243 276 309; x_wconf 83' lang='grc' dir='ltr'>λόγου</span> <span class='ocrx_word' id='word_1_15' title='bbox 314 245 389 295; x_wconf 85' lang='grc' dir='ltr'>καὶ</span> <span class='ocrx_word' id='word_1_16' title='bbox 429 243 665 307; x_wconf 76' lang='grc' dir='ltr'>θαύματος</span> <span class='ocrx_word' id='word_1_17' title='bbox 704 245 745 293; x_wconf 81' lang='grc' dir='ltr'>οἱ</span> <span class='ocrx_word' id='word_1_18' title='bbox 784 240 1001 309; x_wconf 85' lang='grc' dir='ltr'>μακάριοι</span> <span class='ocrx_word' id='word_1_19' title='bbox 1032 242 1291 309; x_wconf 83' lang='grc' dir='ltr'>προφῆται·</span> <span class='ocrx_word' id='word_1_20' title='bbox 1333 244 1481 290; x_wconf 87' lang='grc' dir='ltr'>ταῦτα</span> <span class='ocrx_word' id='word_1_21' title='bbox 1513 238 1562 289; x_wconf 79' lang='grc' dir='ltr'>δὲ</span> <span class='ocrx_word' id='word_1_22' title='bbox 1593 237 1710 289; x_wconf 75' lang='grc' dir='ltr'>εἶναι’</span> 
     </span>
     <span class='ocr_line' id='line_1_4' title="bbox 125 320 1703 393; baseline -0.001 -17"><span class='ocrx_word' id='word_1_23' title='bbox 125 330 282 393; x_wconf 88' lang='grc' dir='ltr'>φαμεν</span> <span class='ocrx_word' id='word_1_24' title='bbox 307 325 365 376; x_wconf 79' lang='grc' dir='ltr'>τὰ</span> <span class='ocrx_word' id='word_1_25' title='bbox 403 330 497 376; x_wconf 80' lang='grc' dir='ltr'>τῶν</span> <span class='ocrx_word' id='word_1_26' title='bbox 523 322 740 393; x_wconf 60' lang='grc' dir='ltr'>δυνάμεων</span> <span class='ocrx_word' id='word_1_27' title='bbox 767 325 1044 393; x_wconf 77' lang='grc' dir='ltr'>ἐνεργήματα</span> <span class='ocrx_word' id='word_1_28' title='bbox 1079 324 1132 374; x_wconf 88' lang='grc' dir='ltr'>δι’</span> <span class='ocrx_word' id='word_1_29' title='bbox 1162 321 1262 375; x_wconf 81' lang='grc' dir='ltr'>ἑνὸς</span> <span class='ocrx_word' id='word_1_30' title='bbox 1296 327 1379 372; x_wconf 85' lang='grc' dir='ltr'>τοῦ</span> <span class='ocrx_word' id='word_1_31' title='bbox 1413 320 1703 385; x_wconf 78' lang='grc' dir='ltr'>Πνεύματος·</span> 
     </span>
     <span class='ocr_line' id='line_1_5' title="bbox 124 403 1700 475; baseline -0.003 -18"><span class='ocrx_word' id='word_1_32' title='bbox 124 406 256 457; x_wconf 80' lang='grc' dir='ltr'>ἀλλὰ</span> <span class='ocrx_word' id='word_1_33' title='bbox 294 410 369 458; x_wconf 89' lang='grc' dir='ltr'>καὶ</span> <span class='ocrx_word' id='word_1_34' title='bbox 405 406 691 475; x_wconf 85' lang='grc' dir='ltr'>προφητεύει</span> <span class='ocrx_word' id='word_1_35' title='bbox 729 428 798 459; x_wconf 92' lang='grc' dir='ltr'>τις</span> <span class='ocrx_word' id='word_1_36' title='bbox 832 405 1001 472; x_wconf 81' lang='grc' dir='ltr'>ἕτερος,</span> <span class='ocrx_word' id='word_1_37' title='bbox 1039 403 1169 468; x_wconf 82' lang='grc' dir='ltr'>πλὴν</span> <span class='ocrx_word' id='word_1_38' title='bbox 1204 404 1257 455; x_wconf 84' lang='grc' dir='ltr'>οὐ</span> <span class='ocrx_word' id='word_1_39' title='bbox 1292 403 1401 471; x_wconf 83' lang='grc' dir='ltr'>δίχα</span> <span class='ocrx_word' id='word_1_40' title='bbox 1435 408 1517 453; x_wconf 83' lang='grc' dir='ltr'>τοῦ</span> <span class='ocrx_word' id='word_1_41' title='bbox 1547 404 1700 453; x_wconf 86' lang='grc' dir='ltr'>Πνεύ-</span> 
     </span>
     <span class='ocr_line' id='line_1_6' title="bbox 123 484 1707 556; baseline -0.003 -17"><span class='ocrx_word' id='word_1_42' title='bbox 123 509 285 553; x_wconf 88' lang='grc' dir='ltr'>ματος·</span> <span class='ocrx_word' id='word_1_43' title='bbox 337 488 429 556; x_wconf 73' lang='grc' dir='ltr'>ἔχει</span> <span class='ocrx_word' id='word_1_44' title='bbox 463 488 516 539; x_wconf 83' lang='grc' dir='ltr'>δέ</span> <span class='ocrx_word' id='word_1_45' title='bbox 549 511 619 541; x_wconf 88' lang='grc' dir='ltr'>τις</span> <span class='ocrx_word' id='word_1_46' title='bbox 655 490 730 539; x_wconf 79' lang='grc' dir='ltr'>καὶ</span> <span class='ocrx_word' id='word_1_47' title='bbox 766 485 1007 556; x_wconf 57' lang='grc' dir='ltr'>διακρίσεις</span> <span class='ocrx_word' id='word_1_48' title='bbox 1031 486 1306 554; x_wconf 76' lang='grc' dir='ltr'>πνευμάτων,</span> <span class='ocrx_word' id='word_1_49' title='bbox 1332 484 1461 548; x_wconf 81' lang='grc' dir='ltr'>πλὴν</span> <span class='ocrx_word' id='word_1_50' title='bbox 1499 485 1547 534; x_wconf 87' lang='grc' dir='ltr'>ἐν</span> <span class='ocrx_word' id='word_1_51' title='bbox 1581 485 1707 553; x_wconf 72' lang='grc' dir='ltr'>αὐτῷ</span> 
     </span>
     <span class='ocr_line' id='line_1_7' title="bbox 80 564 1708 640; baseline -0.004 -18"><span class='ocrx_word' id='word_1_52' title='bbox 80 575 189 640; x_wconf 75' lang='grc' dir='ltr'>5τῷ</span> <span class='ocrx_word' id='word_1_53' title='bbox 230 570 486 634; x_wconf 88' lang='grc' dir='ltr'>Πνεύματι·</span> <span class='ocrx_word' id='word_1_54' title='bbox 534 570 681 621; x_wconf 82' lang='grc' dir='ltr'>ποίων</span> <span class='ocrx_word' id='word_1_55' title='bbox 720 567 768 620; x_wconf 80' lang='grc' dir='ltr'>δὲ</span> <span class='ocrx_word' id='word_1_56' title='bbox 805 567 1095 630; x_wconf 84' lang='grc' dir='ltr'>πνευμάτων,</span> <span class='ocrx_word' id='word_1_57' title='bbox 1135 567 1309 632; x_wconf 79' lang='grc' dir='ltr'>εἴρηται</span> <span class='ocrx_word' id='word_1_58' title='bbox 1346 564 1590 632; x_wconf 86' lang='grc' dir='ltr'>πρότερον·</span> <span class='ocrx_word' id='word_1_59' title='bbox 1640 568 1708 616; x_wconf 86' lang='grc' dir='ltr'>δι-</span> 
     </span>
     <span class='ocr_line' id='line_1_8' title="bbox 125 645 1707 718; baseline -0.002 -16"><span class='ocrx_word' id='word_1_60' title='bbox 125 652 254 702; x_wconf 85' lang='grc' dir='ltr'>δόναι</span> <span class='ocrx_word' id='word_1_61' title='bbox 288 651 437 717; x_wconf 85' lang='grc' dir='ltr'>γεμὴν</span> <span class='ocrx_word' id='word_1_62' title='bbox 463 653 539 703; x_wconf 86' lang='grc' dir='ltr'>καὶ</span> <span class='ocrx_word' id='word_1_63' title='bbox 565 651 735 718; x_wconf 73' lang='grc' dir='ltr'>ἕτεροις</span> <span class='ocrx_word' id='word_1_64' title='bbox 762 649 1045 718; x_wconf 76' lang='grc' dir='ltr'>ἰσχυρίζεται</span> <span class='ocrx_word' id='word_1_65' title='bbox 1072 648 1124 699; x_wconf 79' lang='grc' dir='ltr'>τὸ</span> <span class='ocrx_word' id='word_1_66' title='bbox 1153 647 1315 699; x_wconf 75' lang='grc' dir='ltr'>εἰδέναι</span> <span class='ocrx_word' id='word_1_67' title='bbox 1343 645 1440 713; x_wconf 64' lang='grc' dir='ltr'>γένη</span> <span class='ocrx_word' id='word_1_68' title='bbox 1471 647 1707 714; x_wconf 71' lang='grc' dir='ltr'>γλωσσῶν,</span> 
     </span>
     <span class='ocr_line' id='line_1_9' title="bbox 125 728 1708 802; baseline -0.003 -18"><span class='ocrx_word' id='word_1_69' title='bbox 125 735 201 784; x_wconf 81' lang='grc' dir='ltr'>καὶ</span> <span class='ocrx_word' id='word_1_70' title='bbox 226 733 383 797; x_wconf 81' lang='grc' dir='ltr'>μέντοι</span> <span class='ocrx_word' id='word_1_71' title='bbox 418 736 492 784; x_wconf 83' lang='grc' dir='ltr'>καὶ</span> <span class='ocrx_word' id='word_1_72' title='bbox 526 734 761 802; x_wconf 72' lang='grc' dir='ltr'>ἑρμηνείας·</span> <span class='ocrx_word' id='word_1_73' title='bbox 817 730 1034 799; x_wconf 75' lang='grc' dir='ltr'>χάρισμα</span> <span class='ocrx_word' id='word_1_74' title='bbox 1060 729 1107 781; x_wconf 75' lang='grc' dir='ltr'>δὲ</span> <span class='ocrx_word' id='word_1_75' title='bbox 1133 728 1271 781; x_wconf 81' lang='grc' dir='ltr'>τοῦτό</span> <span class='ocrx_word' id='word_1_76' title='bbox 1303 735 1459 797; x_wconf 84' lang='grc' dir='ltr'>φαμεν</span> <span class='ocrx_word' id='word_1_77' title='bbox 1490 729 1606 781; x_wconf 75' lang='grc' dir='ltr'>ἴδιον</span> <span class='ocrx_word' id='word_1_78' title='bbox 1632 732 1708 781; x_wconf 80' lang='grc' dir='ltr'>καὶ</span> 
     </span>
     <span class='ocr_line' id='line_1_10' title="bbox 124 811 1498 885; baseline -0.003 -19"><span class='ocrx_word' id='word_1_79' title='bbox 124 818 172 866; x_wconf 84' lang='grc' dir='ltr'>ἐν</span> <span class='ocrx_word' id='word_1_80' title='bbox 198 818 343 885; x_wconf 70' lang='grc' dir='ltr'>καιρῷ</span> <span class='ocrx_word' id='word_1_81' title='bbox 369 818 444 867; x_wconf 81' lang='grc' dir='ltr'>καὶ</span> <span class='ocrx_word' id='word_1_82' title='bbox 471 815 602 884; x_wconf 77' lang='grc' dir='ltr'>χρείᾳ</span> <span class='ocrx_word' id='word_1_83' title='bbox 626 816 754 865; x_wconf 76' lang='grc' dir='ltr'>τισὶν</span> <span class='ocrx_word' id='word_1_84' title='bbox 780 817 1079 876; x_wconf 75' lang='grc' dir='ltr'>οἰκονομικῶς</span> <span class='ocrx_word' id='word_1_85' title='bbox 1107 811 1498 879; x_wconf 77' lang='grc' dir='ltr'>κεχορηγημένον,</span> 
     </span>
     <span class='ocr_line' id='line_1_11' title="bbox 197 894 1708 962; baseline -0.003 -14"><span class='ocrx_word' id='word_1_86' title='bbox 197 898 338 948; x_wconf 85' lang='grc' dir='ltr'>Ἀλλ’</span> <span class='ocrx_word' id='word_1_87' title='bbox 380 901 422 948; x_wconf 81' lang='grc' dir='ltr'>οἱ</span> <span class='ocrx_word' id='word_1_88' title='bbox 461 896 547 961; x_wconf 76' lang='grc' dir='ltr'>μὲν</span> <span class='ocrx_word' id='word_1_89' title='bbox 585 901 686 950; x_wconf 81' lang='grc' dir='ltr'>ταῖς</span> <span class='ocrx_word' id='word_1_90' title='bbox 724 895 979 962; x_wconf 81' lang='grc' dir='ltr'>γλώσσαις</span> <span class='ocrx_word' id='word_1_91' title='bbox 1017 894 1239 956; x_wconf 86' lang='grc' dir='ltr'>ἐλάλουν,</span> <span class='ocrx_word' id='word_1_92' title='bbox 1282 894 1430 944; x_wconf 88' lang='grc' dir='ltr'>καίτοι</span> <span class='ocrx_word' id='word_1_93' title='bbox 1471 895 1583 959; x_wconf 72' lang='grc' dir='ltr'>πρὶν</span> <span class='ocrx_word' id='word_1_94' title='bbox 1625 894 1708 943; x_wconf 85' lang='grc' dir='ltr'>οὐκ</span> 
     </span>
     <span class='ocr_line' id='line_1_12' title="bbox 56 973 1708 1043; baseline -0.002 -15"><span class='ocrx_word' id='word_1_95' title='bbox 56 1002 104 1028; x_wconf 92' lang='lat'>10</span> <span class='ocrx_word' id='word_1_96' title='bbox 123 977 291 1032; x_wconf 81' lang='grc' dir='ltr'>εἰδότες</span> <span class='ocrx_word' id='word_1_97' title='bbox 323 978 478 1041; x_wconf 77' lang='grc' dir='ltr'>αὐτὰς,</span> <span class='ocrx_word' id='word_1_98' title='bbox 506 982 548 1029; x_wconf 80' lang='grc' dir='ltr'>οἱ</span> <span class='ocrx_word' id='word_1_99' title='bbox 580 977 627 1029; x_wconf 83' lang='grc' dir='ltr'>δὲ</span> <span class='ocrx_word' id='word_1_100' title='bbox 654 980 873 1041; x_wconf 85' lang='grc' dir='ltr'>συνῆσαν</span> <span class='ocrx_word' id='word_1_101' title='bbox 899 974 1269 1043; x_wconf 87' lang='grc' dir='ltr'>διερμηνεύοντες</span> <span class='ocrx_word' id='word_1_102' title='bbox 1302 976 1451 1026; x_wconf 87' lang='grc' dir='ltr'>καίτοι</span> <span class='ocrx_word' id='word_1_103' title='bbox 1476 973 1627 1026; x_wconf 82' lang='grc' dir='ltr'>πάλαι</span> <span class='ocrx_word' id='word_1_104' title='bbox 1653 974 1708 1025; x_wconf 83' lang='grc' dir='ltr'>τὸ</span> 
     </span>
     <span class='ocr_line' id='line_1_13' title="bbox 123 1056 1706 1127; baseline -0.003 -17"><span class='ocrx_word' id='word_1_105' title='bbox 123 1060 201 1113; x_wconf 79' lang='grc' dir='ltr'>οὖς</span> <span class='ocrx_word' id='word_1_106' title='bbox 227 1061 310 1111; x_wconf 83' lang='grc' dir='ltr'>οὐκ</span> <span class='ocrx_word' id='word_1_107' title='bbox 344 1061 532 1127; x_wconf 76' lang='grc' dir='ltr'>ἐντριβῆ</span> <span class='ocrx_word' id='word_1_108' title='bbox 560 1083 609 1111; x_wconf 91' lang='grc' dir='ltr'>τε</span> <span class='ocrx_word' id='word_1_109' title='bbox 636 1062 711 1110; x_wconf 79' lang='grc' dir='ltr'>καὶ</span> <span class='ocrx_word' id='word_1_110' title='bbox 737 1060 785 1110; x_wconf 87' lang='grc' dir='ltr'>ἐν</span> <span class='ocrx_word' id='word_1_111' title='bbox 810 1057 901 1110; x_wconf 74' lang='grc' dir='ltr'>ἔθει</span> <span class='ocrx_word' id='word_1_112' title='bbox 939 1063 1034 1109; x_wconf 80' lang='grc' dir='ltr'>τῶν</span> <span class='ocrx_word' id='word_1_113' title='bbox 1067 1056 1290 1108; x_wconf 73' lang='grc' dir='ltr'>τοιούτων</span> <span class='ocrx_word' id='word_1_114' title='bbox 1316 1056 1521 1124; x_wconf 88' lang='grc' dir='ltr'>ἐχόντων</span> <span class='ocrx_word' id='word_1_115' title='bbox 1553 1060 1706 1107; x_wconf 80' lang='grc' dir='ltr'>τινῶν·</span> 
     </span>
     <span class='ocr_line' id='line_1_14' title="bbox 123 1139 1705 1206; baseline -0.001 -15"><span class='ocrx_word' id='word_1_116' title='bbox 123 1141 344 1192; x_wconf 86' lang='grc' dir='ltr'>δεδόσθαι</span> <span class='ocrx_word' id='word_1_117' title='bbox 369 1141 517 1206; x_wconf 87' lang='grc' dir='ltr'>γεμὴν</span> <span class='ocrx_word' id='word_1_118' title='bbox 537 1143 562 1192; x_wconf 84' lang='grc' dir='ltr'><strong>ὁ</strong></span> <span class='ocrx_word' id='word_1_119' title='bbox 583 1141 837 1194; x_wconf 82' lang='grc' dir='ltr'>θεσπέσιος</span> <span class='ocrx_word' id='word_1_120' title='bbox 860 1144 1054 1194; x_wconf 84' lang='grc' dir='ltr'>Παῦλος</span> <span class='ocrx_word' id='word_1_121' title='bbox 1079 1144 1174 1194; x_wconf 80' lang='grc' dir='ltr'>τοῖς</span> <span class='ocrx_word' id='word_1_122' title='bbox 1200 1139 1254 1190; x_wconf 76' lang='grc' dir='ltr'>τὸ</span> <span class='ocrx_word' id='word_1_123' title='bbox 1281 1139 1495 1203; x_wconf 74' lang='grc' dir='ltr'>τηνικάδε</span> <span class='ocrx_word' id='word_1_124' title='bbox 1522 1142 1705 1205; x_wconf 85' lang='grc' dir='ltr'>διισχυ-</span> 
     </span>
     <span class='ocr_line' id='line_1_15' title="bbox 123 1220 1864 1289; baseline -0.001 -16"><span class='ocrx_word' id='word_1_125' title='bbox 123 1222 292 1289; x_wconf 72' lang='grc' dir='ltr'>ρίζεται</span> <span class='ocrx_word' id='word_1_126' title='bbox 329 1223 383 1274; x_wconf 82' lang='grc' dir='ltr'>τὸ</span> <span class='ocrx_word' id='word_1_127' title='bbox 424 1223 676 1289; x_wconf 82' lang='grc' dir='ltr'>γλώσσαις</span> <span class='ocrx_word' id='word_1_128' title='bbox 711 1228 890 1285; x_wconf 83' lang='grc' dir='ltr'>λαλεῖν,</span> <span class='ocrx_word' id='word_1_129' title='bbox 916 1223 1003 1289; x_wconf 82' lang='grc' dir='ltr'>οὐχ</span> <span class='ocrx_word' id='word_1_130' title='bbox 1042 1224 1102 1275; x_wconf 84' lang='grc' dir='ltr'>ὡς</span> <span class='ocrx_word' id='word_1_131' title='bbox 1142 1223 1189 1271; x_wconf 84' lang='grc' dir='ltr'>ἐν</span> <span class='ocrx_word' id='word_1_132' title='bbox 1218 1222 1359 1289; x_wconf 73' lang='grc' dir='ltr'>μοίρᾳ</span> <span class='ocrx_word' id='word_1_133' title='bbox 1397 1220 1706 1287; x_wconf 76' lang='grc' dir='ltr'>χαρίσματος,</span> <span class='ocrx_word' id='word_1_134' title='bbox 1726 1238 1780 1275; x_wconf 87' lang='grc'>67</span> <span class='ocrx_word' id='word_1_135' title='bbox 1803 1236 1864 1273; x_wconf 90' lang='grc' dir='ltr'>Μ.</span> 
     </span>
     <span class='ocr_line' id='line_1_16' title="bbox 125 1300 1711 1373; baseline -0.001 -19"><span class='ocrx_word' id='word_1_136' title='bbox 125 1306 236 1355; x_wconf 85' lang='grc' dir='ltr'>ἀλλ’</span> <span class='ocrx_word' id='word_1_137' title='bbox 263 1307 325 1358; x_wconf 84' lang='grc' dir='ltr'>ὡς</span> <span class='ocrx_word' id='word_1_138' title='bbox 351 1307 399 1356; x_wconf 85' lang='grc' dir='ltr'>ἐν</span> <span class='ocrx_word' id='word_1_139' title='bbox 425 1304 554 1373; x_wconf 76' lang='grc' dir='ltr'>τάξει</span> <span class='ocrx_word' id='word_1_140' title='bbox 581 1305 777 1368; x_wconf 86' lang='grc' dir='ltr'>σημείου</span> <span class='ocrx_word' id='word_1_141' title='bbox 803 1309 898 1357; x_wconf 80' lang='grc' dir='ltr'>τοῖς</span> <span class='ocrx_word' id='word_1_142' title='bbox 923 1308 1127 1356; x_wconf 80' lang='grc' dir='ltr'>πιστοῖς·</span> <span class='ocrx_word' id='word_1_143' title='bbox 1171 1305 1246 1353; x_wconf 80' lang='grc' dir='ltr'>καὶ</span> <span class='ocrx_word' id='word_1_144' title='bbox 1271 1300 1327 1365; x_wconf 84' lang='grc' dir='ltr'>δὴ</span> <span class='ocrx_word' id='word_1_145' title='bbox 1355 1304 1430 1353; x_wconf 83' lang='grc' dir='ltr'>καὶ</span> <span class='ocrx_word' id='word_1_146' title='bbox 1465 1306 1711 1370; x_wconf 71' lang='grc' dir='ltr'>προφητι-</span> 
     </span>
    </p>
   </div>
   <div class='ocr_carea' id='block_1_3' title="bbox 1047 1383 1906 1449">
    <p class='ocr_par' dir='ltr' id='par_1_3' title="bbox 1047 1383 1906 1449">
     <span class='ocr_line' id='line_1_17' title="bbox 1047 1383 1906 1449; baseline -0.003 -13"><span class='ocrx_word' id='word_1_147' title='bbox 1047 1391 1074 1414; x_wconf 81' lang='grc'><strong>“</strong></span> <span class='ocrx_word' id='word_1_148' title='bbox 1091 1383 1207 1436; x_wconf 58' lang='grc' dir='ltr'>’Ότι</span> <span class='ocrx_word' id='word_1_149' title='bbox 1248 1385 1296 1434; x_wconf 84' lang='grc' dir='ltr'>ἐν</span> <span class='ocrx_word' id='word_1_150' title='bbox 1331 1384 1708 1449; x_wconf 80' lang='grc' dir='ltr'>ἑτερογλώσσοις</span> <span class='ocrx_word' id='word_1_151' title='bbox 1728 1403 1822 1434; x_wconf 77' lang='lat' dir='ltr'><strong>Infra</strong></span> <span class='ocrx_word' id='word_1_152' title='bbox 1839 1402 1906 1442; x_wconf 56' lang='lat' dir='ltr'>xiv.</span> 
     </span>
    </p>
   </div>
   <div class='ocr_carea' id='block_1_4' title="bbox 57 1384 1873 2462">
    <p class='ocr_par' dir='ltr' id='par_1_4' title="bbox 57 1384 1780 1536">
     <span class='ocr_line' id='line_1_18' title="bbox 57 1384 1006 1452; baseline 0.001 -18"><span class='ocrx_word' id='word_1_153' title='bbox 57 1405 105 1443; x_wconf 88' lang='lat'>15</span> <span class='ocrx_word' id='word_1_154' title='bbox 125 1384 209 1437; x_wconf 79' lang='grc' dir='ltr'>κὸν</span> <span class='ocrx_word' id='word_1_155' title='bbox 241 1386 476 1452; x_wconf 86' lang='grc' dir='ltr'>παρετίθει</span> <span class='ocrx_word' id='word_1_156' title='bbox 515 1386 679 1452; x_wconf 90' lang='grc' dir='ltr'>λόγιον</span> <span class='ocrx_word' id='word_1_157' title='bbox 714 1387 859 1438; x_wconf 81' lang='grc' dir='ltr'>οὕτως</span> <span class='ocrx_word' id='word_1_158' title='bbox 898 1385 1006 1452; x_wconf 72' lang='grc' dir='ltr'>ἕχον</span> 
     </span>
     <span class='ocr_line' id='line_1_19' title="bbox 127 1456 1780 1536; baseline -0.002 -17"><span class='ocrx_word' id='word_1_159' title='bbox 127 1475 154 1497; x_wconf 81' lang='grc'><strong>“</strong></span> <span class='ocrx_word' id='word_1_160' title='bbox 179 1470 255 1519; x_wconf 75' lang='grc' dir='ltr'>καὶ</span> <span class='ocrx_word' id='word_1_161' title='bbox 293 1470 341 1519; x_wconf 84' lang='grc' dir='ltr'>ἐν</span> <span class='ocrx_word' id='word_1_162' title='bbox 366 1469 577 1536; x_wconf 86' lang='grc' dir='ltr'>χείλεσιν</span> <span class='ocrx_word' id='word_1_163' title='bbox 610 1467 781 1532; x_wconf 78' lang='grc' dir='ltr'>ἑτέροις</span> <span class='ocrx_word' id='word_1_164' title='bbox 819 1466 1025 1532; x_wconf 87' lang='grc' dir='ltr'>λαλήσω</span> <span class='ocrx_word' id='word_1_165' title='bbox 1064 1471 1130 1536; x_wconf 76' lang='grc' dir='ltr'>τῷ</span> <span class='ocrx_word' id='word_1_166' title='bbox 1168 1469 1271 1535; x_wconf 72' lang='grc' dir='ltr'>λαῷ</span> <span class='ocrx_word' id='word_1_167' title='bbox 1310 1466 1474 1534; x_wconf 73' lang='grc' dir='ltr'>τούτῳ,</span> <span class='ocrx_word' id='word_1_168' title='bbox 1501 1467 1575 1515; x_wconf 77' lang='grc' dir='ltr'>καὶ</span> <span class='ocrx_word' id='word_1_169' title='bbox 1609 1465 1706 1516; x_wconf 80' lang='grc' dir='ltr'>οὐδ’</span> <span class='ocrx_word' id='word_1_170' title='bbox 1730 1456 1780 1477; x_wconf 72' lang='lat'>²¹&#39;</span> 
     </span>
    </p>

    <p class='ocr_par' dir='ltr' id='par_1_5' title="bbox 125 1545 1711 1781">
     <span class='ocr_line' id='line_1_20' title="bbox 127 1545 1710 1616; baseline -0.002 -17"><span class='ocrx_word' id='word_1_171' title='bbox 127 1556 154 1579; x_wconf 69' lang='lat'>‘⁶</span> <span class='ocrx_word' id='word_1_172' title='bbox 179 1551 241 1604; x_wconf 85' lang='grc' dir='ltr'>ὡς</span> <span class='ocrx_word' id='word_1_173' title='bbox 285 1550 679 1601; x_wconf 88' lang='grc' dir='ltr'>πιστεύσουσιν.”</span> <span class='ocrx_word' id='word_1_174' title='bbox 741 1550 920 1615; x_wconf 84' lang='grc' dir='ltr'>ἐνεργεῖ</span> <span class='ocrx_word' id='word_1_175' title='bbox 962 1548 1010 1599; x_wconf 81' lang='grc' dir='ltr'>δὲ</span> <span class='ocrx_word' id='word_1_176' title='bbox 1055 1547 1292 1616; x_wconf 84' lang='grc' dir='ltr'>διαφόρως</span> <span class='ocrx_word' id='word_1_177' title='bbox 1336 1549 1384 1597; x_wconf 85' lang='grc' dir='ltr'>ἐν</span> <span class='ocrx_word' id='word_1_178' title='bbox 1428 1546 1616 1615; x_wconf 74' lang='grc' dir='ltr'>ἑκάστῳ</span> <span class='ocrx_word' id='word_1_179' title='bbox 1655 1545 1710 1597; x_wconf 80' lang='grc' dir='ltr'>τὸ</span> 
     </span>
     <span class='ocr_line' id='line_1_21' title="bbox 127 1626 1710 1699; baseline -0.003 -17"><span class='ocrx_word' id='word_1_180' title='bbox 127 1635 324 1695; x_wconf 85' lang='grc' dir='ltr'>Πνεῦμα</span> <span class='ocrx_word' id='word_1_181' title='bbox 360 1630 447 1695; x_wconf 87' lang='grc' dir='ltr'>τὴν</span> <span class='ocrx_word' id='word_1_182' title='bbox 478 1635 572 1682; x_wconf 82' lang='grc' dir='ltr'>τῶν</span> <span class='ocrx_word' id='word_1_183' title='bbox 610 1629 921 1699; x_wconf 78' lang='grc' dir='ltr'>χαρισμάτων</span> <span class='ocrx_word' id='word_1_184' title='bbox 960 1629 1198 1694; x_wconf 86' lang='grc' dir='ltr'>διανομήν.</span> <span class='ocrx_word' id='word_1_185' title='bbox 1253 1629 1328 1679; x_wconf 85' lang='grc' dir='ltr'>ἵνα</span> <span class='ocrx_word' id='word_1_186' title='bbox 1366 1626 1543 1693; x_wconf 73' lang='grc' dir='ltr'>ὥσπερ,</span> <span class='ocrx_word' id='word_1_187' title='bbox 1572 1630 1710 1696; x_wconf 82' lang='grc' dir='ltr'>φησὶ,</span> 
     </span>
     <span class='ocr_line' id='line_1_22' title="bbox 125 1709 1711 1781; baseline -0.003 -17"><span class='ocrx_word' id='word_1_188' title='bbox 125 1712 180 1764; x_wconf 77' lang='grc' dir='ltr'>τὸ</span> <span class='ocrx_word' id='word_1_189' title='bbox 204 1713 334 1781; x_wconf 78' lang='grc' dir='ltr'>παχὺ</span> <span class='ocrx_word' id='word_1_190' title='bbox 361 1711 418 1777; x_wconf 84' lang='grc' dir='ltr'>δὴ</span> <span class='ocrx_word' id='word_1_191' title='bbox 444 1718 582 1764; x_wconf 84' lang='grc' dir='ltr'>τοῦτο</span> <span class='ocrx_word' id='word_1_192' title='bbox 610 1714 684 1763; x_wconf 79' lang='grc' dir='ltr'>καὶ</span> <span class='ocrx_word' id='word_1_193' title='bbox 711 1710 805 1763; x_wconf 79' lang='grc' dir='ltr'>ἀπὸ</span> <span class='ocrx_word' id='word_1_194' title='bbox 832 1715 920 1776; x_wconf 84' lang='grc' dir='ltr'>γῆς</span> <span class='ocrx_word' id='word_1_195' title='bbox 944 1716 1087 1772; x_wconf 80' lang='grc' dir='ltr'>σῶμα</span> <span class='ocrx_word' id='word_1_196' title='bbox 1121 1709 1411 1774; x_wconf 70' lang='grc' dir='ltr'>συνέστηκεν</span> <span class='ocrx_word' id='word_1_197' title='bbox 1437 1711 1486 1760; x_wconf 85' lang='grc' dir='ltr'>ἐκ</span> <span class='ocrx_word' id='word_1_198' title='bbox 1519 1710 1711 1775; x_wconf 84' lang='grc' dir='ltr'>μορίων,</span> 
     </span>
    </p>

    <p class='ocr_par' dir='ltr' id='par_1_6' title="bbox 58 1791 1873 2190">
     <span class='ocr_line' id='line_1_23' title="bbox 58 1791 1711 1861; baseline -0.002 -17"><span class='ocrx_word' id='word_1_199' title='bbox 58 1819 106 1844; x_wconf 87' lang='lat'>20</span> <span class='ocrx_word' id='word_1_200' title='bbox 127 1796 248 1846; x_wconf 82' lang='grc' dir='ltr'>οὕτω</span> <span class='ocrx_word' id='word_1_201' title='bbox 282 1797 357 1845; x_wconf 85' lang='grc' dir='ltr'>καὶ</span> <span class='ocrx_word' id='word_1_202' title='bbox 387 1795 411 1845; x_wconf 83' lang='grc' dir='ltr'>ὁ</span> <span class='ocrx_word' id='word_1_203' title='bbox 438 1793 650 1861; x_wconf 80' lang='grc' dir='ltr'>Χριστὸς</span> <span class='ocrx_word' id='word_1_204' title='bbox 685 1793 788 1857; x_wconf 72' lang='grc' dir='ltr'>ἤτοι</span> <span class='ocrx_word' id='word_1_205' title='bbox 817 1792 872 1844; x_wconf 83' lang='grc' dir='ltr'>τὸ</span> <span class='ocrx_word' id='word_1_206' title='bbox 907 1798 1051 1857; x_wconf 85' lang='grc' dir='ltr'>σῶμα</span> <span class='ocrx_word' id='word_1_207' title='bbox 1087 1793 1244 1855; x_wconf 80' lang='grc' dir='ltr'>αὐτοῦ,</span> <span class='ocrx_word' id='word_1_208' title='bbox 1270 1791 1516 1842; x_wconf 75' lang='grc' dir='ltr'>τουτέστιν</span> <span class='ocrx_word' id='word_1_209' title='bbox 1547 1791 1575 1855; x_wconf 83' lang='grc' dir='ltr'><em>ἡ</em></span> <span class='ocrx_word' id='word_1_210' title='bbox 1601 1792 1711 1841; x_wconf 84' lang='grc' dir='ltr'>Ἐκ-</span> 
     </span>
     <span class='ocr_line' id='line_1_24' title="bbox 127 1871 1711 1942; baseline -0.004 -15"><span class='ocrx_word' id='word_1_211' title='bbox 127 1877 319 1940; x_wconf 88' lang='grc' dir='ltr'>κλησία,</span> <span class='ocrx_word' id='word_1_212' title='bbox 347 1875 423 1927; x_wconf 80' lang='grc' dir='ltr'>διὰ</span> <span class='ocrx_word' id='word_1_213' title='bbox 459 1879 646 1940; x_wconf 83' lang='grc' dir='ltr'>πολλῆς</span> <span class='ocrx_word' id='word_1_214' title='bbox 687 1876 835 1942; x_wconf 84' lang='grc' dir='ltr'>ἁγίων</span> <span class='ocrx_word' id='word_1_215' title='bbox 866 1874 1078 1939; x_wconf 85' lang='grc' dir='ltr'>πληθύος</span> <span class='ocrx_word' id='word_1_216' title='bbox 1112 1877 1173 1928; x_wconf 79' lang='grc' dir='ltr'>εἷς</span> <span class='ocrx_word' id='word_1_217' title='bbox 1204 1871 1400 1937; x_wconf 85' lang='grc' dir='ltr'>ἑνότητα</span> <span class='ocrx_word' id='word_1_218' title='bbox 1430 1871 1515 1936; x_wconf 82' lang='grc' dir='ltr'>τὴν</span> <span class='ocrx_word' id='word_1_219' title='bbox 1541 1871 1711 1936; x_wconf 86' lang='grc' dir='ltr'>νοητὴν</span> 
     </span>
     <span class='ocr_line' id='line_1_25' title="bbox 126 1952 1711 2025; baseline -0.002 -17"><span class='ocrx_word' id='word_1_220' title='bbox 126 1957 419 2022; x_wconf 83' lang='grc' dir='ltr'>τελεωτάτην</span> <span class='ocrx_word' id='word_1_221' title='bbox 457 1958 549 2025; x_wconf 79' lang='grc' dir='ltr'>ἕχει</span> <span class='ocrx_word' id='word_1_222' title='bbox 586 1957 673 2022; x_wconf 82' lang='grc' dir='ltr'>τὴν</span> <span class='ocrx_word' id='word_1_223' title='bbox 711 1957 972 2008; x_wconf 87' lang='grc' dir='ltr'>σύστασιν.</span> <span class='ocrx_word' id='word_1_224' title='bbox 1026 1956 1246 2024; x_wconf 88' lang='grc' dir='ltr'>ταύτῃτοι</span> <span class='ocrx_word' id='word_1_225' title='bbox 1285 1957 1360 2006; x_wconf 77' lang='grc' dir='ltr'>καὶ</span> <span class='ocrx_word' id='word_1_226' title='bbox 1400 1955 1424 2004; x_wconf 86' lang='grc' dir='ltr'><strong>ὁ</strong></span> <span class='ocrx_word' id='word_1_227' title='bbox 1457 1952 1711 2005; x_wconf 68' lang='grc' dir='ltr'>θεσπέσιος</span> 
     </span>
     <span class='ocr_line' id='line_1_26' title="bbox 127 2032 1873 2107; baseline -0.003 -18"><span class='ocrx_word' id='word_1_228' title='bbox 127 2042 302 2090; x_wconf 72' lang='grc' dir='ltr'>Δαυεὶδ</span> <span class='ocrx_word' id='word_1_229' title='bbox 326 2039 665 2106; x_wconf 87' lang='grc' dir='ltr'>περιεστάλθαι</span> <span class='ocrx_word' id='word_1_230' title='bbox 691 2041 842 2107; x_wconf 73' lang='grc' dir='ltr'>φησὶν</span> <span class='ocrx_word' id='word_1_231' title='bbox 868 2037 1012 2102; x_wconf 82' lang='grc' dir='ltr'>αὐτὴν</span> <span class='ocrx_word' id='word_1_232' title='bbox 1036 2045 1064 2067; x_wconf 83' lang='grc'><strong>“</strong></span> <span class='ocrx_word' id='word_1_233' title='bbox 1084 2039 1131 2088; x_wconf 86' lang='grc' dir='ltr'>ἐν</span> <span class='ocrx_word' id='word_1_234' title='bbox 1159 2040 1396 2106; x_wconf 71' lang='grc' dir='ltr'>ἱματισμῷ</span> <span class='ocrx_word' id='word_1_235' title='bbox 1424 2035 1668 2103; x_wconf 72' lang='grc' dir='ltr'>διαχρύσῳ</span> <span class='ocrx_word' id='word_1_236' title='bbox 1682 2032 1707 2048; x_wconf 91' lang='grc'>”</span> <span class='ocrx_word' id='word_1_237' title='bbox 1728 2052 1782 2083; x_wconf 70' lang='lat' dir='ltr'>Ps.</span> <span class='ocrx_word' id='word_1_238' title='bbox 1796 2052 1873 2083; x_wconf 80' lang='lat' dir='ltr'>xliv.</span> 
     </span>
     <span class='ocr_line' id='line_1_27' title="bbox 126 2105 1779 2190; baseline -0.004 -19"><span class='ocrx_word' id='word_1_239' title='bbox 126 2120 589 2190; x_wconf 76' lang='grc' dir='ltr'>περιπεποικιλμένῳ,</span> <span class='ocrx_word' id='word_1_240' title='bbox 620 2120 675 2171; x_wconf 80' lang='grc' dir='ltr'>τὸ</span> <span class='ocrx_word' id='word_1_241' title='bbox 713 2125 807 2171; x_wconf 83' lang='grc' dir='ltr'>τῶν</span> <span class='ocrx_word' id='word_1_242' title='bbox 845 2119 1155 2187; x_wconf 83' lang='grc' dir='ltr'>χαρισμάτων</span> <span class='ocrx_word' id='word_1_243' title='bbox 1191 2116 1317 2181; x_wconf 75' lang='grc' dir='ltr'>οἶμαι</span> <span class='ocrx_word' id='word_1_244' title='bbox 1354 2115 1595 2170; x_wconf 77' lang='grc' dir='ltr'>πολυειδὲς</span> <span class='ocrx_word' id='word_1_245' title='bbox 1634 2117 1710 2166; x_wconf 76' lang='grc' dir='ltr'>καὶ</span> <span class='ocrx_word' id='word_1_246' title='bbox 1732 2105 1779 2126; x_wconf 68' lang='lat'>10&#39;</span> 
     </span>
    </p>

    <p class='ocr_par' dir='ltr' id='par_1_7' title="bbox 60 2201 983 2270">
     <span class='ocr_line' id='line_1_28' title="bbox 60 2201 983 2270; baseline 0.002 -20"><span class='ocrx_word' id='word_1_247' title='bbox 60 2221 107 2260; x_wconf 91' lang='lat'>25</span> <span class='ocrx_word' id='word_1_248' title='bbox 126 2202 278 2265; x_wconf 85' lang='grc' dir='ltr'>τίμιον</span> <span class='ocrx_word' id='word_1_249' title='bbox 305 2204 367 2255; x_wconf 87' lang='grc' dir='ltr'>ὡς</span> <span class='ocrx_word' id='word_1_250' title='bbox 389 2202 437 2253; x_wconf 77' lang='grc' dir='ltr'>ἕν</span> <span class='ocrx_word' id='word_1_251' title='bbox 464 2225 517 2268; x_wconf 90' lang='grc' dir='ltr'>γε</span> <span class='ocrx_word' id='word_1_252' title='bbox 543 2201 694 2270; x_wconf 79' lang='grc' dir='ltr'>τούτῳ</span> <span class='ocrx_word' id='word_1_253' title='bbox 721 2202 983 2265; x_wconf 88' lang='grc' dir='ltr'>σημαίνων.</span> 
     </span>
    </p>

    <p class='ocr_par' dir='ltr' id='par_1_8' title="bbox 176 2278 1712 2462">
     <span class='ocr_line' id='line_1_29' title="bbox 193 2278 1712 2350; baseline -0.004 -16"><span class='ocrx_word' id='word_1_254' title='bbox 193 2280 309 2334; x_wconf 73' lang='lat' dir='ltr'>“Ort</span> <span class='ocrx_word' id='word_1_255' title='bbox 329 2284 484 2334; x_wconf 86' lang='grc' dir='ltr'>τοίνυν</span> <span class='ocrx_word' id='word_1_256' title='bbox 510 2283 713 2347; x_wconf 76' lang='grc' dir='ltr'>ἔμελλον</span> <span class='ocrx_word' id='word_1_257' title='bbox 739 2287 779 2333; x_wconf 82' lang='grc' dir='ltr'>οἱ</span> <span class='ocrx_word' id='word_1_258' title='bbox 806 2285 887 2347; x_wconf 84' lang='grc' dir='ltr'>τῆς</span> <span class='ocrx_word' id='word_1_259' title='bbox 914 2282 992 2350; x_wconf 83' lang='grc' dir='ltr'>ὑφ’</span> <span class='ocrx_word' id='word_1_260' title='bbox 1015 2280 1135 2349; x_wconf 76' lang='grc' dir='ltr'>ἡλίῳ</span> <span class='ocrx_word' id='word_1_261' title='bbox 1164 2281 1474 2346; x_wconf 80' lang='grc' dir='ltr'>μυσταγωγοὶ</span> <span class='ocrx_word' id='word_1_262' title='bbox 1500 2278 1712 2346; x_wconf 84' lang='grc' dir='ltr'>γλώσσῃ</span> 
     </span>
     <span class='ocr_line' id='line_1_30' title="bbox 176 2414 1711 2462; baseline -0.001 -12"><span class='ocrx_word' id='word_1_263' title='bbox 176 2427 277 2461; x_wconf 89' lang='lat'>9-22.</span> <span class='ocrx_word' id='word_1_264' title='bbox 298 2416 396 2451; x_wconf 86' lang='lat' dir='ltr'>Haec</span> <span class='ocrx_word' id='word_1_265' title='bbox 414 2416 495 2450; x_wconf 82' lang='lat' dir='ltr'>citat</span> <span class='ocrx_word' id='word_1_266' title='bbox 512 2421 545 2450; x_wconf 81' lang='lat' dir='ltr'>et</span> <span class='ocrx_word' id='word_1_267' title='bbox 561 2415 692 2451; x_wconf 79' lang='lat' dir='ltr'><strong>Catena</strong></span> <span class='ocrx_word' id='word_1_268' title='bbox 709 2417 745 2451; x_wconf 91' lang='lat' dir='ltr'>in</span> <span class='ocrx_word' id='word_1_269' title='bbox 763 2417 1056 2462; x_wconf 84' lang='lat' dir='ltr'>Praxapostolum</span> <span class='ocrx_word' id='word_1_270' title='bbox 1071 2415 1238 2450; x_wconf 83' lang='lat' dir='ltr'>Cramero</span> <span class='ocrx_word' id='word_1_271' title='bbox 1256 2414 1348 2449; x_wconf 81' lang='lat' dir='ltr'>edita</span> <span class='ocrx_word' id='word_1_272' title='bbox 1365 2427 1382 2449; x_wconf 85' lang='lat' dir='ltr'>e</span> <span class='ocrx_word' id='word_1_273' title='bbox 1397 2414 1485 2449; x_wconf 86' lang='lat' dir='ltr'>Cod.</span> <span class='ocrx_word' id='word_1_274' title='bbox 1501 2414 1607 2449; x_wconf 29' lang='lat' dir='ltr'>Cois11</span> <span class='ocrx_word' id='word_1_275' title='bbox 1628 2427 1711 2448; x_wconf 78' lang='lat' dir='ltr'>xxv,</span> 
     </span>
    </p>
   </div>
   <div class='ocr_carea' id='block_1_5' title="bbox 128 2460 1711 2555">
    <p class='ocr_par' dir='ltr' id='par_1_9' title="bbox 128 2460 1711 2555">
     <span class='ocr_line' id='line_1_31' title="bbox 128 2460 1711 2516; baseline -0.001 -20"><span class='ocrx_word' id='word_1_276' title='bbox 128 2462 188 2514; x_wconf 73' lang='lat' dir='ltr'><strong>f91.</strong></span> <span class='ocrx_word' id='word_1_277' title='bbox 206 2474 243 2497; x_wconf 83' lang='lat'>11</span> <span class='ocrx_word' id='word_1_278' title='bbox 264 2475 287 2497; x_wconf 92' lang='lat' dir='ltr'><strong>v</strong></span> <span class='ocrx_word' id='word_1_279' title='bbox 306 2462 428 2508; x_wconf 85' lang='lat' dir='ltr'>[quem</span> <span class='ocrx_word' id='word_1_280' title='bbox 445 2475 462 2497; x_wconf 88' lang='lat' dir='ltr'>c</span> <span class='ocrx_word' id='word_1_281' title='bbox 481 2462 633 2508; x_wconf 84' lang='lat' dir='ltr'>signavi]</span> <span class='ocrx_word' id='word_1_282' title='bbox 662 2470 695 2497; x_wconf 85' lang='lat' dir='ltr'>et</span> <span class='ocrx_word' id='word_1_283' title='bbox 712 2463 789 2498; x_wconf 85' lang='lat' dir='ltr'><strong>cod.</strong></span> <span class='ocrx_word' id='word_1_284' title='bbox 810 2463 959 2508; x_wconf 81' lang='lat' dir='ltr'>collegii</span> <span class='ocrx_word' id='word_1_285' title='bbox 976 2463 1070 2497; x_wconf 89' lang='lat' dir='ltr'>Novi</span> <span class='ocrx_word' id='word_1_286' title='bbox 1087 2462 1158 2497; x_wconf 87' lang='lat' dir='ltr'>lviii</span> <span class='ocrx_word' id='word_1_287' title='bbox 1178 2461 1272 2506; x_wconf 83' lang='lat' dir='ltr'>apud</span> <span class='ocrx_word' id='word_1_288' title='bbox 1292 2462 1511 2496; x_wconf 82' lang='lat' dir='ltr'>Oxonienses</span> <span class='ocrx_word' id='word_1_289' title='bbox 1541 2460 1662 2516; x_wconf 83' lang='lat' dir='ltr'>[quem</span> <span class='ocrx_word' id='word_1_290' title='bbox 1689 2461 1711 2494; x_wconf 88' lang='lat' dir='ltr'>d</span> 
     </span>
     <span class='ocr_line' id='line_1_32' title="bbox 129 2508 1711 2555; baseline -0.001 -13"><span class='ocrx_word' id='word_1_291' title='bbox 129 2508 295 2553; x_wconf 61' lang='lat' dir='ltr'>Slgnavi]</span> <span class='ocrx_word' id='word_1_292' title='bbox 316 2510 456 2543; x_wconf 86' lang='lat' dir='ltr'>Titulus</span> <span class='ocrx_word' id='word_1_293' title='bbox 467 2512 534 2543; x_wconf 85' lang='grc' dir='ltr'>Τοῦ</span> <span class='ocrx_word' id='word_1_294' title='bbox 546 2509 643 2555; x_wconf 82' lang='grc' dir='ltr'>ἁγίου</span> <span class='ocrx_word' id='word_1_295' title='bbox 654 2510 818 2555; x_wconf 87' lang='grc' dir='ltr'>κυρίλλου</span> <span class='ocrx_word' id='word_1_296' title='bbox 830 2510 864 2544; x_wconf 80' lang='grc' dir='ltr'>ἐκ</span> <span class='ocrx_word' id='word_1_297' title='bbox 877 2512 936 2554; x_wconf 85' lang='grc' dir='ltr'>τῆς</span> <span class='ocrx_word' id='word_1_298' title='bbox 953 2509 1125 2554; x_wconf 74' lang='grc' dir='ltr'>ἑρμηνείας</span> <span class='ocrx_word' id='word_1_299' title='bbox 1142 2510 1200 2553; x_wconf 82' lang='grc' dir='ltr'>τῆς</span> <span class='ocrx_word' id='word_1_300' title='bbox 1217 2509 1302 2552; x_wconf 86' lang='grc' dir='ltr'>πρὸς</span> <span class='ocrx_word' id='word_1_301' title='bbox 1320 2508 1507 2552; x_wconf 84' lang='grc' dir='ltr'>κορινθίους</span> <span class='ocrx_word' id='word_1_302' title='bbox 1523 2523 1544 2541; x_wconf 88' lang='grc' dir='ltr'>α</span> <span class='ocrx_word' id='word_1_303' title='bbox 1571 2508 1711 2542; x_wconf 79' lang='grc' dir='ltr'>ἐπιστο-</span> 
     </span>
    </p>
   </div>
   <div class='ocr_carea' id='block_1_6' title="bbox 128 2554 1713 2957">
    <p class='ocr_par' dir='ltr' id='par_1_10' title="bbox 128 2554 1713 2957">
     <span class='ocr_line' id='line_1_33' title="bbox 128 2554 1713 2601; baseline -0.001 -12"><span class='ocrx_word' id='word_1_304' title='bbox 128 2556 189 2598; x_wconf 83' lang='grc' dir='ltr'>λῆς</span> <span class='ocrx_word' id='word_1_305' title='bbox 204 2557 309 2599; x_wconf 89' lang='grc' dir='ltr'>τόμου</span> <span class='ocrx_word' id='word_1_306' title='bbox 328 2554 361 2589; x_wconf 88' lang='lat' dir='ltr'>B&#39;</span> <span class='ocrx_word' id='word_1_307' title='bbox 383 2555 466 2601; x_wconf 85' lang='lat' dir='ltr'>[sic]</span> <span class='ocrx_word' id='word_1_308' title='bbox 487 2567 518 2590; x_wconf 85' lang='lat' dir='ltr'>c.</span> <span class='ocrx_word' id='word_1_309' title='bbox 688 2567 740 2590; x_wconf 83' lang='lat'>10.</span> <span class='ocrx_word' id='word_1_310' title='bbox 768 2558 798 2590; x_wconf 83' lang='grc' dir='ltr'>οἱ</span> <span class='ocrx_word' id='word_1_311' title='bbox 816 2556 852 2590; x_wconf 85' lang='grc' dir='ltr'>δέ</span> <span class='ocrx_word' id='word_1_312' title='bbox 871 2556 938 2591; x_wconf 90' lang='lat' dir='ltr'>c.d.</span> <span class='ocrx_word' id='word_1_313' title='bbox 956 2557 1007 2589; x_wconf 79' lang='grc' dir='ltr'>καὶ</span> <span class='ocrx_word' id='word_1_314' title='bbox 1026 2556 1069 2590; x_wconf 89' lang='grc' dir='ltr'>Α.</span> <span class='ocrx_word' id='word_1_315' title='bbox 1086 2555 1153 2589; x_wconf 85' lang='lat' dir='ltr'>Ed.</span> <span class='ocrx_word' id='word_1_316' title='bbox 1229 2555 1325 2588; x_wconf 80' lang='lat' dir='ltr'>Haec</span> <span class='ocrx_word' id='word_1_317' title='bbox 1343 2556 1381 2588; x_wconf 86' lang='grc' dir='ltr'>τὸ</span> <span class='ocrx_word' id='word_1_318' title='bbox 1399 2554 1456 2589; x_wconf 72' lang='grc' dir='ltr'>οὖς</span> <span class='ocrx_word' id='word_1_319' title='bbox 1473 2560 1505 2588; x_wconf 80' lang='lat' dir='ltr'>et</span> <span class='ocrx_word' id='word_1_320' title='bbox 1523 2555 1658 2598; x_wconf 76' lang='grc' dir='ltr'>ἐντριβῆ</span> <span class='ocrx_word' id='word_1_321' title='bbox 1677 2569 1713 2587; x_wconf 81' lang='grc' dir='ltr'>τε</span> 
     </span>
     <span class='ocr_line' id='line_1_34' title="bbox 128 2600 1711 2647; baseline -0.001 -12"><span class='ocrx_word' id='word_1_322' title='bbox 128 2602 181 2634; x_wconf 84' lang='grc' dir='ltr'>καὶ</span> <span class='ocrx_word' id='word_1_323' title='bbox 199 2608 420 2636; x_wconf 81' lang='lat' dir='ltr'>accesserunt</span> <span class='ocrx_word' id='word_1_324' title='bbox 435 2614 475 2636; x_wconf 85' lang='lat' dir='ltr'>ex</span> <span class='ocrx_word' id='word_1_325' title='bbox 494 2601 562 2636; x_wconf 83' lang='lat' dir='ltr'>c.d.</span> <span class='ocrx_word' id='word_1_326' title='bbox 672 2613 725 2636; x_wconf 85' lang='grc' dir='ltr'>ῐΙ.</span> <span class='ocrx_word' id='word_1_327' title='bbox 745 2603 892 2647; x_wconf 79' lang='grc' dir='ltr'>ἐχόντων</span> <span class='ocrx_word' id='word_1_328' title='bbox 909 2607 1006 2637; x_wconf 83' lang='grc' dir='ltr'>τινῶν</span> <span class='ocrx_word' id='word_1_329' title='bbox 1023 2602 1091 2636; x_wconf 87' lang='lat' dir='ltr'>c.d.</span> <span class='ocrx_word' id='word_1_330' title='bbox 1108 2601 1200 2636; x_wconf 76' lang='grc' dir='ltr'>ὅντες</span> <span class='ocrx_word' id='word_1_331' title='bbox 1217 2602 1340 2645; x_wconf 83' lang='grc' dir='ltr'>φωνῶν</span> <span class='ocrx_word' id='word_1_332' title='bbox 1356 2601 1401 2634; x_wconf 71' lang='grc' dir='ltr'>Α,</span> <span class='ocrx_word' id='word_1_333' title='bbox 1420 2600 1488 2635; x_wconf 85' lang='lat' dir='ltr'>Ed.</span> <span class='ocrx_word' id='word_1_334' title='bbox 1598 2611 1651 2634; x_wconf 87' lang='lat'>12.</span> <span class='ocrx_word' id='word_1_335' title='bbox 1673 2602 1711 2633; x_wconf 84' lang='grc' dir='ltr'>τὸ</span> 
     </span>
     <span class='ocr_line' id='line_1_35' title="bbox 128 2647 1710 2693; baseline -0.001 -12"><span class='ocrx_word' id='word_1_336' title='bbox 128 2647 297 2692; x_wconf 82' lang='grc' dir='ltr'>τηνικάδε]</span> <span class='ocrx_word' id='word_1_337' title='bbox 317 2650 393 2682; x_wconf 89' lang='grc' dir='ltr'>τότε</span> <span class='ocrx_word' id='word_1_338' title='bbox 410 2649 469 2691; x_wconf 84' lang='grc' dir='ltr'>τὴν</span> <span class='ocrx_word' id='word_1_339' title='bbox 486 2649 585 2693; x_wconf 85' lang='grc' dir='ltr'>χάριν</span> <span class='ocrx_word' id='word_1_340' title='bbox 602 2648 636 2682; x_wconf 85' lang='lat' dir='ltr'>d.</span> <span class='ocrx_word' id='word_1_341' title='bbox 655 2663 693 2683; x_wconf 85' lang='grc' dir='ltr'>το</span> <span class='ocrx_word' id='word_1_342' title='bbox 711 2649 770 2692; x_wconf 83' lang='grc' dir='ltr'>τὴν</span> <span class='ocrx_word' id='word_1_343' title='bbox 786 2650 866 2693; x_wconf 85' lang='lat' dir='ltr'>plus</span> <span class='ocrx_word' id='word_1_344' title='bbox 885 2648 1028 2682; x_wconf 83' lang='lat' dir='ltr'>dimidia</span> <span class='ocrx_word' id='word_1_345' title='bbox 1044 2649 1135 2682; x_wconf 84' lang='lat' dir='ltr'>linea</span> <span class='ocrx_word' id='word_1_346' title='bbox 1151 2649 1277 2682; x_wconf 78' lang='lat' dir='ltr'>lacuna</span> <span class='ocrx_word' id='word_1_347' title='bbox 1294 2659 1324 2682; x_wconf 90' lang='lat' dir='ltr'>c.</span> <span class='ocrx_word' id='word_1_348' title='bbox 1576 2658 1630 2689; x_wconf 87' lang='lat'>14.</span> <span class='ocrx_word' id='word_1_349' title='bbox 1655 2661 1710 2680; x_wconf 84' lang='grc' dir='ltr'>πι-</span> 
     </span>
     <span class='ocr_line' id='line_1_36' title="bbox 129 2693 1711 2740; baseline -0.001 -13"><span class='ocrx_word' id='word_1_350' title='bbox 129 2696 225 2729; x_wconf 84' lang='grc' dir='ltr'>στοῖς</span> <span class='ocrx_word' id='word_1_351' title='bbox 240 2694 371 2728; x_wconf 79' lang='lat' dir='ltr'><strong>habent</strong></span> <span class='ocrx_word' id='word_1_352' title='bbox 387 2695 502 2729; x_wconf 86' lang='lat' dir='ltr'><strong>A.e.d.</strong></span> <span class='ocrx_word' id='word_1_353' title='bbox 555 2695 594 2739; x_wconf 87' lang='grc' dir='ltr'>δὴ</span> <span class='ocrx_word' id='word_1_354' title='bbox 613 2694 680 2730; x_wconf 89' lang='lat' dir='ltr'><strong>c.d.</strong></span> <span class='ocrx_word' id='word_1_355' title='bbox 699 2710 751 2729; x_wconf 87' lang='grc' dir='ltr'>τοι</span> <span class='ocrx_word' id='word_1_356' title='bbox 770 2696 836 2730; x_wconf 87' lang='lat' dir='ltr'>Ed.</span> <span class='ocrx_word' id='word_1_357' title='bbox 885 2693 1112 2740; x_wconf 84' lang='grc' dir='ltr'>προφητικὸν]</span> <span class='ocrx_word' id='word_1_358' title='bbox 1131 2694 1375 2739; x_wconf 87' lang='grc' dir='ltr'>προτρεπτικὸν</span> <span class='ocrx_word' id='word_1_359' title='bbox 1393 2693 1461 2727; x_wconf 85' lang='lat' dir='ltr'><strong>c.d.</strong></span> <span class='ocrx_word' id='word_1_360' title='bbox 1571 2693 1623 2727; x_wconf 90' lang='lat'>16.</span> <span class='ocrx_word' id='word_1_361' title='bbox 1642 2694 1711 2726; x_wconf 85' lang='grc' dir='ltr'>ἑτε-</span> 
     </span>
     <span class='ocr_line' id='line_1_37' title="bbox 128 2738 1709 2786; baseline -0.001 -13"><span class='ocrx_word' id='word_1_362' title='bbox 128 2740 326 2785; x_wconf 81' lang='grc' dir='ltr'>ροχείλεσιν</span> <span class='ocrx_word' id='word_1_363' title='bbox 342 2752 406 2785; x_wconf 90' lang='lat' dir='ltr'>pro</span> <span class='ocrx_word' id='word_1_364' title='bbox 424 2741 458 2775; x_wconf 84' lang='grc' dir='ltr'>ἐν</span> <span class='ocrx_word' id='word_1_365' title='bbox 474 2756 509 2786; x_wconf 85' lang='grc' dir='ltr'>χ.</span> <span class='ocrx_word' id='word_1_366' title='bbox 528 2742 576 2775; x_wconf 83' lang='grc' dir='ltr'>ἑτ.</span> <span class='ocrx_word' id='word_1_367' title='bbox 596 2741 663 2775; x_wconf 86' lang='lat' dir='ltr'>c.d.</span> <span class='ocrx_word' id='word_1_368' title='bbox 874 2751 928 2786; x_wconf 88' lang='lat'>17.</span> <span class='ocrx_word' id='word_1_369' title='bbox 954 2743 999 2776; x_wconf 82' lang='grc' dir='ltr'>ὡς</span> <span class='ocrx_word' id='word_1_370' title='bbox 1015 2740 1283 2785; x_wconf 79' lang='grc' dir='ltr'>πιστεύσουσιν]</span> <span class='ocrx_word' id='word_1_371' title='bbox 1303 2739 1407 2774; x_wconf 75' lang='grc' dir='ltr'>οὕτως</span> <span class='ocrx_word' id='word_1_372' title='bbox 1427 2738 1662 2780; x_wconf 68' lang='grc' dir='ltr'>πιστεύσωσιν</span> <span class='ocrx_word' id='word_1_373' title='bbox 1680 2750 1709 2771; x_wconf 84' lang='lat' dir='ltr'>e.</span> 
     </span>
     <span class='ocr_line' id='line_1_38' title="bbox 134 2784 1710 2832; baseline -0.002 -13"><span class='ocrx_word' id='word_1_374' title='bbox 134 2786 187 2820; x_wconf 89' lang='grc'>18.</span> <span class='ocrx_word' id='word_1_375' title='bbox 212 2785 250 2820; x_wconf 86' lang='grc' dir='ltr'>ἵν’</span> <span class='ocrx_word' id='word_1_376' title='bbox 269 2798 299 2820; x_wconf 92' lang='lat' dir='ltr'>c.</span> <span class='ocrx_word' id='word_1_377' title='bbox 537 2798 593 2821; x_wconf 81' lang='lat'>22.</span> <span class='ocrx_word' id='word_1_378' title='bbox 619 2788 833 2831; x_wconf 85' lang='grc' dir='ltr'>τελειοτάτην</span> <span class='ocrx_word' id='word_1_379' title='bbox 849 2788 918 2822; x_wconf 86' lang='lat' dir='ltr'>c.d.</span> <span class='ocrx_word' id='word_1_380' title='bbox 991 2788 1062 2832; x_wconf 82' lang='grc' dir='ltr'>ἕχει</span> <span class='ocrx_word' id='word_1_381' title='bbox 1080 2787 1148 2821; x_wconf 86' lang='lat' dir='ltr'>c.d.</span> <span class='ocrx_word' id='word_1_382' title='bbox 1166 2787 1239 2830; x_wconf 76' lang='grc' dir='ltr'>ἔχοι</span> <span class='ocrx_word' id='word_1_383' title='bbox 1258 2786 1325 2820; x_wconf 84' lang='lat' dir='ltr'>Ed.</span> <span class='ocrx_word' id='word_1_384' title='bbox 1376 2786 1548 2820; x_wconf 76' lang='grc' dir='ltr'>σύστασιν</span> <span class='ocrx_word' id='word_1_385' title='bbox 1565 2784 1710 2818; x_wconf 79' lang='lat' dir='ltr'>des.c.d.</span> 
     </span>
     <span class='ocr_line' id='line_1_39' title="bbox 133 2830 1709 2878; baseline -0.002 -12"><span class='ocrx_word' id='word_1_386' title='bbox 133 2841 188 2873; x_wconf 88' lang='lat'>24.</span> <span class='ocrx_word' id='word_1_387' title='bbox 211 2832 538 2878; x_wconf 81' lang='grc' dir='ltr'>περιπεποικιλμένῳ</span> <span class='ocrx_word' id='word_1_388' title='bbox 556 2833 737 2867; x_wconf 81' lang='lat' dir='ltr'>emendavi</span> <span class='ocrx_word' id='word_1_389' title='bbox 755 2839 833 2878; x_wconf 71' lang='lat' dir='ltr'>post</span> <span class='ocrx_word' id='word_1_390' title='bbox 852 2834 987 2878; x_wconf 86' lang='lat' dir='ltr'><strong>Migne.</strong></span> <span class='ocrx_word' id='word_1_391' title='bbox 1005 2833 1304 2878; x_wconf 81' lang='grc' dir='ltr'>περιεποικιλμένῳ</span> <span class='ocrx_word' id='word_1_392' title='bbox 1323 2833 1366 2866; x_wconf 86' lang='grc' dir='ltr'>Α.</span> <span class='ocrx_word' id='word_1_393' title='bbox 1386 2832 1471 2866; x_wconf 83' lang='lat' dir='ltr'>Mai.</span> <span class='ocrx_word' id='word_1_394' title='bbox 1607 2830 1709 2873; x_wconf 75' lang='lat'>26-1).</span> 
     </span>
     <span class='ocr_line' id='line_1_40' title="bbox 134 2876 1710 2957; baseline -0.003 -45"><span class='ocrx_word' id='word_1_395' title='bbox 134 2887 285 2957; x_wconf 48' lang='lat'>3902119.</span> <span class='ocrx_word' id='word_1_396' title='bbox 315 2878 412 2913; x_wconf 83' lang='lat' dir='ltr'>Haec</span> <span class='ocrx_word' id='word_1_397' title='bbox 430 2879 531 2913; x_wconf 77' lang='lat' dir='ltr'>nobis</span> <span class='ocrx_word' id='word_1_398' title='bbox 551 2879 775 2925; x_wconf 81' lang='lat' dir='ltr'>suppeditant</span> <span class='ocrx_word' id='word_1_399' title='bbox 794 2879 862 2914; x_wconf 84' lang='lat' dir='ltr'><strong>c.d.</strong></span> <span class='ocrx_word' id='word_1_400' title='bbox 882 2881 934 2913; x_wconf 87' lang='grc' dir='ltr'>καὶ</span> <span class='ocrx_word' id='word_1_401' title='bbox 953 2879 1023 2923; x_wconf 78' lang='grc' dir='ltr'>μετ’</span> <span class='ocrx_word' id='word_1_402' title='bbox 1041 2880 1142 2925; x_wconf 81' lang='grc' dir='ltr'>ὀλίγα</span> <span class='ocrx_word' id='word_1_403' title='bbox 1160 2880 1401 2924; x_wconf 75' lang='lat' dir='ltr'><strong>praemittente</strong></span> <span class='ocrx_word' id='word_1_404' title='bbox 1420 2878 1452 2911; x_wconf 81' lang='lat' dir='ltr'>d.</span> <span class='ocrx_word' id='word_1_405' title='bbox 1531 2876 1585 2910; x_wconf 85' lang='lat'>26.</span> <span class='ocrx_word' id='word_1_406' title='bbox 1613 2876 1662 2909; x_wconf 81' lang='grc' dir='ltr'>ὅτι</span> <span class='ocrx_word' id='word_1_407' title='bbox 1681 2888 1710 2908; x_wconf 82' lang='lat' dir='ltr'>c.</span> 
     </span>
     <span class='ocr_line' id='line_1_41' title="bbox 133 2936 240 2957; baseline 0.009 -1"><span class='ocrx_word' id='word_1_408' title='bbox 133 2936 187 2956; x_wconf 89' lang='grc' dir='ltr'>οτε</span> <span class='ocrx_word' id='word_1_409' title='bbox 232 2949 240 2957; x_wconf 90' lang='grc'><strong>.</strong></span> 
     </span>
    </p>
   </div>
   <div class='ocr_carea' id='block_1_7' title="bbox 189 2989 966 3033">
    <p class='ocr_par' dir='ltr' id='par_1_11' title="bbox 189 2989 966 3033">
     <span class='ocr_line' id='line_1_42' title="bbox 189 2989 966 3033; baseline 0.001 -16"><span class='ocrx_word' id='word_1_410' title='bbox 189 2989 281 3017; x_wconf 86' lang='lat' dir='ltr'><strong>VOL.</strong></span> <span class='ocrx_word' id='word_1_411' title='bbox 305 2991 371 3018; x_wconf 83' lang='lat'>111.</span> <span class='ocrx_word' id='word_1_412' title='bbox 896 2993 917 3018; x_wconf 86' lang='lat' dir='ltr'>P</span> <span class='ocrx_word' id='word_1_413' title='bbox 940 2996 966 3033; x_wconf 73' lang='lat' dir='ltr'>p</span> 
     </span>
    </p>
   </div>
  </div>
 </body>
</html>
