<?xml version="1.0" encoding="UTF-8"?>
<!DOCTYPE html PUBLIC "-//W3C//DTD XHTML 1.0 Transitional//EN"
    "http://www.w3.org/TR/xhtml1/DTD/xhtml1-transitional.dtd">
<html xmlns="http://www.w3.org/1999/xhtml" xml:lang="en" lang="en">
 <head>
  <title>
</title>
<meta http-equiv="Content-Type" content="text/html;charset=utf-8" />
  <meta name='ocr-system' content='tesseract 3.04.00' />
  <meta name='ocr-capabilities' content='ocr_page ocr_carea ocr_par ocr_line ocrx_word'/>
</head>
<body>
  <div class='ocr_page' id='page_1' title='image "./operacyrilli05cyriuoft/operacyrilli05cyriuoft_0246.png"; bbox 0 0 2027 3257; ppageno 0'>
   <div class='ocr_carea' id='block_1_1' title="bbox 119 184 288 227">
    <p class='ocr_par' dir='ltr' id='par_1_1' title="bbox 119 184 288 227">
     <span class='ocr_line' id='line_1_1' title="bbox 119 184 288 227; baseline 0.006 -1"><span class='ocrx_word' id='word_1_1' title='bbox 119 184 288 227; x_wconf 79' lang='lat' dir='ltr'>[39M-]</span> 
     </span>
    </p>
   </div>
   <div class='ocr_carea' id='block_1_2' title="bbox 160 1058 303 1095">
    <p class='ocr_par' dir='ltr' id='par_1_2' title="bbox 160 1058 303 1095">
     <span class='ocr_line' id='line_1_2' title="bbox 160 1058 303 1095; baseline 0.014 -2"><span class='ocrx_word' id='word_1_2' title='bbox 160 1059 221 1094; x_wconf 86' lang='lat'>40</span> <span class='ocrx_word' id='word_1_3' title='bbox 242 1058 303 1095; x_wconf 85' lang='lat' dir='ltr'>M.</span> 
     </span>
    </p>
   </div>
   <div class='ocr_carea' id='block_1_3' title="bbox 321 88 1901 174">
    <p class='ocr_par' dir='ltr' id='par_1_3' title="bbox 321 88 1901 174">
     <span class='ocr_line' id='line_1_3' title="bbox 321 88 1901 174; baseline 0 -12"><span class='ocrx_word' id='word_1_4' title='bbox 321 122 406 163; x_wconf 79' lang='lat'>232</span> <span class='ocrx_word' id='word_1_5' title='bbox 485 121 536 162; x_wconf 90' lang='grc' dir='ltr'>Β.</span> <span class='ocrx_word' id='word_1_6' title='bbox 568 88 816 162; x_wconf 76' lang='lat' dir='ltr'><strong>CYRILLI</strong></span> <span class='ocrx_word' id='word_1_7' title='bbox 853 121 1202 162; x_wconf 86' lang='lat' dir='ltr'><strong>ALEXANDR.</strong></span> <span class='ocrx_word' id='word_1_8' title='bbox 1240 121 1613 163; x_wconf 84' lang='lat' dir='ltr'><strong>FRAGMENTA</strong></span> <span class='ocrx_word' id='word_1_9' title='bbox 1673 122 1901 174; x_wconf 74' lang='lat' dir='ltr'><strong>ix,14—-24.</strong></span> 
     </span>
    </p>
   </div>
   <div class='ocr_carea' id='block_1_4' title="bbox 318 226 1976 2661">
    <p class='ocr_par' dir='ltr' id='par_1_4' title="bbox 318 226 1945 702">
     <span class='ocr_line' id='line_1_4' title="bbox 326 226 1903 299; baseline -0.001 -18"><span class='ocrx_word' id='word_1_10' title='bbox 326 234 539 285; x_wconf 82' lang='grc' dir='ltr'>Παῦλος·</span> <span class='ocrx_word' id='word_1_11' title='bbox 595 229 721 282; x_wconf 65' lang='grc' dir='ltr'>θέλων</span> <span class='ocrx_word' id='word_1_12' title='bbox 746 229 839 297; x_wconf 79' lang='grc' dir='ltr'>γάρ</span> <span class='ocrx_word' id='word_1_13' title='bbox 872 234 1025 299; x_wconf 89' lang='grc' dir='ltr'>φησιν</span> <span class='ocrx_word' id='word_1_14' title='bbox 1057 236 1075 282; x_wconf 84' lang='grc' dir='ltr'>ὁ</span> <span class='ocrx_word' id='word_1_15' title='bbox 1104 228 1216 285; x_wconf 69' lang='grc' dir='ltr'>Θεὶς</span> <span class='ocrx_word' id='word_1_16' title='bbox 1255 226 1522 299; x_wconf 55' lang='grc' dir='ltr'>ἐνδείξασθαι</span> <span class='ocrx_word' id='word_1_17' title='bbox 1561 229 1630 290; x_wconf 61' lang='grc' dir='ltr'>τὴν</span> <span class='ocrx_word' id='word_1_18' title='bbox 1669 228 1801 299; x_wconf 59' lang='grc' dir='ltr'>ὀργὴν,</span> <span class='ocrx_word' id='word_1_19' title='bbox 1828 230 1903 280; x_wconf 77' lang='grc' dir='ltr'>καὶ</span> 
     </span>
     <span class='ocr_line' id='line_1_5' title="bbox 321 309 1902 381; baseline -0.001 -18"><span class='ocrx_word' id='word_1_20' title='bbox 321 311 381 363; x_wconf 79' lang='grc' dir='ltr'>τὰ</span> <span class='ocrx_word' id='word_1_21' title='bbox 420 313 541 381; x_wconf 74' lang='grc' dir='ltr'>ἑξῆς·</span> <span class='ocrx_word' id='word_1_22' title='bbox 581 312 858 376; x_wconf 85' lang='grc' dir='ltr'>πεπλοῖνητο</span> <span class='ocrx_word' id='word_1_23' title='bbox 889 312 918 375; x_wconf 86' lang='grc' dir='ltr'><strong><em>ἡ</em></strong></span> <span class='ocrx_word' id='word_1_24' title='bbox 949 311 1188 373; x_wconf 85' lang='grc' dir='ltr'>σύμπασα</span> <span class='ocrx_word' id='word_1_25' title='bbox 1225 313 1288 376; x_wconf 86' lang='grc' dir='ltr'>γῆ</span> <span class='ocrx_word' id='word_1_26' title='bbox 1326 309 1445 361; x_wconf 80' lang='grc' dir='ltr'>κατά</span> <span class='ocrx_word' id='word_1_27' title='bbox 1482 334 1536 377; x_wconf 89' lang='grc' dir='ltr'>γε</span> <span class='ocrx_word' id='word_1_28' title='bbox 1576 311 1682 364; x_wconf 76' lang='grc' dir='ltr'>τοὺς</span> <span class='ocrx_word' id='word_1_29' title='bbox 1723 311 1902 361; x_wconf 76' lang='grc' dir='ltr'>ἄνωθεν</span> 
     </span>
     <span class='ocr_line' id='line_1_6' title="bbox 321 390 1901 460; baseline -0.001 -16"><span class='ocrx_word' id='word_1_30' title='bbox 321 394 388 444; x_wconf 76' lang='grc' dir='ltr'>ἔτι</span> <span class='ocrx_word' id='word_1_31' title='bbox 420 392 622 460; x_wconf 84' lang='grc' dir='ltr'>καιρούς·</span> <span class='ocrx_word' id='word_1_32' title='bbox 674 396 715 444; x_wconf 81' lang='grc' dir='ltr'>οἱ</span> <span class='ocrx_word' id='word_1_33' title='bbox 755 391 839 456; x_wconf 78' lang='grc' dir='ltr'>μὲν</span> <span class='ocrx_word' id='word_1_34' title='bbox 864 391 956 458; x_wconf 79' lang='grc' dir='ltr'>γὰρ</span> <span class='ocrx_word' id='word_1_35' title='bbox 981 396 1039 460; x_wconf 84' lang='grc' dir='ltr'>τῇ</span> <span class='ocrx_word' id='word_1_36' title='bbox 1078 392 1228 443; x_wconf 87' lang='grc' dir='ltr'>κτίσει</span> <span class='ocrx_word' id='word_1_37' title='bbox 1266 391 1653 457; x_wconf 87' lang='grc' dir='ltr'>λελατρεύκασιν,</span> <span class='ocrx_word' id='word_1_38' title='bbox 1679 396 1722 443; x_wconf 83' lang='grc' dir='ltr'>οὶ</span> <span class='ocrx_word' id='word_1_39' title='bbox 1760 391 1809 442; x_wconf 83' lang='grc' dir='ltr'>δὲ</span> <span class='ocrx_word' id='word_1_40' title='bbox 1847 390 1901 442; x_wconf 84' lang='grc' dir='ltr'>τὸ</span> 
     </span>
     <span class='ocr_line' id='line_1_7' title="bbox 321 471 1903 538; baseline -0.001 -13"><span class='ocrx_word' id='word_1_41' title='bbox 321 477 488 525; x_wconf 84' lang='grc' dir='ltr'>δοκοῦν</span> <span class='ocrx_word' id='word_1_42' title='bbox 521 476 762 526; x_wconf 83' lang='grc' dir='ltr'>ἐποιοῦντο</span> <span class='ocrx_word' id='word_1_43' title='bbox 799 473 965 533; x_wconf 80' lang='grc' dir='ltr'>σέβας·</span> <span class='ocrx_word' id='word_1_44' title='bbox 1019 472 1241 537; x_wconf 76' lang='grc' dir='ltr'>κέκληται</span> <span class='ocrx_word' id='word_1_45' title='bbox 1280 471 1330 523; x_wconf 80' lang='grc' dir='ltr'>δὲ</span> <span class='ocrx_word' id='word_1_46' title='bbox 1368 471 1505 535; x_wconf 88' lang='grc' dir='ltr'>μόλις</span> <span class='ocrx_word' id='word_1_47' title='bbox 1544 476 1607 527; x_wconf 79' lang='grc' dir='ltr'>εἰς</span> <span class='ocrx_word' id='word_1_48' title='bbox 1645 473 1903 538; x_wconf 82' lang='grc' dir='ltr'>ἐπίγνωσιν</span> 
     </span>
     <span class='ocr_line' id='line_1_8' title="bbox 318 553 1945 623; baseline 0.001 -17"><span class='ocrx_word' id='word_1_49' title='bbox 318 555 543 622; x_wconf 79' lang='grc' dir='ltr'>Ἀβραὰμ,</span> <span class='ocrx_word' id='word_1_50' title='bbox 583 556 732 623; x_wconf 69' lang='grc' dir='ltr'>ἀνέφυ</span> <span class='ocrx_word' id='word_1_51' title='bbox 769 578 817 606; x_wconf 91' lang='grc' dir='ltr'>τε</span> <span class='ocrx_word' id='word_1_52' title='bbox 859 557 979 605; x_wconf 79' lang='grc' dir='ltr'>οὕτω</span> <span class='ocrx_word' id='word_1_53' title='bbox 1017 554 1072 605; x_wconf 83' lang='grc' dir='ltr'>τὸ</span> <span class='ocrx_word' id='word_1_54' title='bbox 1110 554 1167 623; x_wconf 77' lang='grc' dir='ltr'>ἐξ</span> <span class='ocrx_word' id='word_1_55' title='bbox 1202 554 1344 605; x_wconf 84' lang='grc' dir='ltr'>αὐτοῦ</span> <span class='ocrx_word' id='word_1_56' title='bbox 1377 554 1530 620; x_wconf 78' lang='grc' dir='ltr'>γε’νος,</span> <span class='ocrx_word' id='word_1_57' title='bbox 1562 559 1663 608; x_wconf 84' lang='grc' dir='ltr'>ταῖς</span> <span class='ocrx_word' id='word_1_58' title='bbox 1689 558 1752 608; x_wconf 79' lang='grc' dir='ltr'>εἰς</span> <span class='ocrx_word' id='word_1_59' title='bbox 1778 553 1945 608; x_wconf 75' lang='grc' dir='ltr'>Θεὸνό</span> 
     </span>
     <span class='ocr_line' id='line_1_9' title="bbox 321 636 940 702; baseline 0 -16"><span class='ocrx_word' id='word_1_60' title='bbox 321 637 557 702; x_wconf 85' lang='grc' dir='ltr'>λατρείαις</span> <span class='ocrx_word' id='word_1_61' title='bbox 583 636 940 702; x_wconf 83' lang='grc' dir='ltr'>προσκείμενον.</span> 
     </span>
    </p>

    <p class='ocr_par' dir='ltr' id='par_1_5' title="bbox 320 714 1976 2661">
     <span class='ocr_line' id='line_1_10' title="bbox 392 714 1896 783; baseline -0.001 -15"><span class='ocrx_word' id='word_1_62' title='bbox 392 717 587 780; x_wconf 84' lang='grc' dir='ltr'>Ἐπειδὴ</span> <span class='ocrx_word' id='word_1_63' title='bbox 626 717 673 768; x_wconf 77' lang='grc' dir='ltr'>δὲ</span> <span class='ocrx_word' id='word_1_64' title='bbox 711 719 786 768; x_wconf 77' lang='grc' dir='ltr'>καὶ</span> <span class='ocrx_word' id='word_1_65' title='bbox 819 718 949 767; x_wconf 76' lang='grc' dir='ltr'>αὐτοὶ</span> <span class='ocrx_word' id='word_1_66' title='bbox 979 716 1249 781; x_wconf 61' lang='grc' dir='ltr'>κατέδησαν</span> <span class='ocrx_word' id='word_1_67' title='bbox 1277 719 1338 769; x_wconf 82' lang='grc' dir='ltr'>εἷς</span> <span class='ocrx_word' id='word_1_68' title='bbox 1366 716 1622 782; x_wconf 76' lang='grc' dir='ltr'>Αἴγυπτον,</span> <span class='ocrx_word' id='word_1_69' title='bbox 1650 714 1749 767; x_wconf 73' lang='grc' dir='ltr'>εἶτα</span> <span class='ocrx_word' id='word_1_70' title='bbox 1784 715 1896 783; x_wconf 85' lang='grc' dir='ltr'>χρό-</span> 
     </span>
     <span class='ocr_line' id='line_1_11' title="bbox 323 797 1900 867; baseline -0.001 -18"><span class='ocrx_word' id='word_1_71' title='bbox 323 822 426 853; x_wconf 89' lang='grc' dir='ltr'>νους</span> <span class='ocrx_word' id='word_1_72' title='bbox 453 800 500 849; x_wconf 88' lang='grc' dir='ltr'>ἐν</span> <span class='ocrx_word' id='word_1_73' title='bbox 526 800 642 866; x_wconf 81' lang='grc' dir='ltr'>αὐτῇ</span> <span class='ocrx_word' id='word_1_74' title='bbox 678 799 1004 867; x_wconf 87' lang='grc' dir='ltr'>διατετρίφασι</span> <span class='ocrx_word' id='word_1_75' title='bbox 1037 798 1256 864; x_wconf 77' lang='grc' dir='ltr'>μακροὺς,</span> <span class='ocrx_word' id='word_1_76' title='bbox 1286 797 1589 849; x_wconf 82' lang='grc' dir='ltr'>κατώλισθον</span> <span class='ocrx_word' id='word_1_77' title='bbox 1615 801 1676 852; x_wconf 79' lang='grc' dir='ltr'>εἰς</span> <span class='ocrx_word' id='word_1_78' title='bbox 1702 797 1900 861; x_wconf 83' lang='grc' dir='ltr'>ἀπάτην,</span> 
     </span>
     <span class='ocr_line' id='line_1_12' title="bbox 322 878 1902 947; baseline 0 -16"><span class='ocrx_word' id='word_1_79' title='bbox 322 882 397 931; x_wconf 81' lang='grc' dir='ltr'>καὶ</span> <span class='ocrx_word' id='word_1_80' title='bbox 431 884 527 933; x_wconf 84' lang='grc' dir='ltr'>τοῖς</span> <span class='ocrx_word' id='word_1_81' title='bbox 557 880 799 947; x_wconf 84' lang='grc' dir='ltr'>ἐγχωρίοις</span> <span class='ocrx_word' id='word_1_82' title='bbox 829 879 1176 946; x_wconf 85' lang='grc' dir='ltr'>λελατρεύκασι</span> <span class='ocrx_word' id='word_1_83' title='bbox 1202 883 1338 933; x_wconf 81' lang='grc' dir='ltr'>θεοῖς·</span> <span class='ocrx_word' id='word_1_84' title='bbox 1390 880 1500 930; x_wconf 87' lang='grc' dir='ltr'>ἀλλ’</span> <span class='ocrx_word' id='word_1_85' title='bbox 1528 878 1755 943; x_wconf 78' lang='grc' dir='ltr'>ἐμέμνητο</span> <span class='ocrx_word' id='word_1_86' title='bbox 1780 878 1902 932; x_wconf 80' lang='grc' dir='ltr'>Θεὸς</span> 
     </span>
     <span class='ocr_line' id='line_1_13' title="bbox 321 959 1973 1028; baseline -0.002 -16"><span class='ocrx_word' id='word_1_87' title='bbox 321 966 416 1012; x_wconf 83' lang='grc' dir='ltr'>τῶν</span> <span class='ocrx_word' id='word_1_88' title='bbox 454 966 548 1015; x_wconf 82' lang='grc' dir='ltr'>τοῖς</span> <span class='ocrx_word' id='word_1_89' title='bbox 592 960 831 1027; x_wconf 76' lang='grc' dir='ltr'>πατράσιν</span> <span class='ocrx_word' id='word_1_90' title='bbox 868 961 1246 1026; x_wconf 72' lang='grc' dir='ltr'>ἐπηγγελμένων·</span> <span class='ocrx_word' id='word_1_91' title='bbox 1302 962 1377 1011; x_wconf 76' lang='grc' dir='ltr'>καὶ</span> <span class='ocrx_word' id='word_1_92' title='bbox 1419 960 1775 1028; x_wconf 87' lang='grc' dir='ltr'>προκεχείριστο</span> <span class='ocrx_word' id='word_1_93' title='bbox 1818 959 1903 1023; x_wconf 82' lang='grc' dir='ltr'>μὲν</span> <span class='ocrx_word' id='word_1_94' title='bbox 1926 984 1973 1009; x_wconf 93' lang='lat'>10</span> 
     </span>
     <span class='ocr_line' id='line_1_14' title="bbox 323 1040 1903 1109; baseline -0.001 -15"><span class='ocrx_word' id='word_1_95' title='bbox 323 1047 384 1096; x_wconf 85' lang='grc' dir='ltr'>εὶς</span> <span class='ocrx_word' id='word_1_96' title='bbox 422 1042 700 1106; x_wconf 87' lang='grc' dir='ltr'>ἀποστολὴν</span> <span class='ocrx_word' id='word_1_97' title='bbox 739 1044 764 1093; x_wconf 85' lang='grc' dir='ltr'>ὁ</span> <span class='ocrx_word' id='word_1_98' title='bbox 798 1044 1028 1105; x_wconf 83' lang='grc' dir='ltr'>Μωυσῆς,</span> <span class='ocrx_word' id='word_1_99' title='bbox 1068 1042 1143 1092; x_wconf 85' lang='grc' dir='ltr'>ἵνα</span> <span class='ocrx_word' id='word_1_100' title='bbox 1181 1044 1264 1105; x_wconf 85' lang='grc' dir='ltr'>τῆς</span> <span class='ocrx_word' id='word_1_101' title='bbox 1302 1042 1514 1094; x_wconf 84' lang='grc' dir='ltr'>δουλείας</span> <span class='ocrx_word' id='word_1_102' title='bbox 1555 1042 1780 1109; x_wconf 80' lang='grc' dir='ltr'>ἀπολύσῃ</span> <span class='ocrx_word' id='word_1_103' title='bbox 1819 1040 1903 1092; x_wconf 83' lang='grc' dir='ltr'>τὸν</span> 
     </span>
     <span class='ocr_line' id='line_1_15' title="bbox 321 1122 1901 1191; baseline -0.001 -16"><span class='ocrx_word' id='word_1_104' title='bbox 321 1124 537 1191; x_wconf 89' lang='grc' dir='ltr'>Ἰσραήλ·</span> <span class='ocrx_word' id='word_1_105' title='bbox 589 1123 699 1174; x_wconf 87' lang='grc' dir='ltr'>ἀλλ’</span> <span class='ocrx_word' id='word_1_106' title='bbox 739 1123 797 1187; x_wconf 82' lang='grc' dir='ltr'>ἧν</span> <span class='ocrx_word' id='word_1_107' title='bbox 835 1126 1088 1189; x_wconf 83' lang='grc' dir='ltr'>ἀναγκαῖον</span> <span class='ocrx_word' id='word_1_108' title='bbox 1127 1125 1202 1174; x_wconf 76' lang='grc' dir='ltr'>καὶ</span> <span class='ocrx_word' id='word_1_109' title='bbox 1241 1128 1338 1177; x_wconf 81' lang='grc' dir='ltr'>τοῖς</span> <span class='ocrx_word' id='word_1_110' title='bbox 1375 1122 1678 1186; x_wconf 78' lang='grc' dir='ltr'>καλουμένοις</span> <span class='ocrx_word' id='word_1_111' title='bbox 1717 1127 1778 1176; x_wconf 82' lang='grc' dir='ltr'>εἰς</span> <span class='ocrx_word' id='word_1_112' title='bbox 1815 1122 1901 1187; x_wconf 92' lang='grc' dir='ltr'>τὴν</span> 
     </span>
     <span class='ocr_line' id='line_1_16' title="bbox 324 1203 1902 1275; baseline -0.001 -19"><span class='ocrx_word' id='word_1_113' title='bbox 324 1205 400 1257; x_wconf 88' lang='grc' dir='ltr'>ὑπ’</span> <span class='ocrx_word' id='word_1_114' title='bbox 429 1206 555 1275; x_wconf 73' lang='grc' dir='ltr'>αὐτῷ</span> <span class='ocrx_word' id='word_1_115' title='bbox 593 1206 815 1271; x_wconf 89' lang='grc' dir='ltr'>λατρείαν</span> <span class='ocrx_word' id='word_1_116' title='bbox 853 1208 928 1255; x_wconf 79' lang='grc' dir='ltr'>καὶ</span> <span class='ocrx_word' id='word_1_117' title='bbox 967 1209 1089 1256; x_wconf 82' lang='grc' dir='ltr'>πᾶσι</span> <span class='ocrx_word' id='word_1_118' title='bbox 1127 1209 1223 1258; x_wconf 80' lang='grc' dir='ltr'>τοῖς·</span> <span class='ocrx_word' id='word_1_119' title='bbox 1253 1206 1327 1256; x_wconf 79' lang='grc' dir='ltr'>ἐπὶ</span> <span class='ocrx_word' id='word_1_120' title='bbox 1361 1207 1461 1270; x_wconf 79' lang='grc' dir='ltr'>γῆς,</span> <span class='ocrx_word' id='word_1_121' title='bbox 1489 1203 1542 1255; x_wconf 82' lang='grc' dir='ltr'>τὸ</span> <span class='ocrx_word' id='word_1_122' title='bbox 1577 1203 1642 1268; x_wconf 88' lang='grc' dir='ltr'>μὴ</span> <span class='ocrx_word' id='word_1_123' title='bbox 1668 1203 1902 1255; x_wconf 70' lang='grc' dir='ltr'>πυθέσθαι</span> 
     </span>
     <span class='ocr_line' id='line_1_17' title="bbox 321 1285 1901 1354; baseline -0.001 -17"><span class='ocrx_word' id='word_1_124' title='bbox 321 1286 466 1351; x_wconf 88' lang='grc' dir='ltr'>μόνον</span> <span class='ocrx_word' id='word_1_125' title='bbox 498 1286 568 1337; x_wconf 78' lang='grc' dir='ltr'>ὅτι</span> <span class='ocrx_word' id='word_1_126' title='bbox 597 1286 924 1354; x_wconf 75' lang='grc' dir='ltr'>πεφανέρωται</span> <span class='ocrx_word' id='word_1_127' title='bbox 952 1285 1027 1336; x_wconf 79' lang='grc' dir='ltr'>διὰ</span> <span class='ocrx_word' id='word_1_128' title='bbox 1064 1285 1248 1354; x_wconf 82' lang='grc' dir='ltr'>χρόνων</span> <span class='ocrx_word' id='word_1_129' title='bbox 1273 1290 1466 1352; x_wconf 85' lang='grc' dir='ltr'>μακρῶν</span> <span class='ocrx_word' id='word_1_130' title='bbox 1492 1287 1517 1336; x_wconf 84' lang='grc' dir='ltr'><strong>ὁ</strong></span> <span class='ocrx_word' id='word_1_131' title='bbox 1544 1290 1638 1337; x_wconf 82' lang='grc' dir='ltr'>τῶν</span> <span class='ocrx_word' id='word_1_132' title='bbox 1663 1286 1901 1351; x_wconf 56' lang='grc' dir='ltr'>ἰΕβραίων</span> 
     </span>
     <span class='ocr_line' id='line_1_18' title="bbox 324 1366 1971 1434; baseline -0.001 -16"><span class='ocrx_word' id='word_1_133' title='bbox 324 1367 460 1431; x_wconf 81' lang='grc' dir='ltr'>Θεὸς,</span> <span class='ocrx_word' id='word_1_134' title='bbox 487 1366 618 1418; x_wconf 78' lang='grc' dir='ltr'>ἀλλὰ</span> <span class='ocrx_word' id='word_1_135' title='bbox 655 1367 748 1434; x_wconf 78' lang='grc' dir='ltr'>γὰρ</span> <span class='ocrx_word' id='word_1_136' title='bbox 788 1370 864 1418; x_wconf 85' lang='grc' dir='ltr'>καὶ</span> <span class='ocrx_word' id='word_1_137' title='bbox 902 1372 1003 1421; x_wconf 84' lang='grc' dir='ltr'>ταῖς</span> <span class='ocrx_word' id='word_1_138' title='bbox 1046 1366 1284 1433; x_wconf 77' lang='grc' dir='ltr'>ὑπεράγαν</span> <span class='ocrx_word' id='word_1_139' title='bbox 1309 1367 1658 1433; x_wconf 88' lang='grc' dir='ltr'>τερατουργίαις</span> <span class='ocrx_word' id='word_1_140' title='bbox 1683 1389 1894 1434; x_wconf 89' lang='grc' dir='ltr'>προσεμ-</span> <span class='ocrx_word' id='word_1_141' title='bbox 1925 1389 1971 1427; x_wconf 90' lang='lat'>15</span> 
     </span>
     <span class='ocr_line' id='line_1_19' title="bbox 321 1446 1902 1518; baseline -0.002 -17"><span class='ocrx_word' id='word_1_142' title='bbox 321 1452 580 1501; x_wconf 88' lang='grc' dir='ltr'>πεδοῦσθαι</span> <span class='ocrx_word' id='word_1_143' title='bbox 621 1453 682 1503; x_wconf 78' lang='grc' dir='ltr'>εἰς</span> <span class='ocrx_word' id='word_1_144' title='bbox 720 1447 805 1513; x_wconf 84' lang='grc' dir='ltr'>τὴν</span> <span class='ocrx_word' id='word_1_145' title='bbox 832 1449 905 1500; x_wconf 86' lang='grc' dir='ltr'>ὑπ’</span> <span class='ocrx_word' id='word_1_146' title='bbox 933 1449 1059 1518; x_wconf 73' lang='grc' dir='ltr'>αὐτῷ</span> <span class='ocrx_word' id='word_1_147' title='bbox 1095 1448 1260 1499; x_wconf 88' lang='grc' dir='ltr'>πίστιν</span> <span class='ocrx_word' id='word_1_148' title='bbox 1285 1451 1359 1499; x_wconf 72' lang='grc' dir='ltr'>καὶ</span> <span class='ocrx_word' id='word_1_149' title='bbox 1399 1447 1556 1517; x_wconf 78' lang='grc' dir='ltr'>δόξαν,</span> <span class='ocrx_word' id='word_1_150' title='bbox 1584 1447 1654 1499; x_wconf 78' lang='grc' dir='ltr'>ὅτι</span> <span class='ocrx_word' id='word_1_151' title='bbox 1687 1447 1752 1512; x_wconf 89' lang='grc' dir='ltr'>μὴ</span> <span class='ocrx_word' id='word_1_152' title='bbox 1783 1446 1902 1500; x_wconf 82' lang='grc' dir='ltr'>κατὰ</span> 
     </span>
     <span class='ocr_line' id='line_1_20' title="bbox 320 1528 1896 1598; baseline -0.002 -16"><span class='ocrx_word' id='word_1_153' title='bbox 320 1530 429 1584; x_wconf 79' lang='grc' dir='ltr'>τοὺς</span> <span class='ocrx_word' id='word_1_154' title='bbox 465 1531 643 1584; x_wconf 78' lang='grc' dir='ltr'>ἄλλους</span> <span class='ocrx_word' id='word_1_155' title='bbox 677 1532 780 1581; x_wconf 84' lang='grc' dir='ltr'>ἐστὶ</span> <span class='ocrx_word' id='word_1_156' title='bbox 819 1529 951 1584; x_wconf 78' lang='grc' dir='ltr'>θεοὺς</span> <span class='ocrx_word' id='word_1_157' title='bbox 988 1528 1177 1598; x_wconf 75' lang='grc' dir='ltr'>ἄφωνός</span> <span class='ocrx_word' id='word_1_158' title='bbox 1215 1553 1264 1581; x_wconf 91' lang='grc' dir='ltr'>τε</span> <span class='ocrx_word' id='word_1_159' title='bbox 1303 1532 1378 1580; x_wconf 82' lang='grc' dir='ltr'>καὶ</span> <span class='ocrx_word' id='word_1_160' title='bbox 1413 1528 1637 1593; x_wconf 87' lang='grc' dir='ltr'>ἀναλκής·</span> <span class='ocrx_word' id='word_1_161' title='bbox 1692 1532 1896 1593; x_wconf 88' lang='grc' dir='ltr'>πηδαλι-</span> 
     </span>
     <span class='ocr_line' id='line_1_21' title="bbox 322 1610 1900 1680; baseline -0.002 -17"><span class='ocrx_word' id='word_1_162' title='bbox 322 1617 452 1680; x_wconf 85' lang='grc' dir='ltr'>ουχεῖ</span> <span class='ocrx_word' id='word_1_163' title='bbox 478 1611 526 1663; x_wconf 79' lang='grc' dir='ltr'>δὲ</span> <span class='ocrx_word' id='word_1_164' title='bbox 557 1617 748 1676; x_wconf 82' lang='grc' dir='ltr'>μᾶλλον</span> <span class='ocrx_word' id='word_1_165' title='bbox 780 1612 834 1663; x_wconf 82' lang='grc' dir='ltr'>τὸ</span> <span class='ocrx_word' id='word_1_166' title='bbox 873 1611 1071 1676; x_wconf 83' lang='grc' dir='ltr'>σύμπαν</span> <span class='ocrx_word' id='word_1_167' title='bbox 1105 1610 1257 1674; x_wconf 77' lang='grc' dir='ltr'>αὐτὸς,</span> <span class='ocrx_word' id='word_1_168' title='bbox 1285 1612 1360 1661; x_wconf 83' lang='grc' dir='ltr'>καὶ</span> <span class='ocrx_word' id='word_1_169' title='bbox 1401 1611 1472 1661; x_wconf 81' lang='grc' dir='ltr'>ὅτι</span> <span class='ocrx_word' id='word_1_170' title='bbox 1509 1615 1606 1664; x_wconf 85' lang='grc' dir='ltr'>τοῖς</span> <span class='ocrx_word' id='word_1_171' title='bbox 1643 1610 1900 1676; x_wconf 83' lang='grc' dir='ltr'>ἀντιπράτ-</span> 
     </span>
     <span class='ocr_line' id='line_1_22' title="bbox 321 1691 1904 1758; baseline -0.002 -13"><span class='ocrx_word' id='word_1_172' title='bbox 321 1717 459 1745; x_wconf 88' lang='grc' dir='ltr'>τουσι</span> <span class='ocrx_word' id='word_1_173' title='bbox 493 1699 588 1748; x_wconf 83' lang='grc' dir='ltr'>τοῖς</span> <span class='ocrx_word' id='word_1_174' title='bbox 620 1695 762 1744; x_wconf 82' lang='grc' dir='ltr'>αὑτοῦ</span> <span class='ocrx_word' id='word_1_175' title='bbox 798 1693 996 1756; x_wconf 84' lang='grc' dir='ltr'>νεύμασι</span> <span class='ocrx_word' id='word_1_176' title='bbox 1032 1691 1450 1756; x_wconf 87' lang='grc' dir='ltr'>κατασκήπτουσιν</span> <span class='ocrx_word' id='word_1_177' title='bbox 1476 1692 1629 1758; x_wconf 86' lang='grc' dir='ltr'>ὀργαί.</span> <span class='ocrx_word' id='word_1_178' title='bbox 1678 1692 1790 1743; x_wconf 81' lang='grc' dir='ltr'>ἀλλ’</span> <span class='ocrx_word' id='word_1_179' title='bbox 1816 1691 1904 1743; x_wconf 74' lang='grc' dir='ltr'>ἔδει</span> 
     </span>
     <span class='ocr_line' id='line_1_23' title="bbox 322 1772 1973 1842; baseline -0.002 -16"><span class='ocrx_word' id='word_1_180' title='bbox 322 1774 469 1826; x_wconf 77' lang='grc' dir='ltr'>πάλιν</span> <span class='ocrx_word' id='word_1_181' title='bbox 498 1780 824 1841; x_wconf 85' lang='grc' dir='ltr'>τερατουργεῖν</span> <span class='ocrx_word' id='word_1_182' title='bbox 859 1772 1084 1826; x_wconf 76' lang='grc' dir='ltr'>ἐθέλοντα</span> <span class='ocrx_word' id='word_1_183' title='bbox 1121 1774 1203 1825; x_wconf 85' lang='grc' dir='ltr'>τὸν</span> <span class='ocrx_word' id='word_1_184' title='bbox 1231 1772 1355 1824; x_wconf 79' lang='grc' dir='ltr'>Θεὸν</span> <span class='ocrx_word' id='word_1_185' title='bbox 1389 1773 1665 1842; x_wconf 82' lang='grc' dir='ltr'>εὐαφόρμως</span> <span class='ocrx_word' id='word_1_186' title='bbox 1700 1775 1903 1839; x_wconf 83' lang='grc' dir='ltr'>ὁρᾶσθαι</span> <span class='ocrx_word' id='word_1_187' title='bbox 1923 1798 1973 1823; x_wconf 89' lang='lat'>20</span> 
     </span>
     <span class='ocr_line' id='line_1_24' title="bbox 322 1854 1899 1924; baseline -0.003 -16"><span class='ocrx_word' id='word_1_188' title='bbox 322 1855 442 1922; x_wconf 81' lang='grc' dir='ltr'>πρὸς</span> <span class='ocrx_word' id='word_1_189' title='bbox 480 1862 618 1908; x_wconf 84' lang='grc' dir='ltr'>τοῦτο</span> <span class='ocrx_word' id='word_1_190' title='bbox 657 1857 801 1908; x_wconf 83' lang='grc' dir='ltr'>ἰόντα·</span> <span class='ocrx_word' id='word_1_191' title='bbox 856 1855 1159 1924; x_wconf 77' lang='grc' dir='ltr'>ἐξεγήγερται</span> <span class='ocrx_word' id='word_1_192' title='bbox 1186 1855 1341 1906; x_wconf 85' lang='grc' dir='ltr'>τοίνυν</span> <span class='ocrx_word' id='word_1_193' title='bbox 1368 1856 1392 1906; x_wconf 86' lang='grc' dir='ltr'>ὁ</span> <span class='ocrx_word' id='word_1_194' title='bbox 1419 1854 1594 1921; x_wconf 83' lang='grc' dir='ltr'>Φαραὼ</span> <span class='ocrx_word' id='word_1_195' title='bbox 1624 1855 1743 1920; x_wconf 85' lang='grc' dir='ltr'>πρὸς</span> <span class='ocrx_word' id='word_1_196' title='bbox 1769 1854 1899 1905; x_wconf 87' lang='grc' dir='ltr'>ἀντί-</span> 
     </span>
     <span class='ocr_line' id='line_1_25' title="bbox 322 1934 1900 2003; baseline 0.001 -15"><span class='ocrx_word' id='word_1_197' title='bbox 322 1960 501 1989; x_wconf 90' lang='grc' dir='ltr'>στασιν</span> <span class='ocrx_word' id='word_1_198' title='bbox 527 1941 839 2001; x_wconf 79' lang='grc' dir='ltr'>οἰκονομικῶς,</span> <span class='ocrx_word' id='word_1_199' title='bbox 860 1940 935 1988; x_wconf 82' lang='grc' dir='ltr'>καὶ</span> <span class='ocrx_word' id='word_1_200' title='bbox 961 1936 1366 2003; x_wconf 87' lang='grc' dir='ltr'>κατεσκληρύνετο</span> <span class='ocrx_word' id='word_1_201' title='bbox 1391 1939 1474 2000; x_wconf 82' lang='grc' dir='ltr'>τῆς</span> <span class='ocrx_word' id='word_1_202' title='bbox 1500 1937 1624 1990; x_wconf 87' lang='grc' dir='ltr'>θείας</span> <span class='ocrx_word' id='word_1_203' title='bbox 1650 1934 1900 1999; x_wconf 73' lang='grc' dir='ltr'>δυνάμεως·</span> 
     </span>
     <span class='ocr_line' id='line_1_26' title="bbox 322 2016 1905 2087; baseline -0.002 -17"><span class='ocrx_word' id='word_1_204' title='bbox 322 2019 540 2087; x_wconf 86' lang='grc' dir='ltr'>ταύτῃτοι</span> <span class='ocrx_word' id='word_1_205' title='bbox 589 2018 836 2084; x_wconf 71' lang='grc' dir='ltr'>ἐκολάζετο</span> <span class='ocrx_word' id='word_1_206' title='bbox 883 2020 966 2070; x_wconf 84' lang='grc' dir='ltr'>οὐκ</span> <span class='ocrx_word' id='word_1_207' title='bbox 1006 2019 1189 2072; x_wconf 86' lang='grc' dir='ltr'>ἀδίκως·</span> <span class='ocrx_word' id='word_1_208' title='bbox 1252 2016 1443 2072; x_wconf 83' lang='grc' dir='ltr'>ἀνόσιός</span> <span class='ocrx_word' id='word_1_209' title='bbox 1482 2040 1531 2068; x_wconf 91' lang='grc' dir='ltr'>τε</span> <span class='ocrx_word' id='word_1_210' title='bbox 1577 2017 1670 2083; x_wconf 78' lang='grc' dir='ltr'>γὰρ</span> <span class='ocrx_word' id='word_1_211' title='bbox 1721 2016 1779 2081; x_wconf 78' lang='grc' dir='ltr'>ἧν</span> <span class='ocrx_word' id='word_1_212' title='bbox 1829 2019 1905 2068; x_wconf 86' lang='grc' dir='ltr'>καὶ</span> 
     </span>
     <span class='ocr_line' id='line_1_27' title="bbox 323 2097 1905 2168; baseline -0.001 -18"><span class='ocrx_word' id='word_1_213' title='bbox 323 2100 684 2167; x_wconf 81' lang='grc' dir='ltr'>εἰδωλολάτρης,</span> <span class='ocrx_word' id='word_1_214' title='bbox 707 2098 972 2168; x_wconf 73' lang='grc' dir='ltr'>κατῃκίζετό</span> <span class='ocrx_word' id='word_1_215' title='bbox 999 2123 1047 2150; x_wconf 91' lang='grc' dir='ltr'>τε</span> <span class='ocrx_word' id='word_1_216' title='bbox 1072 2103 1214 2168; x_wconf 77' lang='grc' dir='ltr'>πηλῷ</span> <span class='ocrx_word' id='word_1_217' title='bbox 1240 2101 1314 2150; x_wconf 86' lang='grc' dir='ltr'>καὶ</span> <span class='ocrx_word' id='word_1_218' title='bbox 1338 2099 1556 2168; x_wconf 74' lang='grc' dir='ltr'>πλινθείᾳ</span> <span class='ocrx_word' id='word_1_219' title='bbox 1580 2098 1664 2149; x_wconf 84' lang='grc' dir='ltr'>τὸν</span> <span class='ocrx_word' id='word_1_220' title='bbox 1687 2097 1905 2164; x_wconf 88' lang='grc' dir='ltr'>Ἰσραὴλ,</span> 
     </span>
     <span class='ocr_line' id='line_1_28' title="bbox 323 2179 1975 2247; baseline -0.002 -15"><span class='ocrx_word' id='word_1_221' title='bbox 323 2184 399 2233; x_wconf 82' lang='grc' dir='ltr'>καὶ</span> <span class='ocrx_word' id='word_1_222' title='bbox 437 2182 614 2246; x_wconf 85' lang='grc' dir='ltr'>μισθὸν</span> <span class='ocrx_word' id='word_1_223' title='bbox 650 2183 805 2235; x_wconf 81' lang='grc' dir='ltr'>αὐτοῖς</span> <span class='ocrx_word' id='word_1_224' title='bbox 844 2181 1079 2247; x_wconf 88' lang='grc' dir='ltr'>ἐπήρτησε</span> <span class='ocrx_word' id='word_1_225' title='bbox 1116 2180 1278 2232; x_wconf 88' lang='grc' dir='ltr'>πόνον·</span> <span class='ocrx_word' id='word_1_226' title='bbox 1334 2179 1404 2231; x_wconf 82' lang='grc' dir='ltr'>διὸ</span> <span class='ocrx_word' id='word_1_227' title='bbox 1442 2182 1518 2231; x_wconf 80' lang='grc' dir='ltr'>καὶ</span> <span class='ocrx_word' id='word_1_228' title='bbox 1555 2184 1722 2233; x_wconf 85' lang='grc' dir='ltr'>σκεῦος</span> <span class='ocrx_word' id='word_1_229' title='bbox 1761 2180 1905 2245; x_wconf 80' lang='grc' dir='ltr'>ὀργῆς</span> <span class='ocrx_word' id='word_1_230' title='bbox 1925 2200 1975 2239; x_wconf 87' lang='lat'>25</span> 
     </span>
     <span class='ocr_line' id='line_1_29' title="bbox 324 2260 1899 2330; baseline -0.002 -17"><span class='ocrx_word' id='word_1_231' title='bbox 324 2264 658 2330; x_wconf 83' lang='grc' dir='ltr'>κεχρημάτικεν</span> <span class='ocrx_word' id='word_1_232' title='bbox 684 2263 964 2329; x_wconf 85' lang='grc' dir='ltr'>ἀναγκαίως,</span> <span class='ocrx_word' id='word_1_233' title='bbox 993 2265 1067 2313; x_wconf 77' lang='grc' dir='ltr'>καὶ</span> <span class='ocrx_word' id='word_1_234' title='bbox 1095 2262 1382 2328; x_wconf 84' lang='grc' dir='ltr'>κατήρτιστο</span> <span class='ocrx_word' id='word_1_235' title='bbox 1407 2265 1469 2316; x_wconf 81' lang='grc' dir='ltr'>εἷς</span> <span class='ocrx_word' id='word_1_236' title='bbox 1495 2260 1746 2324; x_wconf 83' lang='grc' dir='ltr'>ἀπώλειαν,</span> <span class='ocrx_word' id='word_1_237' title='bbox 1762 2283 1899 2312; x_wconf 92' lang='grc' dir='ltr'>τουτ-</span> 
     </span>
     <span class='ocr_line' id='line_1_30' title="bbox 324 2342 1904 2413; baseline -0.001 -19"><span class='ocrx_word' id='word_1_238' title='bbox 324 2344 455 2395; x_wconf 82' lang='grc' dir='ltr'>έστιν</span> <span class='ocrx_word' id='word_1_239' title='bbox 500 2349 561 2398; x_wconf 81' lang='grc' dir='ltr'>εἰς</span> <span class='ocrx_word' id='word_1_240' title='bbox 611 2351 750 2396; x_wconf 85' lang='grc' dir='ltr'>τοῦτο</span> <span class='ocrx_word' id='word_1_241' title='bbox 795 2343 1096 2413; x_wconf 88' lang='grc' dir='ltr'>φαυλότητος</span> <span class='ocrx_word' id='word_1_242' title='bbox 1142 2343 1342 2408; x_wconf 86' lang='grc' dir='ltr'>διήλασε</span> <span class='ocrx_word' id='word_1_243' title='bbox 1387 2342 1587 2409; x_wconf 88' lang='grc' dir='ltr'>τρόπων,</span> <span class='ocrx_word' id='word_1_244' title='bbox 1631 2345 1692 2397; x_wconf 88' lang='grc' dir='ltr'>ὡς</span> <span class='ocrx_word' id='word_1_245' title='bbox 1736 2347 1904 2397; x_wconf 83' lang='grc' dir='ltr'>σκεῦος</span> 
     </span>
     <span class='ocr_line' id='line_1_31' title="bbox 324 2422 1902 2494; baseline -0.001 -19"><span class='ocrx_word' id='word_1_246' title='bbox 324 2423 437 2476; x_wconf 79' lang='grc' dir='ltr'>εἶναι</span> <span class='ocrx_word' id='word_1_247' title='bbox 464 2424 632 2477; x_wconf 82' lang='grc' dir='ltr'>λοιπὸν</span> <span class='ocrx_word' id='word_1_248' title='bbox 659 2427 802 2491; x_wconf 84' lang='grc' dir='ltr'>ὀργῆς</span> <span class='ocrx_word' id='word_1_249' title='bbox 828 2448 877 2477; x_wconf 93' lang='grc' dir='ltr'>τε</span> <span class='ocrx_word' id='word_1_250' title='bbox 903 2429 977 2476; x_wconf 76' lang='grc' dir='ltr'>καὶ</span> <span class='ocrx_word' id='word_1_251' title='bbox 1005 2425 1257 2478; x_wconf 85' lang='grc' dir='ltr'>ἀπωλείας.</span> <span class='ocrx_word' id='word_1_252' title='bbox 1309 2424 1458 2494; x_wconf 83' lang='grc' dir='ltr'>τούτῳ</span> <span class='ocrx_word' id='word_1_253' title='bbox 1485 2424 1606 2476; x_wconf 86' lang='grc' dir='ltr'>Θεὸς</span> <span class='ocrx_word' id='word_1_254' title='bbox 1630 2422 1902 2491; x_wconf 89' lang='grc' dir='ltr'>προσεχρή-</span> 
     </span>
     <span class='ocr_line' id='line_1_32' title="bbox 325 2502 1904 2578; baseline 0.001 -22"><span class='ocrx_word' id='word_1_255' title='bbox 325 2529 448 2556; x_wconf 89' lang='grc' dir='ltr'>σατο</span> <span class='ocrx_word' id='word_1_256' title='bbox 474 2506 591 2572; x_wconf 82' lang='grc' dir='ltr'>πρὸς</span> <span class='ocrx_word' id='word_1_257' title='bbox 619 2507 811 2576; x_wconf 75' lang='grc' dir='ltr'>ἔνδειξιν</span> <span class='ocrx_word' id='word_1_258' title='bbox 836 2509 919 2570; x_wconf 83' lang='grc' dir='ltr'>τῆς</span> <span class='ocrx_word' id='word_1_259' title='bbox 942 2506 1138 2569; x_wconf 86' lang='grc' dir='ltr'>ἐνούσης</span> <span class='ocrx_word' id='word_1_260' title='bbox 1166 2505 1331 2573; x_wconf 79' lang='grc' dir='ltr'>ἰσχύος</span> <span class='ocrx_word' id='word_1_261' title='bbox 1356 2506 1494 2574; x_wconf 77' lang='grc' dir='ltr'>αὐτῷ,</span> <span class='ocrx_word' id='word_1_262' title='bbox 1514 2505 1589 2555; x_wconf 83' lang='grc' dir='ltr'>ἵνα</span> <span class='ocrx_word' id='word_1_263' title='bbox 1610 2502 1833 2578; x_wconf 55' lang='grc' dir='ltr'>διαγγελῇ</span> <span class='ocrx_word' id='word_1_264' title='bbox 1858 2504 1904 2557; x_wconf 60' lang='grc' dir='ltr'>τὶ</span> 
     </span>
     <span class='ocr_line' id='line_1_33' title="bbox 326 2585 1976 2661; baseline -0.004 -22"><span class='ocrx_word' id='word_1_265' title='bbox 326 2590 461 2657; x_wconf 68' lang='grc' dir='ltr'>ὄνομα</span> <span class='ocrx_word' id='word_1_266' title='bbox 495 2589 636 2639; x_wconf 82' lang='grc' dir='ltr'>αὑτοῦ</span> <span class='ocrx_word' id='word_1_267' title='bbox 671 2589 708 2640; x_wconf 81' lang='grc' dir='ltr'>ἐν</span> <span class='ocrx_word' id='word_1_268' title='bbox 733 2587 860 2659; x_wconf 69' lang='grc' dir='ltr'>ποία-ῃ</span> <span class='ocrx_word' id='word_1_269' title='bbox 887 2589 938 2659; x_wconf 65' lang='grc' dir='ltr'>τῇ</span> <span class='ocrx_word' id='word_1_270' title='bbox 959 2593 1030 2661; x_wconf 67' lang='grc' dir='ltr'>γῇ,</span> <span class='ocrx_word' id='word_1_271' title='bbox 1056 2588 1130 2638; x_wconf 81' lang='grc' dir='ltr'>καὶ</span> <span class='ocrx_word' id='word_1_272' title='bbox 1166 2587 1240 2637; x_wconf 83' lang='grc' dir='ltr'>ἵνα</span> <span class='ocrx_word' id='word_1_273' title='bbox 1271 2585 1438 2638; x_wconf 83' lang='grc' dir='ltr'>παθὼν</span> <span class='ocrx_word' id='word_1_274' title='bbox 1463 2585 1601 2640; x_wconf 81' lang='grc' dir='ltr'>αὐτὸς</span> <span class='ocrx_word' id='word_1_275' title='bbox 1638 2587 1787 2652; x_wconf 82' lang='grc' dir='ltr'>ὁρῶτο</span> <span class='ocrx_word' id='word_1_276' title='bbox 1823 2592 1906 2638; x_wconf 87' lang='grc' dir='ltr'>τοῦ</span> <span class='ocrx_word' id='word_1_277' title='bbox 1927 2609 1976 2645; x_wconf 84' lang='lat'>30</span> 
     </span>
    </p>
   </div>
   <div class='ocr_carea' id='block_1_5' title="bbox 329 2760 1904 2900">
    <p class='ocr_par' dir='ltr' id='par_1_6' title="bbox 329 2760 1904 2900">
     <span class='ocr_line' id='line_1_34' title="bbox 376 2760 1904 2807; baseline 0 -12"><span class='ocrx_word' id='word_1_278' title='bbox 376 2771 404 2795; x_wconf 90' lang='lat'>1.</span> <span class='ocrx_word' id='word_1_279' title='bbox 430 2763 449 2795; x_wconf 88' lang='grc' dir='ltr'>ὁ</span> <span class='ocrx_word' id='word_1_280' title='bbox 467 2761 543 2796; x_wconf 84' lang='grc' dir='ltr'>θεὸς</span> <span class='ocrx_word' id='word_1_281' title='bbox 559 2773 628 2795; x_wconf 89' lang='lat' dir='ltr'>om.</span> <span class='ocrx_word' id='word_1_282' title='bbox 648 2762 691 2796; x_wconf 89' lang='lat' dir='ltr'>A.</span> <span class='ocrx_word' id='word_1_283' title='bbox 812 2772 842 2796; x_wconf 90' lang='lat'>2.</span> <span class='ocrx_word' id='word_1_284' title='bbox 868 2760 1081 2807; x_wconf 83' lang='grc' dir='ltr'>πεπλάνητο]</span> <span class='ocrx_word' id='word_1_285' title='bbox 1100 2761 1306 2804; x_wconf 79' lang='grc' dir='ltr'>πεπλάνηται</span> <span class='ocrx_word' id='word_1_286' title='bbox 1326 2761 1391 2805; x_wconf 86' lang='grc' dir='ltr'>γὰρ</span> <span class='ocrx_word' id='word_1_287' title='bbox 1411 2761 1453 2795; x_wconf 88' lang='lat' dir='ltr'>A.</span> <span class='ocrx_word' id='word_1_288' title='bbox 1592 2771 1644 2804; x_wconf 85' lang='lat'>13.</span> <span class='ocrx_word' id='word_1_289' title='bbox 1670 2760 1724 2794; x_wconf 68' lang='grc' dir='ltr'>ὑπ’</span> <span class='ocrx_word' id='word_1_290' title='bbox 1742 2761 1843 2794; x_wconf 79' lang='grc' dir='ltr'>αὐτὸν</span> <span class='ocrx_word' id='word_1_291' title='bbox 1860 2763 1904 2795; x_wconf 89' lang='grc' dir='ltr'>Α.</span> 
     </span>
     <span class='ocr_line' id='line_1_35' title="bbox 329 2806 1902 2853; baseline 0.001 -13"><span class='ocrx_word' id='word_1_292' title='bbox 329 2818 381 2849; x_wconf 78' lang='lat'>¹4-</span> <span class='ocrx_word' id='word_1_293' title='bbox 407 2809 425 2841; x_wconf 92' lang='grc' dir='ltr'>ὁ</span> <span class='ocrx_word' id='word_1_294' title='bbox 443 2815 663 2852; x_wconf 83' lang='lat' dir='ltr'><strong>assumptum</strong></span> <span class='ocrx_word' id='word_1_295' title='bbox 683 2820 723 2842; x_wconf 87' lang='lat' dir='ltr'>ex</span> <span class='ocrx_word' id='word_1_296' title='bbox 742 2808 786 2842; x_wconf 76' lang='lat' dir='ltr'>A.</span> <span class='ocrx_word' id='word_1_297' title='bbox 1141 2818 1192 2853; x_wconf 83' lang='lat'>15.</span> <span class='ocrx_word' id='word_1_298' title='bbox 1219 2808 1304 2851; x_wconf 71' lang='grc' dir='ltr'>ἄγαν</span> <span class='ocrx_word' id='word_1_299' title='bbox 1321 2810 1364 2840; x_wconf 89' lang='grc' dir='ltr'>Α.</span> <span class='ocrx_word' id='word_1_300' title='bbox 1417 2807 1542 2841; x_wconf 70' lang='lat' dir='ltr'>statim</span> <span class='ocrx_word' id='word_1_301' title='bbox 1560 2806 1842 2851; x_wconf 79' lang='grc' dir='ltr'>θαυματουργίαις</span> <span class='ocrx_word' id='word_1_302' title='bbox 1859 2808 1902 2841; x_wconf 93' lang='lat' dir='ltr'>A.</span> 
     </span>
     <span class='ocr_line' id='line_1_36' title="bbox 330 2852 1902 2900; baseline 0.001 -13"><span class='ocrx_word' id='word_1_303' title='bbox 330 2854 381 2887; x_wconf 86' lang='lat'>16.</span> <span class='ocrx_word' id='word_1_304' title='bbox 409 2853 462 2887; x_wconf 78' lang='grc' dir='ltr'>ὑπ’</span> <span class='ocrx_word' id='word_1_305' title='bbox 480 2855 579 2888; x_wconf 79' lang='grc' dir='ltr'>αὐτὸν</span> <span class='ocrx_word' id='word_1_306' title='bbox 597 2854 639 2888; x_wconf 86' lang='grc' dir='ltr'>Α.</span> <span class='ocrx_word' id='word_1_307' title='bbox 659 2854 707 2888; x_wconf 80' lang='grc' dir='ltr'>ἐπ’</span> <span class='ocrx_word' id='word_1_308' title='bbox 728 2855 814 2900; x_wconf 81' lang='grc' dir='ltr'>αὐτῷ</span> <span class='ocrx_word' id='word_1_309' title='bbox 836 2855 969 2899; x_wconf 74' lang='lat' dir='ltr'><strong>Migne.</strong></span> <span class='ocrx_word' id='word_1_310' title='bbox 1128 2865 1178 2895; x_wconf 93' lang='lat'>17.</span> <span class='ocrx_word' id='word_1_311' title='bbox 1205 2854 1341 2889; x_wconf 63' lang='grc' dir='ltr'>ἄναλκις·</span> <span class='ocrx_word' id='word_1_312' title='bbox 1360 2855 1402 2886; x_wconf 83' lang='grc' dir='ltr'>Α.</span> <span class='ocrx_word' id='word_1_313' title='bbox 1558 2863 1611 2895; x_wconf 83' lang='lat'>24.</span> <span class='ocrx_word' id='word_1_314' title='bbox 1639 2852 1787 2895; x_wconf 77' lang='grc' dir='ltr'>κατήκιζε</span> <span class='ocrx_word' id='word_1_315' title='bbox 1805 2868 1840 2888; x_wconf 85' lang='grc' dir='ltr'>τε</span> <span class='ocrx_word' id='word_1_316' title='bbox 1858 2854 1902 2888; x_wconf 87' lang='grc' dir='ltr'>Α.</span> 
     </span>
    </p>
   </div>
   <div class='ocr_carea' id='block_1_6' title="bbox 325 2899 1750 2946">
    <p class='ocr_par' dir='ltr' id='par_1_7' title="bbox 325 2899 1750 2946">
     <span class='ocr_line' id='line_1_37' title="bbox 325 2899 1750 2946; baseline 0 -12"><span class='ocrx_word' id='word_1_317' title='bbox 325 2903 369 2945; x_wconf 85' lang='grc' dir='ltr'>τῴ</span> <span class='ocrx_word' id='word_1_318' title='bbox 388 2903 485 2946; x_wconf 77' lang='grc' dir='ltr'>πηλῷ</span> <span class='ocrx_word' id='word_1_319' title='bbox 506 2902 558 2935; x_wconf 79' lang='grc' dir='ltr'>καὶ</span> <span class='ocrx_word' id='word_1_320' title='bbox 576 2903 614 2943; x_wconf 81' lang='grc' dir='ltr'>τῇ</span> <span class='ocrx_word' id='word_1_321' title='bbox 635 2901 677 2935; x_wconf 86' lang='lat' dir='ltr'>A.</span> <span class='ocrx_word' id='word_1_322' title='bbox 823 2911 877 2943; x_wconf 85' lang='lat'>25.</span> <span class='ocrx_word' id='word_1_323' title='bbox 904 2900 1063 2944; x_wconf 79' lang='grc' dir='ltr'>ε’πὴρτισε</span> <span class='ocrx_word' id='word_1_324' title='bbox 1085 2901 1127 2935; x_wconf 87' lang='grc' dir='ltr'>Α.</span> <span class='ocrx_word' id='word_1_325' title='bbox 1271 2911 1327 2944; x_wconf 78' lang='grc'>30.</span> <span class='ocrx_word' id='word_1_326' title='bbox 1354 2900 1468 2934; x_wconf 80' lang='grc' dir='ltr'>παθὼν</span> <span class='ocrx_word' id='word_1_327' title='bbox 1487 2900 1528 2933; x_wconf 89' lang='lat' dir='ltr'>A.</span> <span class='ocrx_word' id='word_1_328' title='bbox 1548 2899 1665 2934; x_wconf 80' lang='grc' dir='ltr'>παθεῖν</span> <span class='ocrx_word' id='word_1_329' title='bbox 1684 2899 1750 2934; x_wconf 79' lang='lat' dir='ltr'>Ed.</span> 
     </span>
    </p>
   </div>
  </div>
 </body>
</html>
