2012 3272
108 157 146 183 v.
166 155 190 197 3
213 158 299 197 sqq.
362 143 430 183 IN
466 143 552 184 ΕΡ.
583 143 644 184 II.
682 143 764 183 AD
801 142 1188 184 CORINTHIOS.
1241 142 1356 182 LIB.
1381 142 1467 183 HI.
1612 143 1691 181 351

1764 207 1905 248 97M·]

109 250 231 319 ζωῆς,
271 252 354 302 οὐκ
393 250 745 318 ἀφανιζόμενον,
784 251 887 301 οὐδὲ
933 256 1116 318 χωροῦν
1157 255 1219 304 εἷς
1261 249 1314 301 τὸ
1354 250 1419 315 μὴ
1467 249 1695 316 ὑπάρχειν
1733 208 1746 249 [

107 330 244 394 ὅλως,
286 333 780 400 μεταστοιχειούμενον
830 332 878 383 δὲ
919 337 1110 397 μᾶλλον
1152 337 1214 386 εἷς
1257 333 1551 400 ἀφθαρσίαν·
1605 355 1690 382 πε-

107 413 295 478 ποίηται
334 414 426 479 γὰρ
466 416 587 465 οὕτω
626 417 700 465 καὶ
739 416 787 464 ἐν
825 416 1007 482 ἀρχαῖς.
1069 412 1332 479 γέγραπται
1370 412 1463 479 γὰρ
1505 413 1577 464 ὅτι
1621 416 1696 463 καὶ

109 495 281 555 ε”λαβεν
308 498 333 546 ὁ
361 495 482 550 Θεὸς
508 502 623 564 χοῦν
650 496 744 547 ἀπὸ
771 499 853 560 τῆς
888 499 976 561 γῆς
1003 497 1078 546 καὶ
1105 496 1289 546 ἔπλασε
1316 494 1399 546 τὸν
1426 495 1690 561 ἄνθρωπον.
1716 513 1799 544 Gen.
1819 513 1851 545 ii.
1873 521 1899 552 7.

65 590 87 630 5
108 576 179 629 ‘lm
205 578 252 628 δὲ
278 577 332 629 τὸ
368 578 581 646 φθαρτὸν
608 580 690 629 ὀπὶ
724 578 796 638 τῆς
829 577 936 648 ζωῆς
974 578 1296 642 καταπίνηται,
1326 579 1515 644 φθαρτὴ
1547 576 1640 642 γὰρ
1668 578 1694 639 ἡ

108 659 242 729 σὰρξ
280 660 399 710 κατὰ
441 660 604 726 φύσιν,
650 667 676 689 ‘⁶
696 659 992 728 ἐνεφύσησεν
1038 663 1100 713 εἰς
1145 659 1199 710 τὸ
1243 658 1508 726 πρόσωπον
1552 660 1694 708 αὐτοῦ
1714 674 1766 705 Ib.

110 748 136 771 ‘⁶
161 740 312 805 πνοὴν
345 741 474 806 ζωῆς,
509 744 584 792 καὶ
622 741 800 807 ἐγένετο
836 743 860 792 ὁ
900 741 1148 807 ἄνθρωπος
1186 744 1249 794 εἷς
1287 740 1453 810 ψυχὴν
1492 739 1692 806 §fimus

108 824 220 874 ἀλλ’
249 823 528 888 εἶσκέκριται
567 821 745 892 μεταξὺ
785 822 860 873 διὰ
899 826 982 886 τῆς
1014 824 1244 888 ἁμαρτίας
1270 824 1294 872 ὁ
1322 822 1539 876 θάνατος·
1584 820 1694 883 εἶτα,

108 905 230 956 καθά
267 910 420 973 φησιν
457 906 596 959 αὐτὸς
632 906 655 955 ὁ
687 906 942 959 θεσπέσιος
977 909 1185 966 Παῦλος,
1216 904 1468 968 εὐδόκησεν
1507 906 1532 955 ὃ
1573 902 1696 957 Θεὸς

40 1012 88 1037 ιο
109 989 185 1038 καὶ
212 986 380 1053 Πατὴρ
407 994 433 1016 “
454 986 976 1055 ἀνακεφαλαιώσασθαι
1011 987 1070 1037 τὰ
1095 987 1250 1038 πάντα
1276 989 1323 1037 ἐν
1350 989 1417 1056 τῷ
1443 985 1691 1055 Χριστῷ·”
1715 1001 1800 1041 Eph.
1820 1002 1839 1032 i.
1862 1010 1910 1032 10.

108 1070 302 1139 ἀφίκετο
340 1069 433 1135 γὰρ
472 1071 788 1120 ἀνακαινίσων
827 1070 947 1133 ἡμᾶς
989 1069 1064 1119 διὰ
1105 1075 1188 1120 τοῦ
1230 1068 1507 1132 Πνεύματος
1545 1072 1606 1121 εἰς
1641 1066 1695 1119 τὸ

107 1154 186 1204 ἀπ’
215 1154 379 1219 ἀρχῆς·
433 1154 508 1202 καὶ
548 1152 685 1204 αὐτός
723 1153 854 1202 ἐστιν
883 1153 906 1202 ὁ
932 1149 1051 1218 πρὸς
1090 1153 1208 1202 τοῦτο
1242 1154 1362 1218 ἡμᾶς
1405 1149 1696 1219 κατεργασά-
1714 1179 1783 1199 ver.
1803 1176 1831 1208 5·

107 1259 232 1304 μενος
271 1237 332 1288 ὡς
378 1234 490 1289 Θεὶς
530 1236 605 1285 καὶ
643 1231 739 1288 δοὺς
781 1236 876 1300 ἡμῖν
924 1235 988 1285 τὶν
1031 1233 1268 1303 ἐιρῥοιβῶνοι
1313 1234 1383 1284 τοῦ
1420 1232 1691 1302 Πνεῦμοιτος.

108 1318 274 1369 οὐκοῦν
300 1316 515 1383 ἐνέχυρον
541 1314 706 1381 ὥσπερ
733 1315 954 1384 ἀσφαλὲς
980 1318 1062 1378 τῆς
1094 1317 1142 1365 ἐν
1173 1314 1385 1380 ὑστέροις
1417 1320 1500 1366 τοῦ
1532 1319 1697 1367 αἰῶνος

41 1415 87 1454 15
110 1404 283 1466 καιροῖς
314 1398 636 1462 δοθησομένης
668 1398 777 1460 ἡμῖν
802 1397 1088 1464 ἀφθαρσίας,
1117 1395 1170 1447 τὸ
1199 1396 1425 1463 ζωοποιὸν
1452 1398 1698 1448 ε’ντέθειται

112 1485 307 1544 Πνεῦμα
338 1479 468 1546 παρὰ
494 1484 728 1546 Χριστοῦ·
785 1481 883 1530 νυνὶ
917 1478 1002 1541 μὲν
1034 1480 1147 1532 τέως
1182 1481 1244 1533 ὡς
1278 1480 1326 1529 ἐν
1351 1481 1557 1547 ἀπαρχῇ,
1583 1479 1699 1543 μετὰ

109 1563 165 1614 δέ
197 1586 251 1628 γε
295 1562 381 1626 τὴν
424 1563 473 1611 ἐκ
516 1565 692 1627 νεκρῶν
737 1561 1002 1617 ἀναβίωσιν
1041 1563 1104 1614 ὡς
1143 1562 1191 1611 ἐν
1231 1561 1482 1630 ὁλοκλήρῳ
1521 1560 1692 1630 μέτρῳ.

106 1643 212 1696 τότε
247 1644 302 1708 δὴ
337 1643 441 1694 τότε
484 1643 838 1709 κατηργημένης
880 1642 1084 1694 εἷσοῖπαν
1125 1646 1207 1706 τῆς
1253 1647 1456 1710 φθορᾶς,
1506 1643 1692 1711 ἐξελευ-

1583 1731 1608 1754 “
1637 1727 1698 1778 ὡς
1717 1740 1800 1771 Mal.
1816 1740 1860 1771 iv.
1877 1750 1907 1771 α.

107 1727 306 1790 σόμεθα,
348 1725 470 1777 καθά
515 1730 667 1792 φησιν
711 1726 735 1775 ὁ
780 1723 1047 1793 προφήτης,
1100 1726 1176 1775 καὶ
1219 1725 1543 1790 σκιρτήσομεν

41 1823 90 1848 20
107 1815 134 1838 “
160 1807 402 1876 μοσχάρια
428 1809 477 1858 ἐκ
512 1811 702 1869 δεσμῶν
728 1807 982 1869 ἀνειμε’να,”
1020 1809 1095 1857 καὶ
1123 1807 1179 1870 δὴ
1207 1809 1281 1857 καὶ
1307 1809 1500 1872 ἐροῦμεν
1526 1808 1694 1857 ἐπιτω-

107 1889 323 1956 θάζοντες
351 1894 409 1957 τῇ
436 1893 595 1958 φθορᾷ
622 1897 647 1919 “
676 1893 780 1940 Ποῦ
806 1889 832 1952 ἡ
860 1890 963 1953 δίκη
983 1912 1074 1939 σου
1098 1889 1282 1950 θάνατε,
1299 1894 1392 1939 ποῦ
1419 1888 1472 1939 τὸ
1504 1888 1697 1954 κέντρον
1716 1898 1798 1971 {108-
1813 1898 1882 1929 xiii.

109 1980 135 2003 ‘⁶
162 1995 253 2024 σου
289 1971 377 2041 ᾅδη
400 1971 442 2033 ;”
482 1971 809 2023 πεπαύσονται
843 1970 937 2037 γὰρ
964 1971 1169 2038 ἁμαρτία
1202 1973 1276 2021 καὶ
1304 1969 1519 2033 θάνατος,
1548 1976 1694 2031 βασι·
1737 1952 1767 1982 4⁶

108 2054 269 2105 λεύσει
295 2052 344 2104 δὲ
369 2058 462 2104 τῶν
488 2054 634 2119 ἁγίων
659 2055 706 2104 ἐν
732 2053 982 2121 ἀφθαρσίᾳ
999 2052 1228 2119 Χριστός.
1269 2055 1345 2103 καὶ
1368 2052 1441 2103 ’ἵνα
1467 2052 1521 2102 τὸ
1543 2055 1699 2119 φθαρ-

108 2135 190 2187 τὸν
225 2136 250 2187 ὅ
288 2138 418 2187 ἐστιν
445 2136 472 2198 ἡ
505 2133 694 2202 φθαρτὴ
724 2135 857 2203 σὰρξ
891 2134 1011 2185 κατὰ
1046 2135 1209 2201 φύσιν,
1238 2132 1472 2202 καταποθῇ
1508 2132 1591 2184 ὀπὶ
1623 2132 1699 2192 τῆς

43 2227 89 2265 ²5
110 2217 235 2288 ζωῆς,
272 2225 300 2247 “
319 2217 614 2285 ἐνεφύσησεν
650 2217 674 2266 ὁ
709 2216 830 2269 Θεὸς
870 2221 931 2270 εἰς
970 2215 1023 2266 τὸ
1062 2215 1327 2280 πρόσωπον
1366 2216 1509 2266 αὐτοῦ
1546 2214 1697 2278 πνοὴν
1716 2236 1798 2267 Gen.
1818 2236 1850 2267 ii.
1871 2242 1900 2277 7„

109 2306 137 2329 ‘⁴
161 2299 278 2366 ζωῆς
304 2301 378 2350 καὶ
404 2298 582 2363 ἐγένετο
609 2298 633 2347 ὁ
660 2297 906 2363 ἄνθρωπος
933 2301 995 2350 εἰς
1022 2297 1187 2365 ψυχὴν
1214 2296 1420 2363 ξῶσαν.”

109 2437 220 2467 contr.
239 2432 332 2466 Add.
351 2432 425 2466 Jul.
444 2443 474 2466 c.
493 2442 538 2477 30
560 2431 596 2465 in
624 2431 720 2465 Mus.
749 2431 837 2465 Brit.
866 2430 955 2465 Cod.
973 2430 1067 2464 Add.
1090 2430 1214 2475 1215S‚
1233 2430 1292 2464 fol.
1316 2442 1380 2474 110
1399 2442 1431 2473 v,
1456 2436 1488 2464 et
1512 2430 1548 2464 in
1567 2430 1697 2465 Codice

111 2479 282 2513 Vaticano
302 2479 397 2512 Maio
420 2479 490 2519 cit„
517 2489 655 2512 necnon
686 2478 843 2511 collectio
872 2478 1119 2511 auctoritatum
1145 2478 1179 2511 in
1208 2477 1400 2511 Codicibus
1429 2477 1579 2522 Syriacis
1608 2477 1696 2511 Brit.

110 2525 207 2560 Mus.
234 2525 328 2559 Add.
352 2535 474 2570 14532‚
504 2525 563 2558 fol.
588 2533 627 2569 37
647 2536 679 2567 v,
710 2534 832 2568 14533,
859 2524 918 2558 fol.
944 2534 1001 2568 53.
1027 2524 1156 2557 nostris
1181 2524 1362 2558 codicibus
1391 2531 1529 2558 tomum
1554 2524 1697 2557 tertium

109 2572 311 2606 citantibus.
495 2583 525 2606 1.
551 2570 767 2605 οὐδε-ὅλως
784 2577 965 2615 assumpta
983 2582 1025 2604 ex
1046 2570 1093 2605 H.
1114 2570 1193 2604 Sev.
1215 2570 1304 2604 Coll.
1474 2579 1506 2614 7.
1535 2569 1603 2603 Hic
1623 2570 1696 2604 des.

110 2618 227 2652 citatio
244 2619 280 2652 in
298 2618 500 2652 collectione
518 2616 727 2661 supradicta.
887 2617 919 2651 8.
946 2617 999 2650 διὰ
1018 2628 1087 2651 om.
1104 2617 1153 2651 H.
1296 2628 1330 2661 9.
1356 2616 1456 2651 αὐτὸς
1473 2622 1695 2660 assumptum

110 2675 153 2698 ex
172 2664 220 2698 H.
464 2675 476 2697 1
489 2675 516 2698 1.
543 2662 739 2706 Πνεύματος
758 2663 806 2698 Η.
826 2662 905 2697 Sev.
925 2669 964 2696 ut
982 2663 1126 2697 adnotat
1144 2668 1177 2696 et
1196 2663 1326 2697 Maius.
1346 2664 1482 2707 Πατρὸς
1502 2663 1617 2696 Maius
1636 2662 1697 2707 qui

110 2722 215 2744 suum
235 2709 400 2744 Codicern
418 2709 466 2744 ita
482 2711 594 2755 legere
612 2715 722 2743 notat.
850 2718 903 2753 15.
930 2709 1173 2753 δοθησομέυοις
1192 2709 1273 2753 (sic)
1296 2709 1343 2743 H.
1468 2708 1592 2742 18-26.
1619 2711 1696 2742 τότε

109 2756 311 2800 δὴ-ζῶσαν
327 2756 429 2790 nobis
448 2756 647 2800 suppeditat
667 2756 727 2797 Η.,
746 2767 858 2801 usque
877 2755 920 2789 ad
938 2757 1088 2799 Χριστός
1108 2756 1183 2800 (23)
1204 2762 1237 2789 et
1265 2755 1414 2790 Severus
1440 2755 1536 2789 unde
1561 2760 1695 2799 partem

111 2802 234 2882 ISJatine
251 2803 390 2837 exhibet
408 2808 441 2837 et
461 2803 590 2838 Maius.
799 2813 852 2846 19.
878 2801 1115 2847 σκιρτὴσωμεν
1134 2801 1222 2836 Cod.
1431 2812 1487 2836 21.
1513 2799 1603 2845 δίκη]
1624 2801 1694 2843 νίκη

140 2860 274 2884 everus.
