<?xml version="1.0" encoding="UTF-8"?>
<!DOCTYPE html PUBLIC "-//W3C//DTD XHTML 1.0 Transitional//EN"
    "http://www.w3.org/TR/xhtml1/DTD/xhtml1-transitional.dtd">
<html xmlns="http://www.w3.org/1999/xhtml" xml:lang="en" lang="en">
 <head>
  <title>
</title>
<meta http-equiv="Content-Type" content="text/html;charset=utf-8" />
  <meta name='ocr-system' content='tesseract 3.04.00' />
  <meta name='ocr-capabilities' content='ocr_page ocr_carea ocr_par ocr_line ocrx_word'/>
</head>
<body>
  <div class='ocr_page' id='page_1' title='image "./operacyrilli05cyriuoft/operacyrilli05cyriuoft_0500.png"; bbox 0 0 2017 3252; ppageno 0'>
   <div class='ocr_carea' id='block_1_1' title="bbox 298 127 1581 170">
    <p class='ocr_par' dir='ltr' id='par_1_1' title="bbox 298 127 1581 170">
     <span class='ocr_line' id='line_1_1' title="bbox 298 127 1581 170; baseline -0.001 -1"><span class='ocrx_word' id='word_1_1' title='bbox 298 130 383 169; x_wconf 79' lang='lat'>486</span> <span class='ocrx_word' id='word_1_2' title='bbox 596 130 645 170; x_wconf 88' lang='lat' dir='ltr'>B.</span> <span class='ocrx_word' id='word_1_3' title='bbox 679 128 928 169; x_wconf 88' lang='lat' dir='ltr'>CYRILLI</span> <span class='ocrx_word' id='word_1_4' title='bbox 968 127 1316 169; x_wconf 88' lang='lat' dir='ltr'><strong>ALEXANDR.</strong></span> <span class='ocrx_word' id='word_1_5' title='bbox 1356 128 1581 169; x_wconf 82' lang='lat' dir='ltr'><strong>FRAGM.</strong></span> 
     </span>
    </p>
   </div>
   <div class='ocr_carea' id='block_1_2' title="bbox 299 234 1887 2587">
    <p class='ocr_par' dir='ltr' id='par_1_2' title="bbox 299 234 1887 2587">
     <span class='ocr_line' id='line_1_2' title="bbox 299 234 1878 306; baseline -0.003 -18"><span class='ocrx_word' id='word_1_6' title='bbox 299 240 373 288; x_wconf 82' lang='grc' dir='ltr'>ἐπὶ</span> <span class='ocrx_word' id='word_1_7' title='bbox 411 239 527 306; x_wconf 72' lang='grc' dir='ltr'>τῷδε</span> <span class='ocrx_word' id='word_1_8' title='bbox 565 236 723 303; x_wconf 89' lang='grc' dir='ltr'>λόγος,</span> <span class='ocrx_word' id='word_1_9' title='bbox 751 241 788 287; x_wconf 81' lang='grc' dir='ltr'>εὶ</span> <span class='ocrx_word' id='word_1_10' title='bbox 826 236 880 288; x_wconf 80' lang='grc' dir='ltr'>τὸ</span> <span class='ocrx_word' id='word_1_11' title='bbox 919 237 1160 302; x_wconf 77' lang='grc' dir='ltr'>ἀτρέπτως</span> <span class='ocrx_word' id='word_1_12' title='bbox 1198 234 1310 287; x_wconf 84' lang='grc' dir='ltr'>εῖναι</span> <span class='ocrx_word' id='word_1_13' title='bbox 1342 238 1416 287; x_wconf 79' lang='grc' dir='ltr'>καὶ</span> <span class='ocrx_word' id='word_1_14' title='bbox 1450 234 1675 302; x_wconf 78' lang='grc' dir='ltr'>ὑπάρχειν</span> <span class='ocrx_word' id='word_1_15' title='bbox 1707 235 1878 297; x_wconf 86' lang='grc' dir='ltr'>ἀμετα-</span> 
     </span>
     <span class='ocr_line' id='line_1_3' title="bbox 299 315 1883 387; baseline -0.003 -18"><span class='ocrx_word' id='word_1_16' title='bbox 299 318 491 383; x_wconf 77' lang='grc' dir='ltr'>βλήτως</span> <span class='ocrx_word' id='word_1_17' title='bbox 529 323 586 387; x_wconf 79' lang='grc' dir='ltr'>τῇ</span> <span class='ocrx_word' id='word_1_18' title='bbox 625 325 708 370; x_wconf 89' lang='grc' dir='ltr'>τοῦ</span> <span class='ocrx_word' id='word_1_19' title='bbox 749 319 909 384; x_wconf 84' lang='grc' dir='ltr'>Λόγου</span> <span class='ocrx_word' id='word_1_20' title='bbox 948 317 1092 385; x_wconf 80' lang='grc' dir='ltr'>φύσει</span> <span class='ocrx_word' id='word_1_21' title='bbox 1129 322 1283 382; x_wconf 82' lang='grc' dir='ltr'>τηρεῖν</span> <span class='ocrx_word' id='word_1_22' title='bbox 1322 316 1570 382; x_wconf 80' lang='grc' dir='ltr'>ἐγνώκατε·</span> <span class='ocrx_word' id='word_1_23' title='bbox 1620 315 1883 379; x_wconf 77' lang='grc' dir='ltr'>μεταβάλοι</span> 
     </span>
     <span class='ocr_line' id='line_1_4' title="bbox 300 395 1882 466; baseline -0.002 -16"><span class='ocrx_word' id='word_1_24' title='bbox 300 400 392 466; x_wconf 83' lang='grc' dir='ltr'>γὰρ</span> <span class='ocrx_word' id='word_1_25' title='bbox 413 399 470 450; x_wconf 80' lang='grc' dir='ltr'>ἂν</span> <span class='ocrx_word' id='word_1_26' title='bbox 490 399 663 464; x_wconf 83' lang='grc' dir='ltr'>ἥκιστά</span> <span class='ocrx_word' id='word_1_27' title='bbox 689 423 740 465; x_wconf 94' lang='grc' dir='ltr'>γε</span> <span class='ocrx_word' id='word_1_28' title='bbox 767 400 885 466; x_wconf 85' lang='grc' dir='ltr'>πρὸς</span> <span class='ocrx_word' id='word_1_29' title='bbox 912 398 1024 464; x_wconf 80' lang='grc' dir='ltr'>ὅπερ</span> <span class='ocrx_word' id='word_1_30' title='bbox 1046 399 1128 448; x_wconf 84' lang='grc' dir='ltr'>οὐκ</span> <span class='ocrx_word' id='word_1_31' title='bbox 1153 397 1224 462; x_wconf 82' lang='grc' dir='ltr'>ἧν·</span> <span class='ocrx_word' id='word_1_32' title='bbox 1269 398 1415 463; x_wconf 76' lang='grc' dir='ltr'>ἤγουν</span> <span class='ocrx_word' id='word_1_33' title='bbox 1435 395 1724 448; x_wconf 87' lang='grc' dir='ltr'>σεσάλευται</span> <span class='ocrx_word' id='word_1_34' title='bbox 1744 401 1882 447; x_wconf 87' lang='grc' dir='ltr'>τοῦτο</span> 
     </span>
     <span class='ocr_line' id='line_1_5' title="bbox 299 477 1883 547; baseline -0.002 -16"><span class='ocrx_word' id='word_1_35' title='bbox 299 482 465 532; x_wconf 84' lang='grc' dir='ltr'>παθὼν</span> <span class='ocrx_word' id='word_1_36' title='bbox 481 485 561 544; x_wconf 79' lang='grc' dir='ltr'>τῆς</span> <span class='ocrx_word' id='word_1_37' title='bbox 578 485 863 545; x_wconf 79' lang='grc' dir='ltr'>θεοπρεποῦς</span> <span class='ocrx_word' id='word_1_38' title='bbox 885 477 1178 544; x_wconf 85' lang='grc' dir='ltr'>ἑδραιότητος</span> <span class='ocrx_word' id='word_1_39' title='bbox 1204 502 1278 530; x_wconf 92' lang='grc' dir='ltr'>και</span> <span class='ocrx_word' id='word_1_40' title='bbox 1295 482 1376 542; x_wconf 86' lang='grc' dir='ltr'>τῆς</span> <span class='ocrx_word' id='word_1_41' title='bbox 1397 479 1593 542; x_wconf 81' lang='grc' dir='ltr'>ἐνούσης</span> <span class='ocrx_word' id='word_1_42' title='bbox 1613 479 1738 547; x_wconf 70' lang='grc' dir='ltr'>αὐτῷ</span> <span class='ocrx_word' id='word_1_43' title='bbox 1764 477 1883 528; x_wconf 80' lang='grc' dir='ltr'>κατὰ</span> 
     </span>
     <span class='ocr_line' id='line_1_6' title="bbox 301 557 1882 632; baseline -0.002 -19"><span class='ocrx_word' id='word_1_44' title='bbox 301 563 450 632; x_wconf 82' lang='grc' dir='ltr'>φύσιν</span> <span class='ocrx_word' id='word_1_45' title='bbox 467 563 752 631; x_wconf 84' lang='grc' dir='ltr'>ἀσφαλείας,</span> <span class='ocrx_word' id='word_1_46' title='bbox 772 561 801 627; x_wconf 87' lang='grc' dir='ltr'>ὴ</span> <span class='ocrx_word' id='word_1_47' title='bbox 823 563 899 612; x_wconf 73' lang='grc' dir='ltr'>καὶ</span> <span class='ocrx_word' id='word_1_48' title='bbox 926 561 1052 614; x_wconf 79' lang='grc' dir='ltr'>ὅπως</span> <span class='ocrx_word' id='word_1_49' title='bbox 1072 559 1130 611; x_wconf 77' lang='grc' dir='ltr'>ἂν</span> <span class='ocrx_word' id='word_1_50' title='bbox 1155 560 1408 623; x_wconf 77' lang='grc' dir='ltr'>ὀνομάσειέ</span> <span class='ocrx_word' id='word_1_51' title='bbox 1427 579 1511 613; x_wconf 89' lang='grc' dir='ltr'>τις·</span> <span class='ocrx_word' id='word_1_52' title='bbox 1552 558 1678 623; x_wconf 76' lang='grc' dir='ltr'>οἶμαι</span> <span class='ocrx_word' id='word_1_53' title='bbox 1699 559 1747 610; x_wconf 77' lang='grc' dir='ltr'>δὲ</span> <span class='ocrx_word' id='word_1_54' title='bbox 1769 557 1882 610; x_wconf 76' lang='grc' dir='ltr'>εἶναι</span> 
     </span>
     <span class='ocr_line' id='line_1_7' title="bbox 300 640 1883 711; baseline -0.002 -16"><span class='ocrx_word' id='word_1_55' title='bbox 300 643 459 711; x_wconf 80' lang='grc' dir='ltr'>σοφὸν</span> <span class='ocrx_word' id='word_1_56' title='bbox 490 649 564 696; x_wconf 81' lang='grc' dir='ltr'>καὶ</span> <span class='ocrx_word' id='word_1_57' title='bbox 603 644 657 695; x_wconf 81' lang='grc' dir='ltr'>τὸ</span> <span class='ocrx_word' id='word_1_58' title='bbox 687 643 743 708; x_wconf 80' lang='grc' dir='ltr'>δὴ</span> <span class='ocrx_word' id='word_1_59' title='bbox 778 647 871 695; x_wconf 84' lang='grc' dir='ltr'>δεῖν</span> <span class='ocrx_word' id='word_1_60' title='bbox 910 643 1009 694; x_wconf 87' lang='grc' dir='ltr'>κατ’</span> <span class='ocrx_word' id='word_1_61' title='bbox 1039 642 1203 693; x_wconf 78' lang='grc' dir='ltr'>οὐδένα</span> <span class='ocrx_word' id='word_1_62' title='bbox 1243 642 1474 693; x_wconf 85' lang='grc' dir='ltr'>δύνασθαι</span> <span class='ocrx_word' id='word_1_63' title='bbox 1504 640 1682 708; x_wconf 88' lang='grc' dir='ltr'>τρόπον</span> <span class='ocrx_word' id='word_1_64' title='bbox 1712 643 1883 693; x_wconf 81' lang='grc' dir='ltr'>ἐννοεῖν</span> 
     </span>
     <span class='ocr_line' id='line_1_8' title="bbox 301 720 1878 793; baseline -0.002 -17"><span class='ocrx_word' id='word_1_65' title='bbox 301 730 362 780; x_wconf 79' lang='grc' dir='ltr'>εἰς</span> <span class='ocrx_word' id='word_1_66' title='bbox 400 726 485 789; x_wconf 81' lang='grc' dir='ltr'>τὴν</span> <span class='ocrx_word' id='word_1_67' title='bbox 522 729 604 790; x_wconf 82' lang='grc' dir='ltr'>τῆς</span> <span class='ocrx_word' id='word_1_68' title='bbox 643 723 860 789; x_wconf 85' lang='grc' dir='ltr'>θεότητος</span> <span class='ocrx_word' id='word_1_69' title='bbox 906 724 1055 793; x_wconf 85' lang='grc' dir='ltr'>φύσιν</span> <span class='ocrx_word' id='word_1_70' title='bbox 1093 725 1337 788; x_wconf 84' lang='grc' dir='ltr'>ἀναμεῖναί</span> <span class='ocrx_word' id='word_1_71' title='bbox 1377 746 1422 774; x_wconf 91' lang='grc' dir='ltr'>τι</span> <span class='ocrx_word' id='word_1_72' title='bbox 1463 727 1558 774; x_wconf 90' lang='grc' dir='ltr'>τῶν</span> <span class='ocrx_word' id='word_1_73' title='bbox 1596 720 1878 788; x_wconf 88' lang='grc' dir='ltr'>γεγονότων·</span> 
     </span>
     <span class='ocr_line' id='line_1_9' title="bbox 300 805 1878 874; baseline -0.002 -17"><span class='ocrx_word' id='word_1_74' title='bbox 300 807 543 874; x_wconf 86' lang='grc' dir='ltr'>ἀμήχανον</span> <span class='ocrx_word' id='word_1_75' title='bbox 569 807 661 874; x_wconf 76' lang='grc' dir='ltr'>γὰρ</span> <span class='ocrx_word' id='word_1_76' title='bbox 688 808 857 871; x_wconf 85' lang='grc' dir='ltr'>ὁμοίως</span> <span class='ocrx_word' id='word_1_77' title='bbox 896 809 971 857; x_wconf 81' lang='grc' dir='ltr'>καὶ</span> <span class='ocrx_word' id='word_1_78' title='bbox 1009 811 1161 857; x_wconf 90' lang='grc' dir='ltr'>τοῦτο.</span> <span class='ocrx_word' id='word_1_79' title='bbox 1217 805 1348 869; x_wconf 89' lang='grc' dir='ltr'>πλὴν</span> <span class='ocrx_word' id='word_1_80' title='bbox 1375 808 1412 856; x_wconf 78' lang='grc' dir='ltr'>εἰ</span> <span class='ocrx_word' id='word_1_81' title='bbox 1448 806 1699 871; x_wconf 81' lang='grc' dir='ltr'>εὐποροῦσι</span> <span class='ocrx_word' id='word_1_82' title='bbox 1724 827 1878 870; x_wconf 92' lang='grc' dir='ltr'>παρα-</span> 
     </span>
     <span class='ocr_line' id='line_1_10' title="bbox 302 885 1884 955; baseline -0.003 -15"><span class='ocrx_word' id='word_1_83' title='bbox 302 889 563 955; x_wconf 88' lang='grc' dir='ltr'>δειγμάτων</span> <span class='ocrx_word' id='word_1_84' title='bbox 596 891 848 940; x_wconf 86' lang='grc' dir='ltr'>ἀναπεῖσαι</span> <span class='ocrx_word' id='word_1_85' title='bbox 883 888 1149 951; x_wconf 72' lang='grc' dir='ltr'>δυναμένων</span> <span class='ocrx_word' id='word_1_86' title='bbox 1176 890 1238 941; x_wconf 86' lang='grc' dir='ltr'>ὡς</span> <span class='ocrx_word' id='word_1_87' title='bbox 1270 889 1319 938; x_wconf 85' lang='grc' dir='ltr'>ἐν</span> <span class='ocrx_word' id='word_1_88' title='bbox 1354 886 1620 952; x_wconf 80' lang='grc' dir='ltr'>συγκράσει</span> <span class='ocrx_word' id='word_1_89' title='bbox 1652 888 1728 937; x_wconf 80' lang='grc' dir='ltr'>καὶ</span> <span class='ocrx_word' id='word_1_90' title='bbox 1761 885 1884 953; x_wconf 72' lang='grc' dir='ltr'>μίξει</span> 
     </span>
     <span class='ocr_line' id='line_1_11' title="bbox 301 967 1885 1038; baseline -0.003 -16"><span class='ocrx_word' id='word_1_91' title='bbox 301 976 396 1022; x_wconf 89' lang='grc' dir='ltr'>τῶν</span> <span class='ocrx_word' id='word_1_92' title='bbox 441 971 790 1035; x_wconf 72' lang='grc' dir='ltr'>ὠνομασμένων</span> <span class='ocrx_word' id='word_1_93' title='bbox 834 969 888 1021; x_wconf 78' lang='grc' dir='ltr'>τὸ</span> <span class='ocrx_word' id='word_1_94' title='bbox 928 969 1128 1038; x_wconf 76' lang='grc' dir='ltr'>ἑκατέρῳ</span> <span class='ocrx_word' id='word_1_95' title='bbox 1168 967 1354 1036; x_wconf 78' lang='grc' dir='ltr'>προσὸν</span> <span class='ocrx_word' id='word_1_96' title='bbox 1397 968 1563 1032; x_wconf 80' lang='grc' dir='ltr'>ἰδίωμα</span> <span class='ocrx_word' id='word_1_97' title='bbox 1603 970 1686 1031; x_wconf 82' lang='grc' dir='ltr'>τῆς</span> <span class='ocrx_word' id='word_1_98' title='bbox 1728 967 1885 1033; x_wconf 75' lang='grc' dir='ltr'>ἑτέρου</span> 
     </span>
     <span class='ocr_line' id='line_1_12' title="bbox 300 1048 1885 1118; baseline -0.001 -14"><span class='ocrx_word' id='word_1_99' title='bbox 300 1052 547 1116; x_wconf 88' lang='grc' dir='ltr'>ποιότητος</span> <span class='ocrx_word' id='word_1_100' title='bbox 597 1052 828 1118; x_wconf 77' lang='grc' dir='ltr'>ἀμέτοχον</span> <span class='ocrx_word' id='word_1_101' title='bbox 879 1051 1013 1101; x_wconf 75' lang='grc' dir='ltr'>ἔσται</span> <span class='ocrx_word' id='word_1_102' title='bbox 1057 1055 1318 1112; x_wconf 83' lang='grc' dir='ltr'>παντελῶς,</span> <span class='ocrx_word' id='word_1_103' title='bbox 1362 1048 1777 1116; x_wconf 73' lang='grc' dir='ltr'>παρακομιζόντων</span> <span class='ocrx_word' id='word_1_104' title='bbox 1822 1053 1885 1102; x_wconf 74' lang='grc' dir='ltr'>εἷς</span> 
     </span>
     <span class='ocr_line' id='line_1_13' title="bbox 299 1129 1886 1199; baseline 0 -15"><span class='ocrx_word' id='word_1_105' title='bbox 299 1135 465 1197; x_wconf 76' lang='grc' dir='ltr'>μέσον·</span> <span class='ocrx_word' id='word_1_106' title='bbox 534 1136 754 1197; x_wconf 78' lang='grc' dir='ltr'>ἀδικῆσαι</span> <span class='ocrx_word' id='word_1_107' title='bbox 792 1131 885 1198; x_wconf 78' lang='grc' dir='ltr'>γὰρ</span> <span class='ocrx_word' id='word_1_108' title='bbox 929 1131 1068 1182; x_wconf 88' lang='grc' dir='ltr'>τοῦτό</span> <span class='ocrx_word' id='word_1_109' title='bbox 1108 1136 1265 1199; x_wconf 87' lang='grc' dir='ltr'>φαμεν</span> <span class='ocrx_word' id='word_1_110' title='bbox 1302 1130 1356 1181; x_wconf 82' lang='grc' dir='ltr'>τὸ</span> <span class='ocrx_word' id='word_1_111' title='bbox 1396 1131 1593 1193; x_wconf 85' lang='grc' dir='ltr'>σύμπαν</span> <span class='ocrx_word' id='word_1_112' title='bbox 1631 1129 1764 1182; x_wconf 77' lang='grc' dir='ltr'>οὐδὲν</span> <span class='ocrx_word' id='word_1_113' title='bbox 1803 1133 1886 1194; x_wconf 72' lang='grc' dir='ltr'>τῆς</span> 
     </span>
     <span class='ocr_line' id='line_1_14' title="bbox 300 1211 1886 1280; baseline -0.001 -14"><span class='ocrx_word' id='word_1_114' title='bbox 300 1217 523 1280; x_wconf 81' lang='grc' dir='ltr'>ἀληθείας</span> <span class='ocrx_word' id='word_1_115' title='bbox 560 1214 646 1279; x_wconf 79' lang='grc' dir='ltr'>τὴν</span> <span class='ocrx_word' id='word_1_116' title='bbox 679 1214 874 1277; x_wconf 81' lang='grc' dir='ltr'>δύναμιν</span> <span class='ocrx_word' id='word_1_117' title='bbox 905 1213 958 1264; x_wconf 80' lang='grc' dir='ltr'>τὸ</span> <span class='ocrx_word' id='word_1_118' title='bbox 996 1216 1079 1277; x_wconf 85' lang='grc' dir='ltr'>τῆς</span> <span class='ocrx_word' id='word_1_119' title='bbox 1117 1211 1430 1279; x_wconf 79' lang='grc' dir='ltr'>συγκράσεως</span> <span class='ocrx_word' id='word_1_120' title='bbox 1469 1211 1631 1275; x_wconf 76' lang='grc' dir='ltr'>ὄνομα.</span> <span class='ocrx_word' id='word_1_121' title='bbox 1686 1216 1721 1262; x_wconf 76' lang='grc' dir='ltr'>εἰ</span> <span class='ocrx_word' id='word_1_122' title='bbox 1749 1211 1796 1263; x_wconf 78' lang='grc' dir='ltr'>δὲ</span> <span class='ocrx_word' id='word_1_123' title='bbox 1823 1215 1886 1266; x_wconf 86' lang='grc' dir='ltr'>ὡς</span> 
     </span>
     <span class='ocr_line' id='line_1_15' title="bbox 300 1293 1885 1366; baseline -0.003 -18"><span class='ocrx_word' id='word_1_124' title='bbox 300 1300 348 1348; x_wconf 88' lang='grc' dir='ltr'>ἐν</span> <span class='ocrx_word' id='word_1_125' title='bbox 375 1297 505 1366; x_wconf 74' lang='grc' dir='ltr'>τάξει</span> <span class='ocrx_word' id='word_1_126' title='bbox 540 1301 634 1347; x_wconf 89' lang='grc' dir='ltr'>τῶν</span> <span class='ocrx_word' id='word_1_127' title='bbox 668 1298 823 1362; x_wconf 83' lang='grc' dir='ltr'>ὑγρῶν</span> <span class='ocrx_word' id='word_1_128' title='bbox 849 1296 1163 1362; x_wconf 86' lang='grc' dir='ltr'>ἀναμεμίχθαι</span> <span class='ocrx_word' id='word_1_129' title='bbox 1198 1296 1351 1362; x_wconf 72' lang='grc' dir='ltr'>φασὶν</span> <span class='ocrx_word' id='word_1_130' title='bbox 1377 1294 1610 1358; x_wconf 87' lang='grc' dir='ltr'>ἀλλήλοις</span> <span class='ocrx_word' id='word_1_131' title='bbox 1644 1293 1803 1360; x_wconf 87' lang='grc' dir='ltr'>σάρκα</span> <span class='ocrx_word' id='word_1_132' title='bbox 1835 1317 1885 1345; x_wconf 92' lang='grc' dir='ltr'>τε</span> 
     </span>
     <span class='ocr_line' id='line_1_16' title="bbox 301 1374 1885 1445; baseline -0.002 -16"><span class='ocrx_word' id='word_1_133' title='bbox 301 1381 375 1429; x_wconf 75' lang='grc' dir='ltr'>καὶ</span> <span class='ocrx_word' id='word_1_134' title='bbox 416 1377 590 1445; x_wconf 88' lang='grc' dir='ltr'>Λόγον,</span> <span class='ocrx_word' id='word_1_135' title='bbox 629 1383 729 1431; x_wconf 89' lang='grc' dir='ltr'>πῶς</span> <span class='ocrx_word' id='word_1_136' title='bbox 766 1377 1011 1443; x_wconf 81' lang='grc' dir='ltr'>ἠγνόησαν</span> <span class='ocrx_word' id='word_1_137' title='bbox 1053 1376 1123 1427; x_wconf 82' lang='grc' dir='ltr'>ὅτι</span> <span class='ocrx_word' id='word_1_138' title='bbox 1166 1375 1225 1427; x_wconf 82' lang='grc' dir='ltr'>τὰ</span> <span class='ocrx_word' id='word_1_139' title='bbox 1268 1374 1503 1439; x_wconf 85' lang='grc' dir='ltr'>ἀλλήλοις</span> <span class='ocrx_word' id='word_1_140' title='bbox 1543 1375 1885 1441; x_wconf 84' lang='grc' dir='ltr'>ἀνακιρνάμενα</span> 
     </span>
     <span class='ocr_line' id='line_1_17' title="bbox 301 1456 1886 1528; baseline -0.003 -17"><span class='ocrx_word' id='word_1_141' title='bbox 301 1465 395 1511; x_wconf 86' lang='grc' dir='ltr'>τῶν</span> <span class='ocrx_word' id='word_1_142' title='bbox 438 1462 608 1527; x_wconf 84' lang='grc' dir='ltr'>ὑγρῶν,</span> <span class='ocrx_word' id='word_1_143' title='bbox 653 1458 774 1513; x_wconf 76' lang='grc' dir='ltr'>οἶνος</span> <span class='ocrx_word' id='word_1_144' title='bbox 818 1459 931 1528; x_wconf 74' lang='grc' dir='ltr'>φέρε</span> <span class='ocrx_word' id='word_1_145' title='bbox 973 1462 1115 1509; x_wconf 79' lang='grc' dir='ltr'>εἰπεῖν</span> <span class='ocrx_word' id='word_1_146' title='bbox 1154 1461 1230 1508; x_wconf 85' lang='grc' dir='ltr'>καὶ</span> <span class='ocrx_word' id='word_1_147' title='bbox 1267 1456 1390 1522; x_wconf 79' lang='grc' dir='ltr'>μέλι,</span> <span class='ocrx_word' id='word_1_148' title='bbox 1432 1456 1456 1508; x_wconf 76' lang='grc' dir='ltr'><strong><em>ὃ</em></strong></span> <span class='ocrx_word' id='word_1_149' title='bbox 1500 1456 1585 1520; x_wconf 79' lang='grc' dir='ltr'>μὲν</span> <span class='ocrx_word' id='word_1_150' title='bbox 1624 1456 1752 1522; x_wconf 79' lang='grc' dir='ltr'>ἦσαν</span> <span class='ocrx_word' id='word_1_151' title='bbox 1795 1461 1886 1508; x_wconf 79' lang='grc' dir='ltr'>εἶσὶ</span> 
     </span>
     <span class='ocr_line' id='line_1_18' title="bbox 302 1538 1886 1608; baseline -0.001 -16"><span class='ocrx_word' id='word_1_152' title='bbox 302 1546 518 1607; x_wconf 85' lang='grc' dir='ltr'>καθαρῶς</span> <span class='ocrx_word' id='word_1_153' title='bbox 567 1540 729 1603; x_wconf 67' lang='grc' dir='ltr'>οὐκέτι,</span> <span class='ocrx_word' id='word_1_154' title='bbox 794 1539 1079 1608; x_wconf 78' lang='grc' dir='ltr'>προσλήψει</span> <span class='ocrx_word' id='word_1_155' title='bbox 1132 1538 1179 1590; x_wconf 81' lang='grc' dir='ltr'>δὲ</span> <span class='ocrx_word' id='word_1_156' title='bbox 1236 1543 1426 1602; x_wconf 82' lang='grc' dir='ltr'>μᾶλλον</span> <span class='ocrx_word' id='word_1_157' title='bbox 1477 1541 1560 1602; x_wconf 81' lang='grc' dir='ltr'>τῆς</span> <span class='ocrx_word' id='word_1_158' title='bbox 1610 1539 1886 1604; x_wconf 84' lang='grc' dir='ltr'>ἑτεροειδοῦς</span> 
     </span>
     <span class='ocr_line' id='line_1_19' title="bbox 300 1619 1887 1688; baseline -0.002 -14"><span class='ocrx_word' id='word_1_159' title='bbox 300 1622 547 1687; x_wconf 87' lang='grc' dir='ltr'>ποιότητος</span> <span class='ocrx_word' id='word_1_160' title='bbox 574 1628 635 1677; x_wconf 80' lang='grc' dir='ltr'>εἰς</span> <span class='ocrx_word' id='word_1_161' title='bbox 663 1623 819 1688; x_wconf 80' lang='grc' dir='ltr'>ἕτερόν</span> <span class='ocrx_word' id='word_1_162' title='bbox 846 1645 890 1673; x_wconf 92' lang='grc' dir='ltr'>τι</span> <span class='ocrx_word' id='word_1_163' title='bbox 926 1622 1222 1685; x_wconf 86' lang='grc' dir='ltr'>μεθίσταται.</span> <span class='ocrx_word' id='word_1_164' title='bbox 1273 1621 1439 1671; x_wconf 81' lang='grc' dir='ltr'>οὐκοῦν</span> <span class='ocrx_word' id='word_1_165' title='bbox 1466 1624 1503 1670; x_wconf 78' lang='grc' dir='ltr'>εἰ</span> <span class='ocrx_word' id='word_1_166' title='bbox 1529 1619 1887 1686; x_wconf 86' lang='grc' dir='ltr'>συγκεκράσθαι</span> 
     </span>
     <span class='ocr_line' id='line_1_20' title="bbox 303 1700 1883 1774; baseline -0.002 -19"><span class='ocrx_word' id='word_1_167' title='bbox 303 1707 427 1773; x_wconf 78' lang='grc' dir='ltr'>φασὶ</span> <span class='ocrx_word' id='word_1_168' title='bbox 465 1707 531 1774; x_wconf 73' lang='grc' dir='ltr'>τῷ</span> <span class='ocrx_word' id='word_1_169' title='bbox 556 1704 702 1773; x_wconf 75' lang='grc' dir='ltr'>Λόγῳ</span> <span class='ocrx_word' id='word_1_170' title='bbox 739 1703 825 1768; x_wconf 85' lang='grc' dir='ltr'>τὴν</span> <span class='ocrx_word' id='word_1_171' title='bbox 859 1703 1017 1769; x_wconf 87' lang='grc' dir='ltr'>σάρκα</span> <span class='ocrx_word' id='word_1_172' title='bbox 1054 1700 1190 1754; x_wconf 83' lang='grc' dir='ltr'>πᾶσά</span> <span class='ocrx_word' id='word_1_173' title='bbox 1227 1725 1327 1755; x_wconf 83' lang='grc' dir='ltr'>πως</span> <span class='ocrx_word' id='word_1_174' title='bbox 1366 1700 1546 1767; x_wconf 84' lang='grc' dir='ltr'>ἀνάγκη</span> <span class='ocrx_word' id='word_1_175' title='bbox 1585 1701 1740 1767; x_wconf 63' lang='grc' dir='ltr'>λε’γειν</span> <span class='ocrx_word' id='word_1_176' title='bbox 1773 1700 1883 1752; x_wconf 85' lang='grc' dir='ltr'>ἑκά-</span> 
     </span>
     <span class='ocr_line' id='line_1_21' title="bbox 302 1776 1886 1853; baseline -0.002 -16"><span class='ocrx_word' id='word_1_177' title='bbox 302 1810 436 1853; x_wconf 86' lang='grc' dir='ltr'>τερον</span> <span class='ocrx_word' id='word_1_178' title='bbox 473 1791 567 1838; x_wconf 90' lang='grc' dir='ltr'>τῶν</span> <span class='ocrx_word' id='word_1_179' title='bbox 606 1785 956 1850; x_wconf 78' lang='grc' dir='ltr'>ὠνομασμένων</span> <span class='ocrx_word' id='word_1_180' title='bbox 994 1787 1261 1848; x_wconf 85' lang='grc' dir='ltr'>ἀποστῆναι</span> <span class='ocrx_word' id='word_1_181' title='bbox 1299 1782 1385 1847; x_wconf 72' lang='grc' dir='ltr'>μὲν</span> <span class='ocrx_word' id='word_1_182' title='bbox 1422 1789 1506 1834; x_wconf 91' lang='grc' dir='ltr'>τοῦ</span> <span class='ocrx_word' id='word_1_183' title='bbox 1544 1776 1659 1833; x_wconf 76' lang='grc' dir='ltr'>εἶναι</span> <span class='ocrx_word' id='word_1_184' title='bbox 1690 1782 1714 1834; x_wconf 76' lang='grc' dir='ltr'><em>ὃ</em></span> <span class='ocrx_word' id='word_1_185' title='bbox 1741 1782 1810 1847; x_wconf 80' lang='grc' dir='ltr'>ἧν,</span> <span class='ocrx_word' id='word_1_186' title='bbox 1838 1783 1886 1834; x_wconf 81' lang='grc' dir='ltr'>ἓν</span> 
     </span>
     <span class='ocr_line' id='line_1_22' title="bbox 303 1865 1886 1937; baseline 0.001 -20"><span class='ocrx_word' id='word_1_187' title='bbox 303 1869 358 1918; x_wconf 79' lang='grc' dir='ltr'>δέ</span> <span class='ocrx_word' id='word_1_188' title='bbox 378 1891 422 1918; x_wconf 96' lang='grc' dir='ltr'>τι</span> <span class='ocrx_word' id='word_1_189' title='bbox 448 1867 502 1919; x_wconf 79' lang='grc' dir='ltr'>τὸ</span> <span class='ocrx_word' id='word_1_190' title='bbox 528 1869 585 1937; x_wconf 75' lang='grc' dir='ltr'>ἐξ</span> <span class='ocrx_word' id='word_1_191' title='bbox 608 1870 786 1936; x_wconf 78' lang='grc' dir='ltr'>ἀμφοῖν</span> <span class='ocrx_word' id='word_1_192' title='bbox 811 1867 1098 1918; x_wconf 72' lang='grc' dir='ltr'>ἀποτελέσαι</span> <span class='ocrx_word' id='word_1_193' title='bbox 1132 1867 1282 1930; x_wconf 80' lang='grc' dir='ltr'>μέσον</span> <span class='ocrx_word' id='word_1_194' title='bbox 1307 1865 1551 1933; x_wconf 78' lang='grc' dir='ltr'>ἑτεροφυές</span> <span class='ocrx_word' id='word_1_195' title='bbox 1582 1888 1673 1916; x_wconf 90' lang='grc' dir='ltr'>που</span> <span class='ocrx_word' id='word_1_196' title='bbox 1698 1865 1886 1918; x_wconf 76' lang='grc' dir='ltr'>πάντως</span> 
     </span>
     <span class='ocr_line' id='line_1_23' title="bbox 301 1944 1885 2016; baseline -0.004 -15"><span class='ocrx_word' id='word_1_197' title='bbox 301 1948 330 2013; x_wconf 77' lang='grc' dir='ltr'>ἢ</span> <span class='ocrx_word' id='word_1_198' title='bbox 359 1950 474 2016; x_wconf 79' lang='grc' dir='ltr'>ὅπερ</span> <span class='ocrx_word' id='word_1_199' title='bbox 502 1949 557 2013; x_wconf 81' lang='grc' dir='ltr'>ἧν</span> <span class='ocrx_word' id='word_1_200' title='bbox 584 1949 800 2015; x_wconf 88' lang='grc' dir='ltr'>ἑκάτερον</span> <span class='ocrx_word' id='word_1_201' title='bbox 826 1947 914 1999; x_wconf 79' lang='grc' dir='ltr'>ἀνὰ</span> <span class='ocrx_word' id='word_1_202' title='bbox 948 1948 1087 2014; x_wconf 72' lang='grc' dir='ltr'>μέρος</span> <span class='ocrx_word' id='word_1_203' title='bbox 1123 1950 1199 1998; x_wconf 83' lang='grc' dir='ltr'>καὶ</span> <span class='ocrx_word' id='word_1_204' title='bbox 1235 1945 1500 2012; x_wconf 75' lang='grc' dir='ltr'>ἀσυμμιγὲς</span> <span class='ocrx_word' id='word_1_205' title='bbox 1525 1944 1579 1997; x_wconf 80' lang='grc' dir='ltr'>ὃν</span> <span class='ocrx_word' id='word_1_206' title='bbox 1604 1946 1669 1996; x_wconf 74' lang='grc' dir='ltr'>ἔτι</span> <span class='ocrx_word' id='word_1_207' title='bbox 1706 1945 1885 2014; x_wconf 75' lang='grc' dir='ltr'>θατέρῳ</span> 
     </span>
     <span class='ocr_line' id='line_1_24' title="bbox 302 2027 1882 2097; baseline -0.003 -16"><span class='ocrx_word' id='word_1_208' title='bbox 302 2032 510 2097; x_wconf 87' lang='grc' dir='ltr'>θάτερον·</span> <span class='ocrx_word' id='word_1_209' title='bbox 564 2029 660 2082; x_wconf 75' lang='grc' dir='ltr'>εἶτα</span> <span class='ocrx_word' id='word_1_210' title='bbox 693 2035 827 2081; x_wconf 89' lang='grc' dir='ltr'>ποῖον</span> <span class='ocrx_word' id='word_1_211' title='bbox 854 2028 912 2080; x_wconf 74' lang='grc' dir='ltr'>ἂν</span> <span class='ocrx_word' id='word_1_212' title='bbox 940 2030 1037 2097; x_wconf 77' lang='grc' dir='ltr'>ε”χοι</span> <span class='ocrx_word' id='word_1_213' title='bbox 1071 2029 1126 2080; x_wconf 82' lang='grc' dir='ltr'>τὸ</span> <span class='ocrx_word' id='word_1_214' title='bbox 1161 2032 1320 2097; x_wconf 81' lang='grc' dir='ltr'>χρῆμα</span> <span class='ocrx_word' id='word_1_215' title='bbox 1355 2027 1532 2093; x_wconf 81' lang='grc' dir='ltr'>λόγον;</span> <span class='ocrx_word' id='word_1_216' title='bbox 1575 2028 1809 2091; x_wconf 80' lang='grc' dir='ltr'>πυθοίμην</span> <span class='ocrx_word' id='word_1_217' title='bbox 1839 2028 1882 2077; x_wconf 85' lang='grc' dir='ltr'>δ’</span> 
     </span>
     <span class='ocr_line' id='line_1_25' title="bbox 303 2107 1885 2177; baseline -0.003 -14"><span class='ocrx_word' id='word_1_218' title='bbox 303 2112 360 2163; x_wconf 72' lang='grc' dir='ltr'>ἂν</span> <span class='ocrx_word' id='word_1_219' title='bbox 400 2114 570 2177; x_wconf 82' lang='grc' dir='ltr'>ἥδιστα</span> <span class='ocrx_word' id='word_1_220' title='bbox 609 2116 702 2162; x_wconf 90' lang='grc' dir='ltr'>τῶν</span> <span class='ocrx_word' id='word_1_221' title='bbox 735 2113 788 2162; x_wconf 78' lang='grc' dir='ltr'>δι’</span> <span class='ocrx_word' id='word_1_222' title='bbox 819 2113 1028 2165; x_wconf 77' lang='grc' dir='ltr'>ἐναντίας</span> <span class='ocrx_word' id='word_1_223' title='bbox 1060 2111 1280 2162; x_wconf 78' lang='grc' dir='ltr'>ὁποιποτὲ</span> <span class='ocrx_word' id='word_1_224' title='bbox 1318 2110 1409 2176; x_wconf 77' lang='grc' dir='ltr'>ἄρα</span> <span class='ocrx_word' id='word_1_225' title='bbox 1442 2114 1691 2175; x_wconf 81' lang='grc' dir='ltr'>προελθεῖν</span> <span class='ocrx_word' id='word_1_226' title='bbox 1728 2107 1885 2172; x_wconf 86' lang='grc' dir='ltr'>ἐπειδή</span> 
     </span>
     <span class='ocr_line' id='line_1_26' title="bbox 303 2191 1885 2262; baseline -0.003 -18"><span class='ocrx_word' id='word_1_227' title='bbox 303 2199 428 2262; x_wconf 85' lang='grc' dir='ltr'>φασι</span> <span class='ocrx_word' id='word_1_228' title='bbox 468 2194 554 2258; x_wconf 84' lang='grc' dir='ltr'>τὴν</span> <span class='ocrx_word' id='word_1_229' title='bbox 591 2200 672 2245; x_wconf 94' lang='grc' dir='ltr'>τοῦ</span> <span class='ocrx_word' id='word_1_230' title='bbox 711 2197 834 2245; x_wconf 77' lang='grc' dir='ltr'>Θεοῦ</span> <span class='ocrx_word' id='word_1_231' title='bbox 874 2194 1024 2261; x_wconf 85' lang='grc' dir='ltr'>φύσιν</span> <span class='ocrx_word' id='word_1_232' title='bbox 1065 2194 1126 2246; x_wconf 87' lang='grc' dir='ltr'>ὡς</span> <span class='ocrx_word' id='word_1_233' title='bbox 1165 2191 1259 2243; x_wconf 86' lang='grc' dir='ltr'>ἀπό</span> <span class='ocrx_word' id='word_1_234' title='bbox 1295 2215 1347 2257; x_wconf 96' lang='grc' dir='ltr'>γε</span> <span class='ocrx_word' id='word_1_235' title='bbox 1386 2197 1468 2242; x_wconf 89' lang='grc' dir='ltr'>τοῦ</span> <span class='ocrx_word' id='word_1_236' title='bbox 1506 2196 1588 2242; x_wconf 92' lang='grc' dir='ltr'>νῦν</span> <span class='ocrx_word' id='word_1_237' title='bbox 1626 2191 1885 2256; x_wconf 82' lang='grc' dir='ltr'>κεκράσθαι</span> 
     </span>
     <span class='ocr_line' id='line_1_27' title="bbox 302 2271 1886 2341; baseline -0.002 -16"><span class='ocrx_word' id='word_1_238' title='bbox 302 2276 460 2341; x_wconf 88' lang='grc' dir='ltr'>σαρκί·</span> <span class='ocrx_word' id='word_1_239' title='bbox 515 2278 563 2326; x_wconf 83' lang='grc' dir='ltr'>ἐν</span> <span class='ocrx_word' id='word_1_240' title='bbox 600 2273 847 2339; x_wconf 88' lang='grc' dir='ltr'>ταυτότητι</span> <span class='ocrx_word' id='word_1_241' title='bbox 880 2274 973 2341; x_wconf 78' lang='grc' dir='ltr'>γὰρ</span> <span class='ocrx_word' id='word_1_242' title='bbox 1006 2276 1057 2325; x_wconf 83' lang='grc' dir='ltr'>οὐ</span> <span class='ocrx_word' id='word_1_243' title='bbox 1091 2274 1357 2338; x_wconf 76' lang='grc' dir='ltr'>μεμένηκεν,</span> <span class='ocrx_word' id='word_1_244' title='bbox 1397 2272 1521 2338; x_wconf 80' lang='grc' dir='ltr'>ε’ίπερ</span> <span class='ocrx_word' id='word_1_245' title='bbox 1552 2273 1681 2322; x_wconf 74' lang='grc' dir='ltr'>ἐστὶν</span> <span class='ocrx_word' id='word_1_246' title='bbox 1713 2271 1886 2335; x_wconf 79' lang='grc' dir='ltr'>ἀληθὲς</span> 
     </span>
     <span class='ocr_line' id='line_1_28' title="bbox 301 2353 1884 2423; baseline -0.003 -16"><span class='ocrx_word' id='word_1_247' title='bbox 301 2355 465 2423; x_wconf 75' lang='grc' dir='ltr'>ὥσπερ</span> <span class='ocrx_word' id='word_1_248' title='bbox 512 2358 685 2423; x_wconf 75' lang='grc' dir='ltr'>ε’ίρηται</span> <span class='ocrx_word' id='word_1_249' title='bbox 728 2363 868 2408; x_wconf 89' lang='grc' dir='ltr'>τοῦτο</span> <span class='ocrx_word' id='word_1_250' title='bbox 912 2358 1066 2407; x_wconf 81' lang='grc' dir='ltr'>αὐτῶν</span> <span class='ocrx_word' id='word_1_251' title='bbox 1110 2357 1138 2420; x_wconf 85' lang='grc' dir='ltr'>ἡ</span> <span class='ocrx_word' id='word_1_252' title='bbox 1180 2355 1320 2423; x_wconf 75' lang='grc' dir='ltr'>μίξις·</span> <span class='ocrx_word' id='word_1_253' title='bbox 1384 2353 1413 2418; x_wconf 76' lang='grc' dir='ltr'>ἢ</span> <span class='ocrx_word' id='word_1_254' title='bbox 1463 2355 1620 2404; x_wconf 91' lang='grc' dir='ltr'>τοίνυν</span> <span class='ocrx_word' id='word_1_255' title='bbox 1663 2353 1782 2419; x_wconf 76' lang='grc' dir='ltr'>πρὸς</span> <span class='ocrx_word' id='word_1_256' title='bbox 1826 2353 1884 2404; x_wconf 83' lang='grc' dir='ltr'>τὰ</span> 
     </span>
     <span class='ocr_line' id='line_1_29' title="bbox 301 2433 1884 2506; baseline -0.003 -17"><span class='ocrx_word' id='word_1_257' title='bbox 301 2438 476 2499; x_wconf 75' lang='grc' dir='ltr'>βελτίω</span> <span class='ocrx_word' id='word_1_258' title='bbox 514 2439 599 2502; x_wconf 88' lang='grc' dir='ltr'>τὴν</span> <span class='ocrx_word' id='word_1_259' title='bbox 625 2440 835 2489; x_wconf 86' lang='grc' dir='ltr'>ἐπίδοσιν</span> <span class='ocrx_word' id='word_1_260' title='bbox 862 2439 982 2506; x_wconf 77' lang='grc' dir='ltr'>ε”χειν</span> <span class='ocrx_word' id='word_1_261' title='bbox 1007 2440 1196 2504; x_wconf 84' lang='grc' dir='ltr'>ἐροῦσιν</span> <span class='ocrx_word' id='word_1_262' title='bbox 1230 2436 1385 2499; x_wconf 80' lang='grc' dir='ltr'>αὐτὸν,</span> <span class='ocrx_word' id='word_1_263' title='bbox 1421 2435 1567 2501; x_wconf 74' lang='grc' dir='ltr'>ἤγουν</span> <span class='ocrx_word' id='word_1_264' title='bbox 1600 2433 1686 2498; x_wconf 85' lang='grc' dir='ltr'>τὴν</span> <span class='ocrx_word' id='word_1_265' title='bbox 1725 2438 1787 2488; x_wconf 78' lang='grc' dir='ltr'>εἷς</span> <span class='ocrx_word' id='word_1_266' title='bbox 1825 2434 1884 2485; x_wconf 80' lang='grc' dir='ltr'>τὰ</span> 
     </span>
     <span class='ocr_line' id='line_1_30' title="bbox 302 2515 1884 2587; baseline -0.002 -17"><span class='ocrx_word' id='word_1_267' title='bbox 302 2521 474 2587; x_wconf 83' lang='grc' dir='ltr'>αἰσχίω</span> <span class='ocrx_word' id='word_1_268' title='bbox 501 2519 696 2571; x_wconf 86' lang='grc' dir='ltr'>κάθεσιν</span> <span class='ocrx_word' id='word_1_269' title='bbox 722 2519 840 2570; x_wconf 85' lang='grc' dir='ltr'>κατά</span> <span class='ocrx_word' id='word_1_270' title='bbox 874 2543 928 2585; x_wconf 89' lang='grc' dir='ltr'>γε</span> <span class='ocrx_word' id='word_1_271' title='bbox 958 2519 1040 2570; x_wconf 81' lang='grc' dir='ltr'>τὸν</span> <span class='ocrx_word' id='word_1_272' title='bbox 1067 2518 1248 2570; x_wconf 87' lang='grc' dir='ltr'>ἐοικότα</span> <span class='ocrx_word' id='word_1_273' title='bbox 1273 2522 1369 2571; x_wconf 88' lang='grc' dir='ltr'>τοῖς</span> <span class='ocrx_word' id='word_1_274' title='bbox 1394 2515 1647 2582; x_wconf 87' lang='grc' dir='ltr'>πράγμασι</span> <span class='ocrx_word' id='word_1_275' title='bbox 1674 2522 1797 2567; x_wconf 88' lang='grc' dir='ltr'>νοῦν.</span> <span class='ocrx_word' id='word_1_276' title='bbox 1846 2520 1884 2567; x_wconf 85' lang='grc' dir='ltr'>εὶ</span> 
     </span>
    </p>
   </div>
   <div class='ocr_carea' id='block_1_3' title="bbox 301 2672 1884 2953">
    <p class='ocr_par' dir='ltr' id='par_1_3' title="bbox 301 2672 1884 2953">
     <span class='ocr_line' id='line_1_31' title="bbox 351 2672 1884 2719; baseline -0.003 -9"><span class='ocrx_word' id='word_1_277' title='bbox 351 2688 381 2710; x_wconf 98' lang='grc'>2.</span> <span class='ocrx_word' id='word_1_278' title='bbox 408 2677 590 2716; x_wconf 79' lang='grc' dir='ltr'>μεταβάλει</span> <span class='ocrx_word' id='word_1_279' title='bbox 609 2688 638 2710; x_wconf 87' lang='lat' dir='ltr'>c.</span> <span class='ocrx_word' id='word_1_280' title='bbox 933 2686 985 2709; x_wconf 86' lang='lat'>10.</span> <span class='ocrx_word' id='word_1_281' title='bbox 1011 2677 1049 2709; x_wconf 85' lang='grc' dir='ltr'>τὸ</span> <span class='ocrx_word' id='word_1_282' title='bbox 1066 2674 1372 2719; x_wconf 70' lang='grc' dir='ltr'>θῖηθη(13ν1.τῷ(ἓ)</span> <span class='ocrx_word' id='word_1_283' title='bbox 1393 2674 1425 2706; x_wconf 80' lang='lat' dir='ltr'>b.</span> <span class='ocrx_word' id='word_1_284' title='bbox 1430 2685 1459 2707; x_wconf 88' lang='lat' dir='ltr'>C.</span> <span class='ocrx_word' id='word_1_285' title='bbox 1532 2672 1680 2718; x_wconf 84' lang='grc' dir='ltr'>προσὸν]</span> <span class='ocrx_word' id='word_1_286' title='bbox 1700 2674 1785 2716; x_wconf 85' lang='grc' dir='ltr'>πρὸς</span> <span class='ocrx_word' id='word_1_287' title='bbox 1802 2672 1837 2706; x_wconf 80' lang='grc' dir='ltr'>ἓν</span> <span class='ocrx_word' id='word_1_288' title='bbox 1854 2684 1884 2707; x_wconf 82' lang='lat' dir='ltr'>c.</span> 
     </span>
     <span class='ocr_line' id='line_1_32' title="bbox 306 2719 1884 2768; baseline -0.003 -11"><span class='ocrx_word' id='word_1_289' title='bbox 306 2735 318 2757; x_wconf 86' lang='lat'>1</span> <span class='ocrx_word' id='word_1_290' title='bbox 326 2734 428 2768; x_wconf 84' lang='lat'><strong>3-22.</strong></span> <span class='ocrx_word' id='word_1_291' title='bbox 455 2724 483 2756; x_wconf 79' lang='grc' dir='ltr'>εἷ</span> <span class='ocrx_word' id='word_1_292' title='bbox 513 2723 548 2757; x_wconf 83' lang='grc' dir='ltr'>δέ</span> <span class='ocrx_word' id='word_1_293' title='bbox 563 2722 718 2766; x_wconf 79' lang='grc' dir='ltr'>-μέρος</span> <span class='ocrx_word' id='word_1_294' title='bbox 750 2722 831 2756; x_wconf 83' lang='lat' dir='ltr'>citat</span> <span class='ocrx_word' id='word_1_295' title='bbox 864 2722 1087 2755; x_wconf 67' lang='lat' dir='ltr'>,lastinianus</span> <span class='ocrx_word' id='word_1_296' title='bbox 1116 2722 1308 2764; x_wconf 73' lang='lat' dir='ltr'>Imperatm</span> <span class='ocrx_word' id='word_1_297' title='bbox 1334 2726 1454 2754; x_wconf 80' lang='lat' dir='ltr'>contra</span> <span class='ocrx_word' id='word_1_298' title='bbox 1481 2719 1749 2764; x_wconf 75' lang='lat' dir='ltr'>Monophysitas</span> <span class='ocrx_word' id='word_1_299' title='bbox 1776 2719 1884 2763; x_wconf 81' lang='lat' dir='ltr'>(Maii</span> 
     </span>
     <span class='ocr_line' id='line_1_33' title="bbox 303 2765 1882 2814; baseline -0.003 -11"><span class='ocrx_word' id='word_1_300' title='bbox 303 2771 430 2814; x_wconf 61' lang='grc' dir='ltr'>δουρὶ.</span> <span class='ocrx_word' id='word_1_301' title='bbox 449 2770 527 2803; x_wconf 82' lang='lat' dir='ltr'><strong>Vet.</strong></span> <span class='ocrx_word' id='word_1_302' title='bbox 554 2782 574 2803; x_wconf 79' lang='lat' dir='ltr'>v</span> <span class='ocrx_word' id='word_1_303' title='bbox 578 2782 611 2802; x_wconf 88' lang='lat'>11.</span> <span class='ocrx_word' id='word_1_304' title='bbox 640 2780 690 2813; x_wconf 98' lang='grc'>29</span> <span class='ocrx_word' id='word_1_305' title='bbox 689 2768 735 2811; x_wconf 83' lang='grc'><strong>)).</strong></span> <span class='ocrx_word' id='word_1_306' title='bbox 914 2779 965 2810; x_wconf 78' lang='lat'>14</span> <span class='ocrx_word' id='word_1_307' title='bbox 991 2771 1057 2802; x_wconf 83' lang='grc' dir='ltr'>τῶν</span> <span class='ocrx_word' id='word_1_308' title='bbox 1075 2779 1144 2801; x_wconf 87' lang='lat' dir='ltr'>Om.</span> <span class='ocrx_word' id='word_1_309' title='bbox 1163 2767 1257 2801; x_wconf 79' lang='lat' dir='ltr'><strong>Just.</strong></span> <span class='ocrx_word' id='word_1_310' title='bbox 1436 2775 1487 2810; x_wconf 87' lang='lat'>15.</span> <span class='ocrx_word' id='word_1_311' title='bbox 1515 2766 1732 2810; x_wconf 83' lang='grc' dir='ltr'>(ινακιρνάμεν</span> <span class='ocrx_word' id='word_1_312' title='bbox 1749 2766 1829 2809; x_wconf 82' lang='lat' dir='ltr'>(SIC)</span> <span class='ocrx_word' id='word_1_313' title='bbox 1847 2765 1882 2799; x_wconf 91' lang='lat' dir='ltr'>b.</span> 
     </span>
     <span class='ocr_line' id='line_1_34' title="bbox 304 2811 1883 2860; baseline -0.003 -10"><span class='ocrx_word' id='word_1_314' title='bbox 304 2817 358 2851; x_wconf 83' lang='lat'>16.</span> <span class='ocrx_word' id='word_1_315' title='bbox 384 2831 478 2860; x_wconf 86' lang='grc' dir='ltr'>ομεν</span> <span class='ocrx_word' id='word_1_316' title='bbox 496 2815 583 2858; x_wconf 86' lang='grc' dir='ltr'>ἧσαν</span> <span class='ocrx_word' id='word_1_317' title='bbox 600 2815 667 2849; x_wconf 86' lang='grc' dir='ltr'>εἶσι</span> <span class='ocrx_word' id='word_1_318' title='bbox 685 2815 778 2849; x_wconf 83' lang='lat' dir='ltr'><strong>Just.</strong></span> <span class='ocrx_word' id='word_1_319' title='bbox 795 2816 812 2847; x_wconf 82' lang='grc' dir='ltr'>ὁ</span> <span class='ocrx_word' id='word_1_320' title='bbox 830 2829 890 2857; x_wconf 82' lang='grc' dir='ltr'>μεν</span> <span class='ocrx_word' id='word_1_321' title='bbox 907 2817 953 2849; x_wconf 83' lang='grc' dir='ltr'>εἱς</span> <span class='ocrx_word' id='word_1_322' title='bbox 970 2815 1078 2848; x_wconf 77' lang='grc' dir='ltr'>ι’ίνεισι</span> <span class='ocrx_word' id='word_1_323' title='bbox 1096 2814 1129 2848; x_wconf 87' lang='lat' dir='ltr'>b.</span> <span class='ocrx_word' id='word_1_324' title='bbox 1134 2825 1164 2847; x_wconf 87' lang='lat' dir='ltr'>C.</span> <span class='ocrx_word' id='word_1_325' title='bbox 1283 2824 1335 2858; x_wconf 81' lang='lat'>19.</span> <span class='ocrx_word' id='word_1_326' title='bbox 1360 2815 1475 2847; x_wconf 76' lang='grc' dir='ltr'>πᾶσαν</span> <span class='ocrx_word' id='word_1_327' title='bbox 1495 2813 1575 2855; x_wconf 76' lang='lat' dir='ltr'><strong>(Sic)</strong></span> <span class='ocrx_word' id='word_1_328' title='bbox 1594 2824 1624 2846; x_wconf 90' lang='lat' dir='ltr'>C.</span> <span class='ocrx_word' id='word_1_329' title='bbox 1745 2823 1800 2845; x_wconf 86' lang='lat'>20.</span> <span class='ocrx_word' id='word_1_330' title='bbox 1823 2811 1883 2854; x_wconf 82' lang='grc' dir='ltr'>μὲν</span> 
     </span>
     <span class='ocr_line' id='line_1_35' title="bbox 301 2856 1881 2903; baseline -0.003 -7"><span class='ocrx_word' id='word_1_331' title='bbox 301 2875 370 2897; x_wconf 89' lang='lat' dir='ltr'>om.</span> <span class='ocrx_word' id='word_1_332' title='bbox 392 2875 420 2896; x_wconf 81' lang='lat' dir='ltr'>c.</span> <span class='ocrx_word' id='word_1_333' title='bbox 614 2873 668 2896; x_wconf 85' lang='lat'>21.</span> <span class='ocrx_word' id='word_1_334' title='bbox 694 2876 759 2896; x_wconf 88' lang='grc' dir='ltr'>που</span> <span class='ocrx_word' id='word_1_335' title='bbox 777 2863 907 2895; x_wconf 80' lang='grc' dir='ltr'>πάντως</span> <span class='ocrx_word' id='word_1_336' title='bbox 925 2861 1019 2895; x_wconf 77' lang='lat' dir='ltr'><strong>Just.</strong></span> <span class='ocrx_word' id='word_1_337' title='bbox 1038 2863 1097 2894; x_wconf 87' lang='grc' dir='ltr'>τοῦ</span> <span class='ocrx_word' id='word_1_338' title='bbox 1114 2861 1238 2896; x_wconf 79' lang='grc' dir='ltr'>παντὸς</span> <span class='ocrx_word' id='word_1_339' title='bbox 1256 2860 1289 2894; x_wconf 89' lang='lat' dir='ltr'>b.</span> <span class='ocrx_word' id='word_1_340' title='bbox 1293 2872 1320 2894; x_wconf 92' lang='lat' dir='ltr'>c.</span> <span class='ocrx_word' id='word_1_341' title='bbox 1512 2869 1568 2893; x_wconf 88' lang='grc'>22.</span> <span class='ocrx_word' id='word_1_342' title='bbox 1593 2857 1649 2903; x_wconf 88' lang='grc' dir='ltr'>ἠν]</span> <span class='ocrx_word' id='word_1_343' title='bbox 1669 2856 1728 2892; x_wconf 78' lang='grc' dir='ltr'>οῦν</span> <span class='ocrx_word' id='word_1_344' title='bbox 1745 2856 1834 2901; x_wconf 81' lang='lat' dir='ltr'>(sic)</span> <span class='ocrx_word' id='word_1_345' title='bbox 1852 2868 1881 2892; x_wconf 87' lang='lat' dir='ltr'>c.</span> 
     </span>
     <span class='ocr_line' id='line_1_36' title="bbox 304 2903 1854 2953; baseline -0.004 -10"><span class='ocrx_word' id='word_1_346' title='bbox 304 2920 358 2953; x_wconf 82' lang='lat'>23.</span> <span class='ocrx_word' id='word_1_347' title='bbox 383 2909 558 2952; x_wconf 85' lang='grc' dir='ltr'>πειθοίμην</span> <span class='ocrx_word' id='word_1_348' title='bbox 575 2920 604 2942; x_wconf 87' lang='lat' dir='ltr'>c.</span> <span class='ocrx_word' id='word_1_349' title='bbox 749 2916 803 2951; x_wconf 87' lang='lat'>27.</span> <span class='ocrx_word' id='word_1_350' title='bbox 830 2908 929 2941; x_wconf 81' lang='grc' dir='ltr'>αὐτὸν</span> <span class='ocrx_word' id='word_1_351' title='bbox 947 2907 980 2941; x_wconf 83' lang='lat' dir='ltr'>b.</span> <span class='ocrx_word' id='word_1_352' title='bbox 1046 2907 1063 2950; x_wconf 85' lang='grc' dir='ltr'>ἢ</span> <span class='ocrx_word' id='word_1_353' title='bbox 1083 2907 1116 2941; x_wconf 93' lang='lat' dir='ltr'>b.</span> <span class='ocrx_word' id='word_1_354' title='bbox 1133 2907 1161 2940; x_wconf 84' lang='grc' dir='ltr'>εἷ</span> <span class='ocrx_word' id='word_1_355' title='bbox 1175 2918 1204 2941; x_wconf 86' lang='lat' dir='ltr'>c.</span> <span class='ocrx_word' id='word_1_356' title='bbox 1349 2917 1403 2951; x_wconf 87' lang='lat'>29.</span> <span class='ocrx_word' id='word_1_357' title='bbox 1430 2906 1626 2950; x_wconf 79' lang='grc' dir='ltr'>πράγμασιν</span> <span class='ocrx_word' id='word_1_358' title='bbox 1644 2904 1701 2939; x_wconf 76' lang='grc' dir='ltr'>οῦν</span> <span class='ocrx_word' id='word_1_359' title='bbox 1720 2904 1801 2949; x_wconf 87' lang='lat' dir='ltr'>(sic)</span> <span class='ocrx_word' id='word_1_360' title='bbox 1820 2903 1854 2938; x_wconf 92' lang='lat' dir='ltr'>b.</span> 
     </span>
    </p>
   </div>
   <div class='ocr_carea' id='block_1_4' title="bbox 1903 573 1925 611">
    <p class='ocr_par' dir='ltr' id='par_1_4' title="bbox 1903 573 1925 611">
     <span class='ocr_line' id='line_1_37' title="bbox 1903 573 1925 611; baseline 0 0"><span class='ocrx_word' id='word_1_361' title='bbox 1903 573 1925 611; x_wconf 92' lang='lat'>5</span> 
     </span>
    </p>
   </div>
   <div class='ocr_carea' id='block_1_5' title="bbox 1908 985 1956 1010">
    <p class='ocr_par' dir='ltr' id='par_1_5' title="bbox 1908 985 1956 1010">
     <span class='ocr_line' id='line_1_38' title="bbox 1908 985 1956 1010; baseline 0.021 -1"><span class='ocrx_word' id='word_1_362' title='bbox 1908 985 1956 1010; x_wconf 93' lang='lat'>10</span> 
     </span>
    </p>
   </div>
   <div class='ocr_carea' id='block_1_6' title="bbox 1905 1801 1955 1826">
    <p class='ocr_par' dir='ltr' id='par_1_6' title="bbox 1905 1801 1955 1826">
     <span class='ocr_line' id='line_1_39' title="bbox 1905 1801 1955 1826; baseline 0 0"><span class='ocrx_word' id='word_1_363' title='bbox 1905 1801 1955 1826; x_wconf 89' lang='lat'>20</span> 
     </span>
    </p>
   </div>
  </div>
 </body>
</html>
