1981 3267
18 1558 112 1589 Rom.
123 1556 178 1588 vii.

21 1611 33 1632 1
42 1610 69 1633 2.

22 2288 109 2319 Phil.
123 2288 170 2320 iii.

23 2332 53 2368 8,
68 2341 97 2373 9.

23 2450 97 2481 Gal.
110 2459 141 2481 v.
158 2457 185 2490 7,

24 2504 69 2525 111.
87 2502 113 2525 Ι.

236 131 292 170 98
637 130 688 170 Β.
721 128 1001 170 CYRILLI
1040 128 1423 170 ALEXANDR.
1645 130 1729 171 xix.
1749 143 1816 186 30.

236 236 595 301 καταπέτασμα.
648 236 719 288 διὸ
762 238 836 288 καὶ
879 240 941 291 εἰς
985 235 1071 301 τὴν
1113 236 1305 303 πρώτην
1346 236 1579 304 ἐλογίζετο
1623 237 1819 302 σκηνὴν,

236 320 446 370 ἐκαλεῖτο
473 317 521 369 δὲ
547 319 674 384 ἁγία·
729 319 783 369 οὐ
809 318 902 384 γὰρ
927 317 984 383 δή
1010 341 1079 372 τις
1107 318 1229 373 ὅλως
1256 320 1438 386 ἀνίερον
1462 317 1578 370 εἶναί
1605 343 1708 371 τινα
1735 325 1819 370 τοῦ

239 406 351 451 ναοῦ
390 399 536 452 τόπον
575 402 678 467 ε’ρεῖ,
718 399 1026 469 διαψεύσεται
1065 399 1171 466 γὰρ,
1199 402 1384 467 ἐπείπερ
1422 401 1535 454 ὅλος
1571 400 1704 467 ἅγιος
1741 400 1815 465 ἧν.

200 505 222 532 e
238 481 355 545 μετὰ
382 480 430 532 δὲ
460 481 545 546 τὴν
570 481 762 548 πρώτην
788 480 970 546 σκηνὴν
995 480 1049 533 τὸ
1084 482 1261 551 μεταξὺ
1287 482 1630 547 καταπέτασμα
1663 483 1816 534 δευτέ-

237 587 326 630 ραν
351 562 515 630 ὥσπερ
541 562 788 629 εἰργάζετο,
805 562 890 627 τὴν
910 563 1125 629 ἐσωτέρω
1153 567 1289 630 φημὶ,
1315 564 1374 614 τὰ
1400 562 1510 630 ἅγια
1535 568 1629 614 τῶν
1655 564 1817 628 ἁγίων.
1841 587 1864 625 5

238 646 348 696 ἀλλ’
377 644 540 711 ὥσπερ
568 647 592 695 ὁ
619 645 843 710 μακάριος
875 644 966 713 ἔφη
994 648 1203 708 Παῦλος,
1231 645 1306 696 διὰ
1333 650 1427 696 τῶν
1453 647 1500 696 ἐν
1526 645 1687 699 τύποις
1714 646 1823 710 ἡμῖν

238 727 501 795 σχημάτων
527 726 696 791 ἐδήλου
722 726 775 778 τὸ
802 730 999 790 Πνεῦμα
1024 726 1110 790 τὴν
1136 731 1230 780 τοῖς
1257 728 1405 793 ἁγίοις
1430 727 1824 794 πρεπωδεστέραν

239 811 368 860 οὔπω
408 813 774 877 πεφανερῶσθαι
812 808 989 875 τριᾟον,
1021 808 1300 875 εἰργομένων
1338 808 1402 860 ἔτι
1440 814 1534 860 τῶν
1573 814 1717 873 λαῶν,
1749 812 1824 861 καὶ

238 890 417 942 στάσιν
442 890 643 959 ἐχούσης
673 894 756 954 τῆς
791 890 980 956 πρώτης
1019 891 1180 955 αὐλῆς.
1233 892 1363 942 οὔπω
1398 891 1492 958 γὰρ
1518 892 1663 945 ὅντως
1691 893 1715 943 ὁ
1741 894 1824 956 τῆς

237 974 476 1026 πολιτείας
515 973 775 1041 διεφαίνετο
810 971 984 1039 τρόπος
1015 975 1098 1037 τῆς
1134 974 1352 1038 δοθείσης
1384 972 1459 1025 διὰ
1486 978 1702 1040 Χριστοῦ
1727 978 1824 1027 τοῖς

238 1054 314 1106 διὰ
350 1061 433 1106 τοῦ
478 1054 753 1117 Πνεύματος
799 1054 1098 1119 κεκλημένοις
1142 1054 1261 1121 πρὸς
1301 1055 1556 1121 ἁγιασμὸν,
1598 1057 1729 1107 οὔπω
1769 1054 1824 1106 τὸ

236 1138 340 1204 περὶ
380 1138 522 1187 αὐτοῦ
561 1136 866 1205 πεφανέρωτο
905 1136 1181 1203 μυστήριον,
1223 1137 1289 1188 ἔτι
1329 1140 1411 1201 τῆς
1457 1140 1505 1188 ἐν
1546 1136 1825 1204 γράμμασιν

194 1219 499 1286 εἶὶσχυούσης
532 1219 741 1282 ἐντολῆς.
796 1218 867 1268 διὸ
907 1220 981 1269 καὶ
1017 1222 1079 1272 εἰς
1112 1218 1199 1282 τὴν
1232 1219 1424 1285 πρώτην
1456 1218 1607 1284 αὐλὴν
1633 1220 1658 1270 ὁ
1685 1218 1825 1282 νόμος

236 1301 348 1365 ἵστη
386 1300 493 1354 τοὺς
528 1301 796 1353 Ἰουδαίους.
865 1299 1164 1367 προεισβολὴ
1202 1300 1295 1368 γὰρ
1335 1300 1497 1367 ὥσπερ
1542 1324 1612 1355 τις
1652 1303 1728 1352 καὶ
1768 1302 1823 1352 ἵν’

237 1384 384 1436 οὕτως
423 1381 536 1434 ε’ίπω
574 1382 835 1449 προαύλιόν
874 1383 978 1434 ἐστι
1016 1385 1099 1447 τῆς
1136 1383 1442 1449 εὐαγγελικῆς
1465 1382 1753 1437 παιδεύσεώς
1778 1406 1827 1434 τε

239 1466 315 1515 καὶ
352 1464 589 1518 πολιτείας
628 1464 655 1528 ἡ
696 1464 879 1530 νομική.
935 1465 962 1528 ἡ
1001 1463 1087 1529 μὲν
1125 1463 1219 1531 γάρ
1258 1466 1389 1516 ἐστιν
1429 1467 1477 1516 ἐν
1510 1464 1686 1528 τύποις,
1718 1465 1746 1530 ἦ
1779 1465 1827 1517 δὲ

239 1546 407 1609 βλέπει
445 1545 563 1613 πρὸς
596 1545 835 1610 ἀλήθειαν.
887 1548 963 1597 καὶ
989 1547 1102 1612 ἁγία
1129 1545 1213 1611 μὲν
1239 1547 1267 1611 ἡ
1293 1546 1458 1614 πρώτη
1492 1546 1660 1612 σκηνὴ,
1695 1545 1827 1614 ἅγιος

239 1629 333 1695 γὰρ
361 1630 385 1679 ὁ
419 1627 559 1693 νόμος
595 1631 670 1680 καὶ
696 1629 724 1692 ἡ
752 1627 919 1693 ἐντολὴ
955 1629 1110 1680 δικαία
1142 1630 1218 1679 καὶ
1249 1628 1421 1694 ἀγαθή·
1469 1630 1580 1695 ἁγία
1607 1628 1655 1680 δὲ
1681 1630 1828 1695 ἁγίων

240 1712 267 1776 ἡ
295 1709 518 1777 ἐσωτέρα·
561 1708 684 1776 ἅγιοι
715 1710 808 1777 γὰρ
835 1709 964 1764 ὄντες
992 1714 1034 1761 οἱ
1071 1714 1154 1774 τῆς
1192 1710 1312 1761 κατὰ
1349 1710 1493 1774 νόμον
1526 1711 1826 1775 δικαιοσύνης

239 1791 588 1859 μετειληφότες,
628 1790 886 1858 γεγόνασιν
933 1792 1178 1859 ἁγιώτεροι
1222 1791 1307 1857 τὴν
1351 1794 1516 1844 πίστιν
1552 1792 1824 1862 παραδεξά-

201 1895 383 1938 θμενοι,
418 1877 565 1939 δῆλον
604 1872 651 1925 δὲ
689 1873 759 1925 ὅτι
799 1874 884 1939 τὴν
923 1878 985 1928 εἰς
1024 1874 1254 1941 Χριστὸν,
1294 1876 1372 1926 καὶ
1408 1879 1474 1944 τῷ
1513 1876 1620 1946 θείῳ
1660 1898 1710 1926 τε
1750 1877 1826 1926 καὶ

239 1956 391 2027 “Αγίῳ
419 1956 795 2024 διακεχρισμένοι
819 1955 1074 2021 Πνεύματι.
1118 1956 1284 2023 μείζων
1310 1957 1390 2008 οὖν
1416 1957 1507 2024 ἄρα
1531 1960 1613 2022 τῆς
1640 1959 1829 2021 νομικῆς

242 2038 541 2103 δικαιοσύνης
568 2038 595 2102 ἡ
623 2037 698 2089 διὰ
733 2038 953 2101 πίστεως,
981 2040 1057 2089 καὶ
1091 2036 1219 2090 πολὺ
1254 2037 1310 2103 δὴ
1342 2039 1451 2090 λίαν
1476 2038 1829 2104 πλουσιώτερος

243 2120 268 2171 ὁ
295 2119 548 2186 ἁγιασμός.
601 2119 841 2187 τοιγάρτοι
875 2121 950 2171 καὶ
983 2121 1008 2171 ὁ
1034 2119 1317 2188 σοφώτατος
1346 2123 1542 2174 Παῦλος
1574 2118 1748 2185 ἥδιστά
1781 2143 1830 2171 τε

243 2203 318 2252 καὶ
344 2202 452 2252 λίαν
478 2201 671 2265 ἑτοίμως
696 2199 782 2265 τὴν
809 2202 856 2252 ἐν
883 2200 1010 2272 νόμῳ
1032 2200 1333 2266 δικαιοσύνην
1352 2201 1641 2268 ἐζημιῶσθαί
1664 2206 1830 2271 φησιν,

244 2284 319 2334 ἵνα
358 2282 573 2350 Χριστὸν
605 2283 818 2351 κερδάνῃ,
857 2285 932 2334 καὶ
965 2284 1128 2351 εὑρεθῇ
1170 2290 1197 2313 “
1214 2284 1263 2334 ἐν
1300 2285 1424 2353 αὐτῷ
1454 2282 1519 2348 μὴ
1554 2283 1676 2351 ἔχων
1711 2284 1832 2334 ἰδίαν

247 2372 274 2394 “
300 2364 600 2429 δικαιοσύνην
637 2363 723 2429 τὴν
760 2366 808 2415 ἐν
848 2365 989 2434 νόμῳ,
1028 2364 1160 2415 ἀλλὰ
1197 2364 1284 2429 τὴν
1322 2364 1396 2416 διὰ
1433 2365 1639 2419 πίστεως
1670 2366 1833 2430 Ἰησοῦ

249 2453 275 2476 “
302 2447 565 2512 Χριστοῦ.”
618 2449 693 2497 καὶ
733 2447 889 2498 ὀπίσω
929 2447 985 2498 δέ
1015 2469 1134 2500 τινες
1173 2447 1382 2511 ἔπιπτον,
1409 2450 1485 2499 καὶ
1524 2452 1682 2502 καλῶς
1719 2447 1829 2515 τρέ-

247 2550 410 2595 χοντες
442 2528 799 2591 ἐβασκαίνοντο,
825 2528 1034 2594 γαλάται
1073 2528 1121 2579 δὲ
1156 2528 1298 2591 οῦτοι,
1323 2528 1442 2592 μετὰ
1476 2529 1562 2593 τὴν
1593 2530 1641 2580 ἐν
1672 2531 1831 2582 πίστει

1847 1001 1896 1026 10

1849 1816 1900 1840 20

1851 2222 1900 2261 ²5

24 2622 130 2659 1071
142 2608 562 2673 A.a6u<acocrt5v⁷7v‚
590 2612 652 2662 εἷς
686 2608 772 2673 τὴν
804 2616 887 2660 τοῦ
926 2609 1071 2673 νόμου
1108 2609 1577 2676 παλινδρομήσαντες
1611 2611 1827 2676 ἐντολὴν,
1851 2643 1901 2679 30

249 2692 324 2742 καὶ
361 2694 424 2744 εἷς
462 2688 704 2742 πολιτείαν
731 2690 1147 2755 ὑπονοστήσαντες
1181 2689 1268 2754 τὴν
1294 2693 1342 2742 ἐν
1367 2691 1528 2745 τύποις
1566 2693 1641 2743 καὶ
1679 2693 1832 2759 γράμ-

247 2795 409 2838 μασιν,
437 2770 503 2826 οἷς
534 2770 591 2836 δὴ
623 2774 697 2822 καὶ
737 2771 931 2841 σφόδρα
969 2773 1154 2826 δικαίως
1193 2774 1218 2822 ὁ
1260 2776 1455 2827 Παῦλος
1494 2774 1832 2841 διεμαρτύρατο

299 2894 375 2929 1-5.
393 2883 741 2930 σκήνην-εἷργιῖζετο
759 2895 829 2918 om.
846 2884 881 2929 (a
892 2885 990 2926 -ζετο
1008 2883 1151 2926 acl—(ero
1170 2884 1300 2918 scilicet
1314 2883 1526 2928 transiliens)
1542 2884 1581 2919 E.
1668 2896 1720 2927 14.
1739 2900 1770 2919 τι
1789 2886 1831 2922 Ε.

250 2932 304 2966 26.
333 2932 483 2977 κερδανεῖ
506 2931 544 2965 Ε.
586 2939 589 2942 ’
