2001 3257
48 312 209 344 S.Matth.

47 355 137 387 xxvi.
152 354 202 395 56.

48 411 155 451 Supra

49 465 140 486 xvul.
162 463 211 485 10.

51 1775 146 1823 1119
162 1787 213 1822 A.

50 1954 83 2003 S:
100 1953 181 1986 Luc.

50 2007 93 2028 v1.
112 2006 160 2037 13.

272 112 354 152 1642
673 111 723 152 B.
758 111 1036 151 CYRILLI
1079 112 1461 153 ALEXANDR.
1601 114 1857 168 xxi.15-17.

229 223 428 287 ᾶπαρῆν
455 226 550 274 τοῖς
575 219 814 271 Ἰουδαίων
841 221 1089 286 ὑπηρέταις
1121 222 1300 289 ἀναμὶξ
1330 220 1447 287 πρὸς
1479 220 1532 272 τὸ
1559 227 1655 274 τοῖς
1681 222 1852 288 ἄρχου·

274 325 355 353 σιν
380 302 670 365 ἀποκομίσαι
703 301 786 353 τὸν
812 304 1016 366 Ἰησοῦν,
1045 305 1085 353 οἱ
1121 303 1206 366 μὲν
1237 302 1381 353 ἄλλοι
1417 311 1443 332 ‘⁶
1461 303 1629 356 πάντες
1667 302 1859 370 ἀφέντες

275 392 302 414 “
328 384 469 436 αὑτὸν
504 385 724 451 ἔφυγον,”
752 384 871 435 κατὰ
910 382 963 435 τὸ
1002 386 1342 450 γεγραμμένον,
1372 386 1552 450 Πέτρος
1592 385 1639 436 δὲ
1675 388 1732 453 τῇ
1772 409 1860 447 μα-

273 468 417 534 χαίρᾳ
455 465 507 516 τὸ
547 472 630 516 τοῦ
660 465 871 532 Μάλχου
911 465 1130 532 διέκοψεν
1170 468 1323 517 ὠτίον.
1380 465 1495 536 ᾤετο
1534 466 1627 532 γὰρ
1667 470 1759 517 δεῖν
1786 465 1861 517 διὰ

273 548 448 600 παντὸς
488 547 735 609 ἐπαμύνειν
760 546 937 612 τρόπου
964 551 1030 615 τῷ
1057 548 1206 617 οἰκείῳ
1244 548 1533 618 διδασκάλῳ,
1561 553 1596 598 εἰ
1629 551 1702 598 καὶ
1740 545 1860 617 ἀπᾴ-
1881 565 1903 603 5

275 634 454 680 δουσαν
489 630 614 698 αὐτῷ
647 633 893 682 παντελῶς
923 630 1119 680 ἐποιεῖτο
1146 629 1232 694 τὴν
1257 631 1539 697 ἐγχείρησιν.
1595 629 1860 699 ἀφικομένῳ

274 717 524 777 τοιγαροῦν
561 715 656 761 τῶν
691 711 857 761 ἄλλων
898 710 1183 777 γοργότερον
1219 711 1451 778 προσάγει
1491 711 1575 773 τὴν
1613 717 1796 774 πεῦσιν,
1824 716 1861 762 εὶ

274 796 428 845 πλεῖον
453 794 608 844 αὐτῶν
650 796 839 861 ἀγαπᾷ,
870 796 944 843 καὶ
982 799 1122 844 τοῦτο
1161 798 1223 847 εὶς
1261 795 1416 860 τρίτον
1447 795 1624 860 γέγονε.
1679 817 1856 858 συγκα-

274 876 451 926 τανεύει
486 875 533 926 δὲ
567 874 747 940 Πέτρος
787 878 862 926 καὶ
896 877 1087 941 ἀγαπᾶν
1123 877 1358 942 ὁμολογεῖ,
1389 879 1472 940 τῆς
1505 877 1860 944 ἐνυπαρχούσης

274 959 399 1027 αὐτῷ
425 957 675 1010 διαθέσεως
702 956 844 1007 αὐτὸν
870 955 984 1008 εἶναι
1017 957 1171 1024 λέγων
1197 957 1279 1009 τὸν
1304 958 1536 1025 μάρτυρα·
1584 960 1655 1027 ἐφ’
1685 957 1860 1027 ἑκάστῃ
1885 988 1933 1012 10

236 1039 323 1091 εδὲ
361 1044 455 1090 τῶν
487 1041 753 1103 ὁμολογιῶν
785 1039 1023 1106 διαφόρως
1061 1040 1215 1091 ἀκούει
1249 1044 1332 1105 τῆς
1371 1046 1463 1092 τῶν
1503 1046 1710 1107 λογικῶν
1747 1065 1862 1107 προ·
1925 1063 1928 1064 ’

218 1170 220 1172 .
245 1142 247 1144 ’
274 1122 438 1182 βάτων
465 1122 657 1189 ε”χεσθαι
685 1122 949 1189 φροντίδος.

350 1202 500 1266 Οἶμαι
527 1202 575 1254 δὲ
603 1202 768 1268 ἐ’γωγε·
818 1206 986 1270 χρῆναι
1012 1203 1106 1271 γὰρ
1133 1204 1278 1258 ὅντως
1305 1207 1425 1273 φημὶ
1453 1209 1528 1256 καὶ
1555 1204 1639 1269 τὴν
1668 1228 1862 1269 κεκρυμ-

274 1285 416 1349 μένην
443 1288 490 1335 ἐν
516 1284 694 1338 τούτοις
735 1287 1025 1350 διερευνῆσαι
1069 1287 1288 1337 διάνοιαν·
1342 1288 1424 1338 οὐκ
1459 1289 1555 1354 εἰκῇ
1594 1288 1862 1355 γεγράφθαι

273 1370 349 1419 καὶ
385 1374 547 1430 ταῦτα,
573 1368 722 1418 ὠδίνει
749 1366 806 1418 δέ
833 1391 877 1418 τι
908 1369 1056 1419 πάλιν
1083 1370 1107 1419 ὁ
1133 1367 1292 1434 λόγος,
1321 1372 1396 1420 καὶ
1423 1374 1516 1420 τῶν
1549 1369 1862 1436 προκειμένων
1887 1395 1933 1434 15

274 1451 299 1501 ὁ
326 1456 433 1504 νοῦς
459 1449 551 1516 ε”χει
584 1472 626 1499 τι
653 1447 841 1504 πάντως
867 1449 922 1501 τὸ
948 1451 1250 1518 ἐνδομυχοῦν·
1296 1450 1324 1516 ὴ
1351 1450 1445 1517 γὰρ
1473 1453 1554 1502 οὐκ
1581 1453 1676 1517 ἐρεῖ
1697 1475 1764 1506 τις
1791 1454 1864 1504 εὐ-

274 1532 433 1598 λόγως
461 1531 627 1582 Μόνον
667 1533 817 1601 ἐρωτᾷ
854 1532 936 1583 τὸν
964 1532 1170 1596 Σίμωνα,
1203 1534 1352 1584 καίτοι
1391 1538 1484 1584 τῶν
1516 1534 1684 1585 ἄλλων
1721 1557 1862 1601 παρε-

273 1615 473 1665 στώτων
519 1619 759 1678 μαθητῶν,
805 1613 880 1664 διὰ
932 1616 1072 1666 ποίαν
1114 1616 1301 1677 αἱτιάν;
1365 1616 1414 1666 τί
1455 1616 1498 1666 δ’
1542 1615 1599 1666 ἂν
1639 1616 1864 1677 βούλοιτο

273 1700 450 1761 δηλοῦν
496 1695 550 1746 τό
599 1697 738 1748 Βόσκε
787 1695 848 1747 rb,
891 1699 1013 1766 ἀρνία.
1056 1722 1153 1763 μου,
1197 1699 1272 1748 καὶ
1319 1697 1376 1748 τὰ
1422 1696 1602 1751 τούτοις
1643 1699 1858 1767 ἀδελφάς

235 1777 430 1845 ἃφαμὲν
457 1778 539 1828 οῦν
578 1777 647 1828 ὅτι
689 1777 1041 1845 κεχειροτόνητο
1079 1778 1164 1842 μὲν
1196 1779 1285 1843 ἤδη
1324 1779 1444 1845 πρὸς
1479 1779 1564 1843 τὴν
1591 1781 1716 1831 θείαν
1747 1783 1859 1832 ἀπο·
1885 1806 1935 1832 20

273 1859 457 1924 στολὴν
501 1861 617 1922 ὁμοῦ
669 1864 765 1912 τοῖς
814 1859 981 1924 ἑτέροις
1022 1865 1253 1925 μαθηταῖς
1295 1863 1319 1912 ὁ
1364 1861 1618 1915 θεσπέσιος
1662 1863 1861 1929 Πέτρος·

274 1942 412 1995 αὐτὸς
456 1940 545 2007 γὰρ
586 1941 752 1995 αὐτοὺς
789 1944 813 1992 ὁ
848 1943 1022 2008 Κύριος
1057 1944 1189 2007 ἡμῶν
1215 1945 1402 2008 Ἰησοῦς
1436 1945 1460 1994 ὁ
1487 1942 1701 2009 Χριστὸς
1739 1946 1861 1996 ἀπο·

273 2023 479 2077 στόλους
508 2022 727 2087 ὠνόμασε
754 2023 875 2075 κατὰ
901 2024 955 2076 τὸ
983 2026 1328 2092 γεγραμμένον·
1386 2025 1540 2090 ἐπειδὴ
1568 2026 1615 2076 δὲ
1641 2030 1858 2094 πραχθῆ-

274 2129 347 2156 ναι
387 2106 663 2169 συμβέβηκε
702 2105 762 2156 τὰ
801 2109 882 2170 τῆς
909 2108 1149 2159 Ἰουδαίων
1184 2110 1454 2172 ἐπιβουλῆς,
1489 2109 1570 2159 καί
1604 2131 1647 2159 τι
1686 2108 1865 2178 μεταξὺ

274 2189 554 2252 διεπταίσθη
596 2190 672 2238 καὶ
711 2208 921 2254 γεγονεν·
977 2188 1166 2260 ἀκράτῳ
1200 2191 1293 2257 γὰρ
1325 2192 1504 2253 δείματι
1544 2193 1864 2259 καταληφθεὶς
1884 2218 1932 2257 25

276 2271 301 2321 ὁ
341 2270 596 2324 θεσπέσιος
623 2269 804 2336 Πέτρος
836 2271 1080 2337 ἠρνήσατο
1121 2275 1219 2339 τρὶς
1260 2273 1342 2324 τὸν
1371 2273 1563 2339 Κύριον·
1623 2274 1864 2338 θεραπεύει

233 2359 260 2399 b
277 2353 330 2403 τὸ
356 2351 604 2414 πεπονθὸς,
633 2356 707 2402 καὶ
735 2354 1010 2405 ἀνταπαιτεῖ
1038 2356 1262 2408 ποικίλως
1298 2355 1383 2419 τὴν
1410 2359 1472 2409 εἷς
1498 2356 1656 2421 τρίτον
1683 2357 1858 2417 ὁμολο-

276 2434 396 2499 γίαν,
424 2435 745 2496 ἀντίσταθμον
770 2433 936 2502 ὥσπερ
963 2437 1119 2507 ἐκείνῳ
1146 2443 1284 2488 τοῦτο
1310 2439 1449 2491 τιθεὶς
1482 2440 1557 2487 καὶ
1583 2438 1864 2504 ἀντίῤῥοπον

277 2521 373 2568 τοῖς
410 2519 711 2578 πταίσμασιν
737 2517 976 2586 ἐξαρτύων
1009 2518 1094 2583 τὴν
1123 2519 1465 2585 ἐπανόρθωσιν.
1506 2517 1560 2570 τὸ
1599 2518 1692 2585 γὰρ
1731 2518 1864 2589 λόγῳ

278 2597 587 2648 διαπταισθέν
613 2601 687 2648 καὶ
714 2602 762 2650 ἐν
788 2604 954 2668 ψιλοῖς
981 2601 1089 2668 ἔχον
1112 2601 1294 2669 ῥήμασι
1320 2606 1416 2652 τῶν
1440 2599 1752 2667 ἐγκλημάτων
1777 2601 1863 2665 τὴν
1881 2628 1933 2664 30

278 2678 488 2742 δύναμιν,
532 2679 650 2730 κατὰ
695 2680 777 2731 τὸν
821 2681 930 2733 ἴσον
972 2684 1072 2747 δοίη
1114 2707 1182 2737 τις
1223 2682 1280 2734 ἂν
1327 2684 1626 2734 ἀπολύεσθαι
1666 2680 1859 2748 τρόπον.

323 2875 356 2908 5.
382 2865 598 2908 ἐπαναμένειν
616 2865 658 2900 Ε.
846 2894 848 2897 .
1024 2869 1058 2903 8.
1083 2870 1203 2903 πλεῖον
1221 2869 1325 2903 habet
1344 2869 1385 2904 E.
1450 2869 1569 2915 γέγονε
1587 2868 1629 2902 Ε.
1647 2868 1775 2913 γίνεται
1794 2868 1859 2904 Ed.

279 2924 332 2947 12.
359 2913 522 2957 ἔρχεσθαι
542 2913 582 2946 Ε.
825 2923 948 2960 17-19.
976 2914 1196 2960 ἐρωτᾷ-μου
1213 2928 1283 2950 om.
1304 2916 1345 2950 E.
