1925 3262
254 175 326 215 viii
841 172 1267 212 PRAEFATIO.

255 294 411 342 seriem,
436 293 521 333 sive
549 305 826 346 quaecumque
856 306 901 331 ea
927 290 1061 331 fuerit.
1124 291 1259 331 Pauca
1280 305 1325 331 ea
1346 305 1447 344 quae
1471 291 1637 345 Syriaco
1658 290 1841 331 citantur

255 377 304 402 ex
324 361 524 415 Epistolis
554 361 605 400 ad
628 359 880 409 Corinthios,
903 374 949 399 ea
980 359 1037 399 ita
1069 358 1314 399 dividuntur
1345 362 1392 398 ut
1422 359 1465 398 in
1495 358 1593 400 Cod.
1618 359 1840 399 Pantocra-

254 430 421 470 torensi.

314 563 595 604 Homiliarum
645 562 951 617 Cyrillanarum
1001 561 1236 615 fragmenta
1286 577 1336 602 ex
1383 561 1490 601 Maii
1541 560 1841 602 florentissimis

254 631 546 685 Anthologicis
576 631 817 684 plerumque
848 634 947 670 sunt
977 629 1182 682 decerpta,
1205 630 1269 669 vel
1301 645 1351 669 ex
1382 630 1550 670 Catenis
1580 631 1704 683 atque
1734 629 1840 683 ejus-

254 699 365 740 modi
407 699 605 740 fontibus.
682 698 732 738 Id
773 712 869 738 sane
910 697 1012 738 libet
1047 697 1238 746 indicare,
1275 697 1383 751 quod
1419 697 1590 737 fortasse
1629 697 1764 737 seculo
1798 696 1842 736 xi

254 767 461 808 exstiterit
491 770 630 807 totum
658 766 851 807 volumen
882 765 1162 806 Homiliarum
1190 765 1232 805 S.
1257 765 1406 819 Cyrilli
1434 766 1610 818 (praeter
1633 764 1841 805 Homilias

255 835 500 887 Pasehales),
524 834 719 888 quoniam
744 849 850 874 unus
875 833 1056 874 Niketae
1087 833 1129 873 in
1162 834 1204 874 S.
1224 833 1381 874 Lucam
1412 833 1538 873 codex
1566 832 1767 886 quaedam
1791 847 1842 873 ex

257 903 441 943 Homilia
470 902 585 942 xxvii
612 903 715 943 citat
739 902 835 955 (vid.
859 902 909 942 ad
935 917 974 955 p.
992 901 1107 955 458),
1138 901 1321 955 alterque
1342 901 1524 942 Niketae
1554 901 1599 941 in
1631 900 1842 942 Hebraeos

255 971 341 1012 cod.
365 986 415 1012 ex
439 972 564 1012 Hom.
588 986 671 1010 xxv
695 970 792 1023 (vid.
816 971 866 1010 ad
888 985 929 1023 p.
945 973 1058 1024 463).

313 1039 471 1079 Contra
503 1039 769 1092 Synusiastas
810 1038 1059 1092 fragmenta,
1091 1037 1300 1091 triumque
1340 1042 1484 1078 contra
1524 1037 1755 1078 Diodorum
1794 1052 1841 1078 ac

254 1107 516 1148 Theodorum
553 1107 763 1155 librorum,
798 1122 844 1147 ea
877 1106 1117 1160 plerumque
1151 1110 1249 1146 sunt
1284 1121 1387 1160 quae
1414 1106 1458 1146 in
1490 1106 1648 1160 Synodi
1670 1106 1841 1146 Chalce-

255 1175 401 1215 doniae
433 1175 680 1215 Defensione
711 1174 841 1215 edidit
872 1174 898 1214 J
903 1189 1054 1215 oannes
1086 1174 1372 1224 Caesariensis,
1404 1178 1452 1214 ut
1481 1177 1621 1215 narrat
1649 1174 1843 1228 Syriacus

255 1243 323 1283 ille
353 1244 441 1284 cod.
470 1258 549 1296 quo
581 1242 721 1282 Maius
751 1246 813 1283 est
843 1258 964 1282 usus:
997 1242 1159 1282 nullum
1190 1243 1301 1283 enim
1331 1257 1481 1283 nomen
1512 1245 1575 1283 est
1604 1242 1648 1282 in
1683 1243 1842 1283 duobus

255 1312 370 1351 codd.
408 1310 586 1351 Graecis.
654 1311 788 1350 Pauca
822 1311 1023 1364 quaedam
1064 1314 1273 1363 praeterea
1312 1314 1570 1351 accesserunt
1605 1310 1842 1364 fragmenta

258 1378 427 1431 Syriaca
456 1393 506 1418 ex
534 1378 674 1418 Severi
705 1378 909 1431 operibus,
937 1378 1332 1432 Monophysitarum
1353 1378 1616 1419 Patriarchae
1638 1378 1841 1418 Antioch-

256 1447 379 1496 ensis,
411 1450 484 1487 aut
517 1461 565 1486 ex
597 1461 644 1487 ea
677 1446 790 1487 Serie
820 1446 992 1486 Patrum
1024 1446 1356 1487 testimoniorum
1387 1461 1490 1500 quae
1525 1450 1588 1487 est
1619 1446 1664 1486 in
1695 1446 1843 1488 Museo

258 1515 500 1556 Britannico
523 1515 668 1567 (Codd.
692 1515 783 1556 add.
811 1517 1022 1569 14532-3)
1036 1531 1047 1564 3
1081 1529 1183 1568 quae
1214 1530 1307 1555 cum
1332 1516 1529 1555 Severum
1559 1514 1672 1565 citat,
1704 1515 1843 1569 paullo

257 1587 351 1636 post
372 1584 458 1637 ejus
479 1586 657 1624 aetatem
679 1583 880 1636 scriptum
902 1583 1026 1623 fuisse
1048 1586 1231 1636 apparet.

317 1719 397 1759 His
431 1720 677 1773 fragmentis
712 1719 869 1760 accedit
901 1735 1050 1774 parvus
1078 1723 1219 1760 contra
1250 1720 1702 1775 Anthropomorphitas
1731 1725 1840 1763 trac-

258 1791 396 1838 tatus3
425 1803 547 1842 quem
569 1788 612 1828 in
628 1789 703 1828 hac
726 1788 907 1828 editione
928 1789 972 1828 in
989 1790 1089 1828 duas
1110 1792 1247 1842 partes
1264 1787 1401 1837 divisi,
1416 1788 1677 1843 disposuique
1698 1804 1842 1830 secun-

258 1857 357 1896 dum
380 1856 565 1897 ordinem
587 1857 688 1897 Cod.
712 1856 1207 1905 Mediceo-Laurentiani,
1232 1857 1343 1896 Plut.
1362 1856 1417 1897 vi.
1440 1857 1528 1897 cod.
1554 1866 1615 1909 17.
1657 1858 1844 1898 Alterius

258 1924 301 1963 in
334 1925 411 1965 hoc
443 1924 532 1965 cod.
570 1925 684 1966 deest
717 1924 878 1974 titulus,
915 1939 998 1964 uno
1034 1924 1085 1964 ad
1119 1924 1339 1964 minimum
1372 1925 1520 1965 amisso
1557 1925 1666 1967 folio.
1726 1925 1843 1967 Alibi

257 1997 397 2033 autem
418 1993 570 2033 citatur
590 1997 638 2034 ut
659 1993 753 2045 πρὸς
774 1994 972 2044 Τιβέριον.
1034 1993 1219 2032 Primum
1243 1992 1467 2047 capitulum
1490 2008 1540 2034 ex
1561 1994 1649 2035 cod.
1674 1995 1843 2047 Syriaco

258 2060 404 2109 editur,
428 2061 498 2114 qui
519 2064 580 2101 est
602 2061 644 2100 in
668 2061 780 2101 Mus.
805 2060 912 2101 Brit.
936 2071 1085 2115 14531.

318 2128 377 2168 Hi
409 2129 530 2170 ambo
562 2130 779 2169 Tractat-us
810 2129 862 2169 ad
892 2129 1068 2170 eundem
1100 2128 1311 2169 Tiberium
1343 2128 1485 2183 scripti
1507 2129 1702 2170 videntur
1732 2144 1842 2171 esse:

259 2211 354 2236 nam
375 2197 514 2238 Videas
535 2213 638 2251 quae
665 2197 734 2238 ille
759 2198 808 2238 de
836 2198 879 2237 S.
902 2196 1060 2251 Cyrillo
1091 2196 1269 2251 petierit,
1292 2200 1389 2238 ante
1420 2197 1598 2251 primam
1628 2213 1842 2252 responso-

259 2280 351 2304 rum
383 2265 527 2306 seriem
559 2265 718 2319 adjecta
746 2268 799 2319 (p.
816 2268 914 2319 547)
935 2282 942 2305 ε
975 2266 1046 2305 ubi
1072 2265 1156 2315 illa,
1180 2265 1380 2316 δεξάμενοι
1406 2264 1480 2318 γὰρ
1508 2268 1677 2319 πρόσθεν
1703 2269 1743 2308 ἐκ
1768 2271 1845 2308 τῶν

260 2337 340 2373 σῶν
375 2332 499 2385 ἁγίων
531 2339 670 2387 χειρῶν
700 2336 770 2385 τὴν
805 2335 892 2385 περὶ
923 2338 999 2374 τῶν
1034 2334 1121 2373 καθ’
1158 2335 1256 2384 ἡμᾶς
1289 2336 1411 2385 ὀρθῶν
1446 2334 1650 2386 δογμάτων
1687 2335 1845 2386 ζήτησιν

260 2403 495 2442 ἐπιλύουσαν
525 2404 688 2454 βίβλον,
720 2402 914 2442 videntur
949 2401 1074 2442 alium
1109 2402 1288 2455 aliquem
1325 2401 1477 2441 librum
1510 2417 1841 2453 commemorare,

253 2469 341 2522 jam
377 2484 401 2509 a
437 2471 479 2510 S.
503 2470 660 2523 Cyrillo
691 2471 743 2510 ad
774 2470 984 2510 Tiberium
1016 2471 1284 2519 mandatumg
1326 2469 1396 2522 qui
1427 2469 1462 2508 is
1496 2469 1669 2510 forsitan
1703 2470 1840 2521 fuerit,

260 2538 330 2591 qui
353 2538 396 2577 in
418 2539 493 2579 hac
515 2539 707 2589 editione,
729 2542 772 2579 et
792 2539 835 2578 in
858 2539 956 2579 Cod.
984 2538 1237 2587 Florentino,
1259 2536 1484 2577 secundum
1506 2538 1632 2577 habet
1653 2537 1804 2579 locum.

318 2674 530 2715 Quaedam
560 2675 795 2728 fragmenta
818 2674 985 2728 Syriaca
1006 2689 1108 2727 quae
1137 2677 1231 2727 post
1263 2674 1336 2713 hos
1367 2674 1469 2714 duos
1499 2671 1593 2713 dedi
1623 2675 1838 2724 tractatus,

260 2756 470 2796 unumque
501 2758 640 2783 corum
662 2758 764 2796 quae
795 2743 906 2795 adp.
926 2752 1006 2797 537
1032 2746 1140 2791 sunt,
1164 2757 1258 2781 cum
1289 2741 1451 2795 proprio
1482 2741 1569 2781 loco
1600 2742 1838 2794 praetermi-

259 2810 414 2860 sissem,
437 2810 640 2864 Catulogo
664 2811 760 2851 Gul.
785 2810 960 2863 Wrighss
982 2810 1126 2850 LL.D.
1159 2813 1325 2862 accepta
1356 2809 1512 2849 refero:
1550 2809 1619 2862 qui
1651 2809 1737 2861 ipse
1768 2824 1841 2862 pro

259 2894 331 2919 sua
353 2879 613 2919 humanitate
636 2878 965 2932 insignissimum
987 2892 1189 2931 quemquo
1211 2877 1389 2918 codicem
1411 2877 1511 2917 mihi
1536 2877 1749 2919 indicavit.
