2012 3272
120 138 173 179 ix.
194 149 232 192 5.
438 136 507 177 IN
549 135 889 176 EPISTOLAM
931 134 1013 174 AD
1059 134 1390 176 HEBRAEOS.
1626 138 1708 179 407

1766 216 1797 236 11
1842 207 1891 237 M.

118 245 212 297 ἀπὸ
238 251 321 296 τοῦ
347 245 633 313 ἐφέλκεσθαι
667 242 980 307 καλούμενον,
1011 243 1036 294 ὅ
1063 246 1230 310 διεῖργε
1258 242 1344 308 τὴν
1371 242 1538 307 αὐλὴν,
1567 248 1627 298 εἷς
1653 208 1743 307 ἦν[
1808 214 1823 247 7
1906 207 1918 247 ]

117 327 288 381 πάντες
327 331 490 381 κοινῶς
528 325 774 393 εἰσῄεσαν,
803 327 851 376 ἐν
890 323 919 393 ᾗ
960 327 1035 376 καὶ
1075 325 1210 377 ε”θυον
1246 324 1366 376 κατὰ
1403 331 1487 377 τοῦ
1527 331 1710 393 χαλκοῦ

118 410 476 475 θυσιαστηρίου·
532 410 556 458 ὁ
589 407 637 459 δὲ
677 407 822 471 μέσος
856 407 974 472 μετὰ
1005 406 1059 458 τὸ
1099 408 1445 472 ε’πίσπαστρον,
1486 407 1539 458 οῦ
1579 407 1712 457 ἔνδον

117 490 396 558 εἶσήρχοντο
423 495 464 541 οἱ
497 495 642 557 ἱερεῖς,
669 489 752 543 τὰς
789 488 1008 554 λατρείας
1045 489 1342 554 καθεκάστην
1368 491 1706 542 ἐπιτελοῦντες·

76 591 98 630 5
119 574 252 627 οὗτος
279 573 327 624 δὲ
356 575 380 624 ὁ
407 572 550 627 τόπος
576 574 788 623 ἐκαλεῖτο
809 570 972 637 “Ἀγια,
1000 570 1029 622 ἃ
1056 572 1201 625 τύπος
1227 571 1353 636 ἦσαν
1379 575 1460 635 τῆς
1487 576 1708 633 παλαιᾶς,

119 654 199 706 ἅτε
225 660 320 707 τῶν
346 657 400 706 δι’
430 655 624 719 αἵματος
652 659 831 706 θυσιῶν
857 657 950 704 ἐκεῖ
975 655 1286 717 τελουμένων·
1342 655 1366 704 ὁ
1395 653 1442 705 δὲ
1470 653 1709 718 ἐνδότερος

120 737 382 803 ὠνομάζετο
398 736 534 803 Ἅγια
555 737 715 803 ἁγίων,
734 735 764 786 ἃ
790 736 936 790 τύπος
962 736 1019 801 ἧν
1045 743 1128 787 τοῦ
1155 738 1264 803 παρ’
1288 738 1397 801 ἡμῖν
1422 739 1703 801 μυστηρίου.
1726 765 1791 784 vor.
1808 763 1836 785 2.

119 818 204 883 τὴν
231 820 315 882 μὲν
350 821 431 870 οῦν
466 818 584 882 μετὰ
618 819 672 870 τὸ
698 824 909 886 χαλκοῦν
938 819 1281 885 θυσιαστήριον
1309 818 1491 883 σκηνὴν
1516 818 1710 884 πρώτην

119 902 144 951 ὁ
176 900 453 955 ἀπόστολος
484 901 624 967 λέγει,
652 903 714 955 ὡς
752 900 871 967 πρὸς
914 899 973 951 τὰ
1009 900 1120 966 ἅγια
1158 906 1252 951 τῶν
1288 902 1451 967 ἁγίων·
1507 902 1609 952 ἐπεί
1638 924 1710 951 τοι

51 1008 100 1033 10
117 984 242 1048 μέση
279 982 336 1047 ἧν
361 987 427 1053 τῷ
461 982 780 1053 ἐπισπάστρῳ
807 981 900 1034 ἀπὸ
935 986 1018 1046 τῆς
1053 984 1199 1047 αὐλῆς
1236 984 1543 1049 διειργομένη·
1591 982 1710 1046 μετὰ

118 1064 167 1116 δὲ
194 1065 277 1128 τὴν
304 1066 457 1129 μέσην
483 1065 658 1130 ταύτην
684 1064 867 1130 σκηνὴν
894 1066 1024 1119 αὖθις
1050 1064 1105 1116 τὸ
1132 1065 1478 1128 καταπέτασμα
1503 1065 1706 1116 ἐτέτατο·

118 1149 192 1198 καὶ
224 1147 355 1198 ε”νδον
379 1148 547 1198 τούτου
574 1146 631 1211 ἧν
656 1148 684 1212 ή
711 1147 864 1211 σκηνὴ
892 1148 918 1212 ἡ
948 1147 1178 1212 λεγομένη
1213 1148 1326 1213 ἅγια
1366 1148 1528 1213 ἁγίων,
1553 1151 1614 1200 εἷς
1652 1146 1711 1211 ἣν

119 1231 266 1284 οὐδεὶς
293 1226 439 1297 εἰσῄει
465 1229 492 1294 ὴ
520 1228 661 1292 μόνος
689 1231 713 1280 ὁ
739 1229 990 1296 ἀρχιερεὺς,
1019 1231 1092 1280 καὶ
1124 1229 1259 1283 οὗτος
1286 1230 1421 1298 ἅπαξ
1444 1235 1528 1281 τοῦ
1554 1231 1704 1279 ἐνιαυ-

120 1317 217 1362 τοῦ·
271 1311 484 1362 ἀπέκειτο
520 1310 567 1361 δὲ
599 1313 648 1361 ἐν
674 1310 821 1378 ταύτῃ
847 1311 874 1374 ἡ
902 1310 1102 1372 κιβωτὸς
1129 1310 1213 1366 τὰς
1239 1311 1429 1365 πλάκας
1454 1317 1537 1362 τοῦ
1565 1310 1710 1373 νόμου

53 1409 101 1447 15
122 1393 351 1461 φέρουσα,
396 1395 470 1443 καὶ
518 1393 604 1457 τὴν
656 1393 871 1456 στάμνον
922 1399 1006 1443 τοῦ
1056 1392 1223 1456 μάννα,
1268 1395 1343 1444 καὶ
1395 1392 1480 1457 τὴν
1529 1393 1711 1459 ῥάβδον

120 1474 326 1541 Ἀαρών.
380 1478 456 1526 καὶ
494 1474 587 1539 μὴν
614 1478 660 1525 αἱ
687 1475 935 1535 βασιλεῖαί
965 1480 1118 1542 φασιν
1156 1476 1204 1525 ἐν
1242 1479 1300 1542 τῇ
1339 1479 1525 1544 κιβωτῷ
1564 1474 1850 1537 μόνας3ῑίμς.
1866 1490 1937 1522 viii.

119 1560 356 1608 τεθεῖσθαι
383 1556 466 1610 τὰς
491 1556 694 1618 πλάκας,
722 1558 771 1606 ἐκ
802 1557 1112 1622 παραδόσεως
1140 1556 1187 1607 δὲ
1215 1556 1331 1610 ἰ’σως
1359 1558 1382 1606 ὁ
1412 1561 1607 1610 Παῦλος
1635 1559 1710 1607 καὶ
1728 1544 1760 1575 9·

120 1638 206 1703 τὴν
228 1637 408 1706 ῥάβδον
435 1641 510 1690 καὶ
537 1638 752 1702 στάμνον
778 1638 1087 1705 προσέθηκεν.

1728 1746 1800 1780 118
1824 1744 1885 1780 Μ.

236 1798 469 1856 ”Υῐτεράνω
506 1799 553 1840 δὲ
590 1799 724 1840 aenae
761 1798 957 1856 χερουβὶμ
997 1799 1126 1843 &bime
1165 1799 1500 1857 κατασκιάζοντα
1538 1799 1587 1842 τὸ
1731 1817 1752 1856 5

54 1892 103 1917 20
788 1880 1050 1939 ἱλαστήριον.

196 1994 340 2048 Σύνες
360 1995 454 2058 οὖν,
472 1995 599 2050 ὅπως
625 1997 765 2047 ἐποίει
786 1995 829 2048 τὶ
857 1996 942 2060 μὲν
962 1998 1207 2065 ἱλαστήριον
1225 2001 1286 2050 εἷς
1306 1997 1459 2048 εἰκόνα
1480 1999 1709 2064 ε’νανθρω-

119 2074 363 2140 πήσαντος
380 2083 462 2128 τοῦ
479 2081 608 2128 Υὶοῦ·
637 2077 741 2129 τότε
759 2078 852 2144 γὰρ
869 2079 1063 2144 γέγονεν
1080 2077 1373 2145 ἱλαστήριον·
1399 2078 1530 2143 πλὴν
1550 2079 1711 2149 κύκλῳ

119 2157 419 2223 περιεστάναι
459 2160 746 2225 προστάττει
790 2160 850 2211 τὰ
894 2163 1127 2229 χερουβὶμ,
1173 2163 1249 2211 καὶ
1293 2160 1565 2227 συσκιάζειν
1610 2166 1711 2214 ταῖς

120 2239 355 2309 πτέρυξιν,
384 2243 452 2292 ἀεὶ
487 2242 604 2307 πρὸς
632 2242 773 2293 αὐτὸν
799 2243 1094 2308 τετραμμένα
1120 2265 1168 2292 τε
1194 2243 1270 2292 καὶ
1307 2243 1568 2303 βλέποντα·
1613 2240 1711 2293 εἶτά

1726 2325 1757 2356 S.
1770 2326 1870 2357 Joan.

1727 2370 1781 2399 xii
1794 2379 1846 2409 41.

122 2408 150 2432 ‘⁶
176 2402 335 2472 δόξαν,
363 2407 438 2455 καὶ
477 2405 689 2469 ἐλάλησε
727 2409 834 2472 περὶ
868 2407 1055 2457 αὐτοῦ.”
1114 2405 1252 2468 εἶδον,
1281 2405 1374 2472 γάρ
1402 2411 1601 2475 φησι,“
1627 2429 1708 2457 τον
1728 2421 1782 2452 Es
1801 2422 1844 2452 vi
1866 2429 1893 2453 1

1359 2324 1430 2354 ια’

55 2331 103 2370 25
121 2344 221 2375 πως
251 2322 361 2386 ἡμῖν
387 2322 529 2374 αὐτὸν
555 2325 579 2374 ὁ
606 2323 854 2393 προφήτης
881 2325 1137 2375 τεθεᾶσθαί
1159 2329 1326 2392 φησιν,
1406 2347 1481 2375 οτε
1508 2322 1597 2375 εἶδε
1623 2323 1708 2387 τὴν

123 2491 150 2515 66
243 2486 254 2501 '
551 2486 563 2503 ἱ
760 2488 773 2504 Ι
974 2490 983 2504 ³
1020 2490 1034 2507 x
1163 2487 1173 2503 ι
1318 2490 1329 2504 c
1479 2495 1498 2504 Α

178 2489 355 2552 Κυριον
404 2492 610 2549 σαβαωθ
654 2493 918 2552 καθήμενον
961 2512 1036 2539 επι
1088 2492 1259 2553 θρονου
1306 2493 1499 2556 υψηλου
1543 2511 1592 2539 τε
1634 2510 1709 2538 και

169 2620 202 2654 5.
229 2613 247 2646 ὁ
265 2618 488 2658 assumptum
507 2626 548 2647 ex
568 2625 611 2657 a.,
629 2614 748 2649 omisit
767 2614 899 2649 Maius.
1254 2626 1307 2649 12.
1334 2614 1455 2649 τούτου
1473 2626 1503 2647 a.
1522 2616 1622 2648 τοῦτο
1641 2613 1709 2648 Ed.

126 2670 179 2701 14.
205 2661 265 2692 τοῦ
283 2667 503 2703 assumptum
524 2673 565 2694 ex
583 2673 613 2694 a.
839 2662 892 2695 18.
918 2660 1147 2707 προσέθηκεν]
1168 2662 1280 2706 pergit
1298 2662 1452 2704 ὑπεράνω
1470 2661 1505 2695 δε
1524 2661 1635 2703 αὐτῆς,
1652 2662 1711 2703 τῆς

122 2707 268 2744 κιβωτοῦ
293 2705 434 2749 δηλαδὴ,
456 2709 623 2751 χερουβιμ
648 2708 749 2751 δόξης
774 2709 845 2751 ἤτοι
863 2708 904 2741 τὰ
926 2708 1090 2752 ἔνδοξα,
1075 2724 1093 2751 η
1112 2710 1152 2742 τὰ
1171 2708 1249 2742 ὅντα
1267 2710 1324 2752 τῆς
1344 2708 1456 2751 δόξης,
1474 2707 1631 2741 τουτέστι
1649 2709 1709 2740 τοῦ

122 2751 210 2785 θεοῦ·
243 2752 395 2810 ἐπίτηδες
417 2753 452 2786 δὲ
475 2756 580 2787 ταῦτα
603 2754 730 2798 ἐπαίρει
757 2757 802 2800 τῷ
828 2756 934 2801 λόγω,
961 2769 1013 2788 ινα
1038 2756 1130 2798 δείξῃ
1155 2755 1289 2798 μείζονα
1315 2754 1394 2788 ὅντα
1419 2755 1459 2787 τὰ
1484 2769 1525 2797 με
1509 2754 1568 2787 «τὰ
1592 2756 1708 2795 ταῦτα,

122 2797 278 2832 τουτέστι
296 2799 337 2832 τὰ
362 2797 438 2832 καθ’
464 2798 559 2842 ἡμᾶς·
594 2801 859 2843 κατασκιάζοντα
883 2803 922 2835 τὸ
948 2801 1160 2845 ἱλαστήριον·
1195 2801 1394 2844 ἱλαστήριον
1411 2800 1550 2844 ἐλέγετο
1575 2801 1613 2833 τὸ
1637 2799 1708 2833 ε’πί-

123 2844 220 2887 θεμα,
237 2846 310 2888 ἤτοι
336 2846 374 2878 τὸ
398 2849 499 2904 πῶμα
522 2848 581 2890 τῆς
607 2848 764 2887 κιβωτοῦ,
783 2846 866 2892 ὅπερ
892 2848 994 2881 οἱονεί
1017 2862 1067 2883 τις
1086 2846 1275 2891 τράπεζα
1257 2852 1296 2890 ἠν
1313 2848 1534 2891 τετράγωνος,
1553 2848 1709 2879 τυποῦσα

123 2891 274 2933 Χριστὸν
298 2892 357 2925 τὸν
380 2893 560 2943 γενόμενον
584 2892 661 2945 ἡμῖν
682 2894 829 2938 ἱλασμόν
848 2894 978 2935 Maius,
1004 2894 1106 2928 omisi
1130 2894 1216 2939 ipse,
1244 2906 1353 2939 quum
1381 2893 1423 2927 ad
1453 2893 1490 2926 S.
1512 2891 1638 2936 Chrys
1665 2891 1707 2924 ad

125 2936 190 2970 loc.
214 2948 277 2981 149
297 2936 330 2970 d.
348 2939 544 2982 pertineant
562 2939 686 2983 priora.
