2012 3272
464 145 541 184 DE
574 143 927 185 DOGMATUM
967 143 1321 185 SOLUTIONE.
1604 148 1686 187 557

101 251 171 302 ὅτι
212 252 540 313 “,Ἀπεθα’νετε
581 253 688 319 γὰρ,
728 255 804 304 καὶ
836 253 863 316 ἡ
899 253 990 319 ζωὴ
1031 254 1159 315 ὑμῶν
1199 251 1452 319 κέκρυπται
1491 253 1583 304 σὺν
1621 257 1687 323 τῷ
1751 261 1819 291 001·
1836 260 1881 292 iii.

101 340 128 362 “
155 337 356 403 Χριστῷ
393 336 442 385 ἐν
480 339 547 403 τῷ
587 339 712 404 Θεῷ·
768 334 882 385 ὅταν
914 336 939 385 ὁ
973 333 1187 400 Χριστὸς
1227 338 1478 402 φανερωθῇ
1525 335 1552 399 ἡ
1596 335 1687 400 ζωὴ
1752 314 1814 343 3⁷4

102 421 129 444 ‘⁴
156 416 298 479 ὑμῶν,
327 415 432 467 τότε
472 419 546 466 καὶ
587 418 712 479 ὑμεῖς
750 414 842 467 σὺν
868 416 994 484 αὐτῷ
1020 414 1423 483 φανερωθήσεσθε
1455 417 1502 466 ἐν
1529 417 1684 485 δόξῃ,”

99 494 213 547 ποτὲ
239 496 287 546 δὲ
313 495 461 548 πάλιν
497 504 523 526 “
541 495 639 550 ὁΟς
665 497 1075 564 μετασχηματίσει
1100 496 1154 547 τὸ
1180 500 1323 559 σῶμα
1349 500 1431 560 τῆς
1458 498 1685 548 ταπεινώ-
1751 509 1834 541 Phil·
1852 510 1897 541 iii·

60 585 128 629 5⁶⁶
152 600 275 631 σεως
309 578 459 642 ἡμῶν,
500 577 625 629 ὥστε
667 578 888 643 γενέσθαι
932 578 1223 645 σύμμορφον
1269 582 1335 647 τῷ
1376 578 1564 641 σώματι
1604 581 1688 642 τῆς
1754 562 1803 584 Μ’

102 666 128 688 “
154 659 297 727 δόξης
335 660 518 712 αὐτοῦ.”
560 661 657 711 ἐπεὶ
696 662 772 710 καὶ
811 665 894 710 νῦν
932 660 1015 710 οὐκ
1042 658 1186 721 ἐσμὲν
1212 659 1304 727 ἔξω
1329 665 1412 711 τοῦ
1439 658 1553 711 εἶναι
1577 661 1684 711 καθ’
1709 683 1730 709 c

102 741 329 802 ὁμοίωσιν
367 742 523 804 αὐτοῦ,
551 741 678 805 ε’ίττερ
716 742 847 791 ἐστὶν
886 740 1072 803 ἀληθὲς,
1101 742 1163 794 ὡς
1201 742 1248 791 ἐν
1280 741 1388 803 ἡμῖν
1423 745 1689 808 μορφοῦται

101 821 177 871 διὰ
215 828 298 873 τοῦ
336 823 503 889 Ἀγίου
531 823 820 884 Πνεύματος.
875 822 1048 888 γράφει
1087 820 1181 887 γὰρ
1216 822 1365 873 πάλιν
1392 822 1631 875 Γαλάταις
1662 824 1687 873 ὁ

105 907 301 957 Παῦλος
351 911 379 934 “
406 905 579 955 Τεκνία
630 903 708 957 οὓς
752 903 899 955 πάλιν
950 904 1114 965 ὠδίνω,
1166 902 1300 970 ἄχρις
1350 903 1404 954 οὗ
1453 909 1689 972 μορφωθῇ
1750 909 1822 982 (5121.
1841 910 1883 942 iv.

38 992 129 1033 10‘⁶
156 985 367 1051 Χριστὸς
405 987 453 1036 ἐν
480 986 629 1049 ὑμῖν.”
677 984 791 1035 ὅταν
817 985 910 1050 γὰρ
950 983 1141 1038 ἑαυτοὺς
1175 984 1375 1037 πιστοὺς
1413 987 1489 1035 καὶ
1528 985 1689 1051 ἁγίους
1775 965 1802 994 J

103 1065 397 1132 τηρήσωμεν,
448 1067 552 1117 τότε
602 1068 650 1117 ἐν
700 1067 810 1130 ἡμῖν
860 1067 1024 1132 ὁρᾶται
1067 1066 1413 1135 μορφούμενος,
1463 1066 1539 1117 καὶ
1589 1072 1690 1121 ταῖς

103 1148 340 1215 ἡμετὲραις
367 1149 588 1203 διανοίαις
615 1147 720 1202 τοὺς
741 1149 905 1200 ἑαυτοῦ
931 1149 1232 1216 χαρακτῆρας
1260 1152 1435 1212 νοητῶς
1459 1149 1687 1216 ἐναστροὶ-

103 1252 251 1280 πτων.

1708 1366 1735 1405 d

96 1426 191 1467 ‘'On
213 1428 281 1468 οὐκ
302 1429 433 1479 ἐσμὲν,
457 1428 593 1480 φησὶν,
620 1429 734 1469 εἰκὼν
756 1431 876 1476 Θεοῦ,
901 1427 992 1469 ἀλλ’
1017 1429 1129 1470 εἰκὼν
1160 1429 1320 1471 εἰκόνος.
1363 1429 1382 1468 ὁ
1409 1429 1479 1479 μὲν
1504 1429 1576 1480 γὰρ
1596 1427 1690 1471 ’Υἱὸς
1710 1421 1772 1463 Δ’·

38 1512 84 1550 15
181 1501 244 1541 καὶ
265 1501 394 1553 Λόγος
425 1504 493 1541 τοῦ
516 1505 622 1542 Θεοῦ
654 1503 716 1542 καὶ
739 1502 906 1553 Πατρὸς,
929 1503 1041 1543 εἰκὼν
1063 1502 1179 1542 αὐτοῦ
1210 1503 1330 1542 ἐστιν·
1373 1503 1393 1541 ὁ
1419 1503 1460 1542 δὲ
1492 1502 1691 1553 ἄνθρωπος

180 1574 225 1614 οὐ
259 1577 327 1614 τοῦ
360 1575 580 1628 ἀρχετύπου
616 1576 741 1625 εἰκὼν,
766 1576 871 1615 ἀλλὰ
903 1577 969 1626 τῆς
1005 1577 1165 1625 εἰκόνος,
1202 1575 1383 1615 τουτέστι
1413 1578 1480 1615 τοῦ
1506 1577 1616 1623 Tios),
1642 1575 1692 1617 ὡς

182 1647 282 1688 εἶναι
312 1648 410 1698 ἡμᾶς
439 1648 571 1688 εἰκόνα
602 1649 762 1691 εἰκόνος.
805 1648 848 1688 οὐ
878 1650 952 1701 γὰρ
982 1650 1142 1701 εἴρηται,
1163 1648 1297 1700 φησὶν,
1321 1649 1379 1688 ὅτι
1402 1648 1534 1688 εἰκόνα
1555 1649 1692 1688 ἑαυτοῦ

181 1720 365 1771 ἐποίησεν
387 1721 407 1760 ὁ
429 1720 532 1762 Θεὸς
558 1720 625 1761 τὸν
645 1721 862 1773 ἄνθρωπον,
886 1722 993 1761 ἀλλὰ
1025 1720 1104 1762 κατ’
1128 1722 1273 1769 εἰκόνα,
1296 1722 1360 1761 ἵνα
1386 1719 1409 1776 ᾗ
1440 1722 1461 1761 ὁ
1493 1721 1693 1772 ἄνθρωπος

183 1792 261 1833 κατ’
295 1794 424 1834 εἰκόνα
455 1796 524 1834 τοῦ
556 1798 664 1835 Θεοῦ
701 1795 762 1835 καὶ
794 1794 962 1846 Hamas,
994 1795 1186 1844 τουτέστι,
1216 1795 1330 1835 εἰκὼν
1359 1798 1427 1835 τοῦ
1458 1796 1568 1844 Ύίοῦ,
1597 1794 1692 1846 ὅπερ
1711 1807 1731 1832 o

38 1880 88 1905 20
183 1867 294 1908 ἐστὶν
325 1867 437 1908 εἰκὼν
469 1868 630 1910 εἰκόνος.

726 1976 1077 2025 ΕΠΙἏὙΣΙΣ.

181 2083 349 2139 Εἰδοὺς
387 2084 472 2146 μὲν
498 2084 704 2136 ἔπε’κεινα
741 2084 918 2139 παντὸς
950 2087 1025 2136 καὶ
1062 2087 1332 2154 φαντασίας
1362 2088 1635 2150 σωματικῆς
1666 2086 1694 2150 ἡ

107 2165 207 2216 θεία
244 2188 293 2216 τε
319 2167 422 2217 ἐστὶ
448 2168 523 2217 καὶ
562 2166 811 2229 ὁμοούσιος
843 2165 1004 2232 Τριάς.
1060 2167 1298 2217 πιστεύειν
1334 2166 1382 2217 δὲ
1422 2167 1526 2234 χρὴ,
1559 2167 1629 2218 ὅτι
1668 2168 1693 2217 ὁ

46 2247 50 2250 ’
111 2247 279 2312 Πατὴρ
317 2250 365 2298 ἐν
397 2249 463 2316 τῷ
490 2250 591 2316 Υἱῷ
628 2249 730 2297 ε’στὶ
770 2249 845 2297 καὶ
876 2248 899 2296 ὁ
927 2246 1040 2300 Υἱὸς
1080 2248 1128 2298 ἐν
1154 2252 1220 2316 τῷ
1249 2249 1425 2313 Πατρῖ,
1456 2250 1531 2298 καὶ
1558 2249 1582 2298 ὀ
1610 2247 1693 2299 τὸν
1755 2261 1898 2315 53505‘211·

39 2344 86 2382 25
107 2328 224 2379 Υἱὸν
263 2328 476 2394 ἑωρακὼς
517 2328 689 2395 ἑώρακε
727 2328 811 2378 τὸν
848 2327 1056 2394 Πατέρα·
1110 2330 1273 2394 ὁρᾶται
1312 2328 1360 2379 δὲ
1400 2331 1475 2379 καὶ
1514 2330 1539 2379 ὁ
1579 2328 1693 2383 Υἱὸς
1756 2315 1869 2344 le'9'

158 2521 187 2544 1.
214 2511 306 2555 ὑμῶν
322 2510 418 2545 A.D.
435 2510 527 2554 ἡμῶν
544 2510 612 2544 Ed.
850 2521 882 2554 3.
908 2511 1000 2554 ὑμῶν
1017 2510 1060 2544 A.
1080 2509 1172 2554 ἡμῶν
1189 2510 1235 2545 D.
1254 2509 1321 2545 Ed.
1554 2510 1586 2545 6.
1612 2508 1695 2545 εἶναι

109 2556 187 2590 καθ’
206 2557 371 2601 ὁμοίωσιν
387 2563 420 2591 et
438 2558 473 2591 ἐν
489 2556 566 2601 ἡμῖν
582 2557 776 2601 μορφοῦται
792 2556 859 2591 hoc
877 2557 998 2590 ordine
1016 2558 1059 2590 A.
1289 2558 1322 2591 8.
1348 2557 1513 2602 γαλάταις
1529 2558 1547 2590 ὁ
1564 2560 1695 2593 παῦλος

110 2602 176 2637 hoc
193 2603 315 2637 ordine
333 2604 377 2638 A.
538 2614 592 2637 11.
618 2602 712 2648 τότε]
737 2607 773 2644 -†-
795 2605 813 2637 ὁ
832 2605 974 2648 χριστὸς
992 2603 1038 2637 D.
1058 2602 1136 2645 Ed.‚
1155 2603 1265 2636 invito
1282 2603 1327 2637 A.
1491 2614 1541 2637 12.
1569 2606 1694 2647 νοητῶς

109 2655 334 2693 assumptum
350 2661 392 2683 ex
409 2648 504 2683 A.D.
714 2661 767 2691 14.
793 2648 839 2694 Δ]
863 2650 915 2682 lta
932 2650 977 2683 A.
1049 2650 1134 2693 πρὸς
1150 2649 1230 2684 τοὺς
1247 2650 1411 2693 λέγοντας
1428 2650 1607 2693 praemisit
1625 2650 1692 2684 Ed.

110 2695 390 2739 repugnantibus
409 2694 498 2729 A.C.
571 2695 676 2739 ε’σμέν
699 2696 809 2740 φησὶν
834 2696 930 2730 εἰκὼν
957 2695 1083 2740 [εἰκόνα
1103 2695 1183 2740 (Sic)
1205 2694 1264 2740 C.]
1282 2696 1360 2729 θεοῦ
1378 2696 1467 2730 A.C.
1494 2696 1589 2729 εἰκὼν
1614 2696 1693 2730 θεοῦ

109 2741 214 2785 ἐσμεν
231 2740 299 2776 Ed.
422 2740 475 2774 16.
500 2741 539 2774 οὐ
557 2741 697 2775 A.C.D.
716 2742 794 2786 οὐχὶ
811 2742 877 2776 Ed.
950 2742 1106 2775 τουτέστι
1124 2741 1213 2775 A.C.
1233 2744 1335 2786 ἤγουν
1354 2741 1421 2776 Ed.
1542 2751 1598 2786 17.
1624 2742 1692 2784 φα-

110 2802 167 2821 σιν
185 2787 232 2821 D.
457 2788 510 2821 18.
533 2785 671 2831 ᾗ-κατ’
690 2787 801 2822 εἰκόνα
817 2788 883 2822 hoc
902 2787 1022 2821 ordine
1040 2787 1127 2821 A.C.
1146 2803 1165 2831 ῃ
1185 2795 1264 2832 post
1282 2788 1392 2821 εἰκόνα
1409 2787 1607 2831 transponit
1624 2786 1694 2821 Ed.

112 2843 168 2867 21.
195 2833 249 2867 Ita
266 2833 356 2867 A.C.
377 2833 511 2876 Κεφαλ.
532 2843 566 2866 5.
585 2833 653 2868 Ed.
890 2844 945 2868 22.
971 2833 1364 2877 ἐπέκεινα-σωματικῆς
1383 2833 1448 2866 hoc
1466 2833 1587 2866 Ordine
1604 2832 1694 2867 A.C.

111 2879 259 2913 ἐπέκεινα
277 2885 356 2924 post
375 2880 565 2922 σωματικῆς
583 2880 779 2924 transponit
798 2879 864 2913 Ed.
1088 2890 1144 2925 23.
1169 2879 1341 2914 πιστεύειν
1358 2880 1394 2912 δέ
1412 2880 1478 2923 χρὴ
1497 2885 1529 2912 et
1546 2880 1604 2913 τὸν
1621 2880 1693 2913 υἱὸν

111 2926 263 2970 ἑωρακὼς
280 2926 346 2960 hoc
364 2925 484 2959 ordine
504 2924 590 2959 A.C.
