2012 3272
467 165 753 208 EPISTOLA
785 169 866 209 AD
899 171 1307 217 CALOSYRIUM.
1596 184 1676 222 605

92 290 254 319 τωσαν
291 275 375 320 τοῦ
413 274 555 323 Θεοῦ.
621 277 645 325 ὁ
683 275 776 341 γὰρ
818 277 941 332 Θεὸς
981 280 1096 347 ὑπὲρ
1135 287 1300 334 πᾶσαν
1340 288 1496 338 κτίσιν
1534 291 1725 352 ism-{md

92 351 195 400 οὔτε
222 355 365 414 σῶμα
397 353 657 418 νοούμενος,
685 359 788 409 οὔτε
816 360 864 409 ἐν
889 360 1049 415 τύποις
1074 361 1102 426 ἢ
1130 365 1352 432 σχήμασι
1379 376 1679 434 σωματικοῖς,

91 431 202 481 ἀλλ’
230 432 361 484 ἔστιν
388 436 583 499 ἁπλοῦς,
611 439 771 501 ἄῦλος,
798 441 1011 504 ἀνείδεος,
1038 445 1310 511 ἀσύνθετος,
1338 450 1419 500 οὐκ
1451 453 1501 502 ἐκ
1527 458 1681 519 μερῶν

90 511 119 576 ἢ
158 518 317 576 μελῶν
354 514 382 579 ἢ
421 519 596 582 μορίων
636 523 940 586 συγκείμενος
979 525 1191 593 καθάπερ
1228 529 1370 593 ἡμεῖς,
1409 539 1592 597 πνεῦμα
1632 536 1680 586 δὲ

48 614 69 652 5
90 598 293 657 μᾶλλον,
321 597 440 647 κατὰ
474 598 558 652 τὰς
584 602 788 670 γραφὰς,
814 606 889 654 καὶ
925 605 983 655 τὰ
1017 607 1172 659 πάντα
1208 612 1406 678 ἐφορῶν,
1433 623 1679 684 πανταχοῦ

89 675 154 726 ὧν
194 680 269 727 καὶ
310 678 368 728 τὰ
410 680 565 731 πάντα
608 689 819 749 πληρῶν,
867 689 943 737 καὶ
988 690 1170 743 οὐδενὸς
1212 694 1673 761 ἀπολιμπανόμενος·

88 764 270 824 πληροῖ
304 760 397 826 γὰρ
433 763 630 828 οὐρανὸν
656 768 732 816 καὶ
772 769 879 831 γῆν.
934 767 987 819 τὸ
1025 770 1074 821 δὲ
1115 772 1214 823 κατ’
1243 774 1398 827 εἰκόνα
1425 782 1551 830 Θεοῦ
1589 803 1673 831 πε-

88 843 315 904 ποιῆσθαι
349 842 432 893 τὸν
465 844 729 912 ἄνθρωπον,
757 849 914 916 ἑτέρας
941 851 1171 920 ἐμφάσεις
1210 859 1285 907 καὶ
1314 860 1533 916 ὑπονοίας
1567 863 1674 930 ἔχει.

89 919 232 983 μόνος
261 922 355 989 γὰρ
387 924 525 980 αὐτὸς
556 929 686 995 παρὰ
714 930 871 981 πάντα
903 931 962 982 τὰ
994 935 1067 985 ἐπὶ
1102 939 1188 1001 γῆς
1217 938 1310 1007 ζῷα
1337 942 1529 1007 λογικός
1555 946 1674 1008 ἐστι,
1697 968 1718 992 e

23 1018 71 1042 10
89 1004 446 1071 φιλοικτίρμων,
468 1010 818 1075 ἐπιτηδειότητα
837 1012 956 1080 πρὸς
979 1020 1145 1067 πᾶσαν
1166 1020 1335 1085 ἀρετὴν
1358 1023 1492 1090 ἔχων,
1514 1027 1679 1094 λαχὼν

88 1083 138 1135 δὲ
164 1088 239 1136 καὶ
259 1086 313 1136 τὸ
334 1087 494 1156 ὁίρχειν
513 1091 735 1144 ἁπάντων
761 1099 856 1145 τῶν
883 1097 956 1147 ἐπὶ
978 1099 1061 1161 τῆς
1080 1102 1167 1164 γῆς
1188 1105 1297 1153 καθ’
1327 1106 1581 1171 ὁμοιότητα
1602 1111 1678 1160 καὶ

87 1165 240 1217 εἰκόνα
267 1171 408 1220 Θεοῦ.
465 1173 631 1224 οὐκοῦν
672 1175 791 1226 κατὰ
830 1176 884 1227 τὸ
924 1177 1037 1229 εἶναι
1077 1180 1194 1249 ζῷον
1226 1186 1424 1250 λογικὸν
1451 1191 1527 1240 καὶ
1560 1191 1677 1242 καθὸ

87 1247 347 1316 φιλάρετον
374 1254 449 1303 καὶ
476 1254 671 1322 ἀρχικὸν
696 1261 791 1308 τῶν
818 1260 892 1310 ἐπὶ
923 1263 1006 1323 τῆς
1045 1265 1151 1327 γῆς,
1182 1266 1230 1315 ἐν
1264 1267 1403 1320 εἰκόνι
1430 1274 1556 1322 Θεοῦ
1588 1296 1671 1324 πε·
1696 1304 1718 1329 a
1738 1296 1822 1331 365
1848 1295 1901 1332 Α.

86 1333 316 1393 ποιῆσθαι
359 1334 563 1400 λέγεται.
632 1342 668 1388 εὶ
708 1339 755 1390 δὲ
797 1342 1039 1408 νομίζουσι
1079 1345 1198 1396 κατὰ
1236 1348 1291 1398 τὸ
1331 1356 1414 1401 τοῦ
1452 1353 1677 1416 σώματος

19 1430 66 1469 15
86 1415 253 1479 σχῆμα
306 1415 534 1480 λε’γεσθαι
588 1417 674 1483 τὴν
725 1423 892 1486 εἰκόνα,
935 1424 1067 1476 οὐδὲν
1108 1434 1253 1480 λυπεῖ
1295 1434 1370 1482 καὶ
1412 1439 1508 1488 τοῖς
1553 1436 1670 1487 ἀλό-

84 1515 185 1558 γοις
222 1499 318 1546 τῶν
356 1495 485 1565 ζῴων
519 1501 811 1570 σύμμορφον
850 1505 1005 1571 λέγειν
1031 1506 1148 1560 εἶναι
1187 1509 1269 1562 τὸν
1297 1513 1438 1565 Θεόν.
1495 1518 1677 1582 ὁρῶμεν

83 1573 191 1640 γὰρ,
227 1576 297 1627 ὅτι
336 1581 412 1629 καὶ
451 1581 569 1632 αὐτὰ
607 1584 656 1634 ἐκ
694 1590 789 1635 τῶν
828 1588 982 1639 αὐτῶν
1021 1590 1131 1653 ἡμῖν
1170 1595 1262 1644 εἱσι
1300 1598 1490 1662 μορίων,
1525 1598 1676 1653 πόδας

82 1655 251 1723 ἔχοντα
290 1662 365 1710 καὶ
404 1662 564 1726 στόμα
598 1667 675 1716 καὶ
715 1668 996 1734 ὀφθαλμοὺς
1035 1675 1110 1723 καὶ
1150 1675 1279 1740 ῥῖνας
1318 1680 1394 1728 καὶ
1434 1684 1677 1744 γλῶσσαν

83 1739 159 1788 καὶ
195 1739 254 1790 τὰ
288 1741 421 1808 ἕτερα
447 1749 541 1794 τῶν
567 1752 650 1797 τοῦ
676 1748 900 1811 σώματος
927 1758 1102 1813 μελῶν.
1157 1758 1346 1809 παυέτω
1375 1761 1529 1812 τοίνυν
1554 1763 1582 1826 ἡ
1609 1763 1675 1827 σὴ

17 1845 66 1870 20
84 1820 326 1882 θεοσέβεια
378 1824 486 1879 τοὺς
536 1828 785 1893 τοιούτους,
827 1837 1019 1894 μᾶλλον
1061 1834 1109 1886 δὲ
1159 1839 1235 1888 καὶ
1280 1841 1537 1906 ἐπιτιμάτω
1578 1850 1674 1900 τοῖς
1693 1866 1719 1905 ι)

81 1907 229 1953 ταῦτα
257 1909 487 1972 φλυαρεῖν
513 1909 747 1963 εἰωθόσιν.

154 1985 339 2038 Ἀκούω
366 1988 413 2038 δὲ
445 1988 516 2040 ὅτι
555 1994 708 2058 φασιν
738 1995 990 2061 ἀπρακτεῖν
1022 2003 1084 2053 εἷς
1124 2001 1367 2067 ἁγιασμὸν
1391 2006 1478 2070 τὴν
1502 2031 1673 2071 μυστι-

81 2064 167 2130 κὴν
216 2068 454 2134 εὐλογίαν,
510 2075 546 2122 εἶ
597 2075 839 2138 ἀπομείνοι
902 2081 1136 2148 λείψανον
1199 2085 1343 2149 αὐτῆς
1392 2091 1456 2142 εἰς
1512 2090 1672 2157 ἑτέραν

80 2147 270 2214 ἡμέραν.
322 2152 565 2213 μαίνονται
603 2154 652 2205 δὲ
690 2163 839 2209 ταῦτα
878 2161 1112 2227 λε’γοντες·
1160 2165 1213 2215 οὐ
1254 2166 1347 2233 γὰρ
1391 2171 1669 2223 ἀλλοιοῦται

127 2298 162 2331 3.
188 2286 372 2325 ἆσύνθετος
390 2290 432 2325 Α.
451 2291 504 2325 καὶ
523 2292 707 2332 ἀσύνθετος
727 2296 773 2331 D.
795 2297 861 2332 Ed.
1113 2311 1147 2348 5.
1175 2304 1311 2349 ἐφορῶν
1328 2306 1422 2342 Α.Ῑ).
1441 2308 1581 2353 ὑφορῶν
1598 2311 1664 2346 Ed.

82 2341 113 2377 7.
140 2335 345 2378 πεποιῆσθαι
363 2338 422 2370 τὸν
437 2338 614 2383 ἄνθρωπον
633 2341 700 2376 hoc
718 2343 839 2379 ordine
857 2346 901 2380 A.
1175 2362 1207 2395 9.
1235 2354 1297 2396 γῆς
1313 2353 1357 2387 A.
1375 2356 1433 2398 τῆς
1450 2357 1511 2400 γῆς
1530 2357 1576 2391 D.
1597 2357 1664 2394 Ed.

355 2392 371 2413 η
385 2391 468 2408 manu
481 2388 510 2410 ut
524 2387 577 2413 vid.
589 2388 683 2413 eadem

83 2422 137 2446 10.
167 2412 418 2457 ἐπιτηδειότατα
702 2423 745 2457 Α.
817 2423 938 2468 ἀρετὴν
955 2426 1042 2472 ἔχων
1058 2427 1125 2463 hoc
1146 2430 1267 2465 ordine
1285 2432 1328 2467 A.
1501 2447 1554 2470 12.
1581 2436 1662 2472 εἶναι

80 2459 165 2505 ζῷον
182 2459 249 2494 hoc
267 2461 388 2496 ordine
405 2464 449 2497 A.
471 2464 548 2510 Syr.
744 2481 796 2514 13.
823 2471 963 2516 ἀρχικὸν
980 2477 1046 2507 τῶν
1063 2474 1116 2509 ἐπὶ
1134 2478 1193 2520 τῆς
1214 2479 1276 2523 γῆς
1294 2480 1337 2513 Α.
1357 2484 1423 2515 τῶν
1439 2481 1494 2516 ε’πὶ
1512 2485 1570 2527 τῆς
1590 2484 1663 2529 [τῆς

80 2516 150 2539 orn.
170 2506 251 2551 Ed]
273 2510 336 2553 γῆς
360 2509 499 2554 ἀρχικὸν
518 2512 563 2546 D.
585 2513 651 2548 Ed.
726 2520 814 2551 Θεοῦ
838 2520 1045 2562 πεποιῆσθαι
1071 2522 1207 2567 λέγεται
1234 2524 1299 2559 hoc
1325 2527 1446 2562 ordine
1463 2529 1507 2563 A.
1525 2530 1662 2575 λέγεται

78 2554 286 2596 πεποιῆσθαι
305 2558 392 2589 Θεοῦ
411 2557 478 2591 Ed.
589 2571 641 2602 14.
668 2564 727 2595 τοῦ
746 2565 902 2606 σώματος
920 2568 1036 2611 σχῆμα
1054 2567 1119 2602 hoc
1138 2569 1259 2604 ordine
1277 2572 1321 2606 A.
1442 2584 1494 2619 15.
1518 2576 1658 2622 ἀλόγοις

79 2601 145 2632 τῶν
163 2598 254 2645 ζῴων
271 2607 304 2634 et
321 2601 434 2647 λέγειν
451 2601 533 2638 εἶναι
551 2605 617 2640 hoc
636 2607 757 2642 ordine
774 2610 817 2644 A.
1029 2614 1082 2649 16.
1107 2617 1253 2662 ὁρῶμεν]
1274 2620 1342 2662 ὁρῶ
1359 2620 1420 2663 μὲν
1438 2622 1481 2655 A.
1534 2623 1661 2658 Statim

77 2644 143 2689 γὰρ
161 2657 231 2681 om.
249 2647 294 2681 A.
458 2659 509 2695 17.
535 2652 603 2686 εἶσι
620 2655 746 2698 μορίων
762 2655 828 2690 hoc
846 2657 966 2693 ordine
984 2659 1028 2693 A.
1199 2664 1252 2698 18.
1280 2666 1332 2698 καὶ
1351 2668 1462 2710 στόμα
1480 2677 1661 2714 assumpta

79 2702 121 2724 ex
139 2691 183 2725 A.
356 2706 409 2740 19.
435 2697 608 2731 παυέτω-
617 2700 796 2742 θεοσέβεια
814 2703 880 2738 hoc
899 2705 1021 2740 ordine
1038 2706 1081 2741 A.
1101 2709 1234 2743 παυέτω
1252 2718 1330 2754 post
1349 2712 1527 2752 θεοσέβεια
1545 2721 1659 2759 trans-

77 2737 176 2780 ponit
194 2738 260 2773 Ed.
514 2754 568 2778 21.
586 2748 690 2780 ταῦτα
707 2748 750 2782 Α.
769 2752 907 2784 τοιαῦτα
925 2752 992 2787 Ed.
1064 2756 1232 2799 φλυαρεῖν
1250 2758 1292 2791 A.
1310 2759 1506 2804 φληναφεῖν
1525 2761 1571 2794 D.
1591 2762 1658 2796 Ed.

78 2783 121 2817 ef.
140 2795 256 2828 supra.
597 2802 652 2826 22.
677 2795 789 2837 φασὶν
806 2796 987 2841 ἀπρακτεῖν
1004 2799 1050 2834 εἷς
1067 2800 1237 2845 ἁγιασμὸν
1254 2803 1320 2837 hoc
1337 2805 1458 2839 ordine
1476 2807 1520 2840 A.
1539 2807 1585 2842 εἷς
1601 2807 1657 2852 ἁγ.

76 2829 257 2873 ἀπρακτεῖν
272 2833 382 2876 φασιν
399 2834 466 2870 Ed.
655 2850 758 2884 22—p.
777 2842 856 2882 606,
875 2855 908 2888 3.
937 2845 1118 2879 Μαίνονται
1136 2848 1241 2892 γεμὴν
1257 2851 1289 2882 οἶ
1306 2850 1463 2895 λέγοντες
1479 2852 1661 2896 ἀπρακτεῖν

77 2875 124 2910 εἷς
140 2876 308 2921 ἁγιασμὸν
325 2879 519 2928 τὴν-αὐτῷ
539 2882 685 2919 Niketas
703 2886 738 2920 in
758 2887 794 2922 S.
809 2889 940 2923 Lucam
962 2890 1069 2936 [Cod.
1082 2893 1349 2938 Vatopediensis
1373 2908 1479 2941 supra
1497 2898 1570 2944 cit.]
1592 2901 1658 2934 sub

77 2922 178 2956 titulo
196 2925 358 2968 κυρίλλου
376 2930 460 2971 πρὸς
478 2930 686 2974 καλοσίριον.
862 2947 917 2981 23.
943 2937 1116 2982 ἁπομείνοι
1138 2941 1179 2975 Α.
1198 2941 1283 2976 Nik.
1304 2942 1404 2976 Vulc.
1423 2943 1593 2988 ἁπομείνει
1613 2946 1659 2981 D.

77 2967 236 3013 ἇπομένοι
254 2972 350 3007 Aub.
