1986 3282
76 141 274 197 xix.1-3.
444 141 517 182 IN
560 140 601 182 S.
635 139 972 181 JOANNEM.
1035 139 1159 182 LIB.
1195 140 1297 182 XII.
1570 178 1575 182 .
1615 141 1667 181 61

76 248 226 313 ἐσμὸν
266 249 498 316 ἐμπαίζειν
548 250 688 319 αὐτῷ,
733 247 961 318 στεφάνῳ
1004 271 1054 300 τε
1100 251 1168 318 τῷ
1212 249 1257 319 ἐξ
1301 246 1500 301 ἀκανθῶν
1542 270 1671 314 περι-

75 336 258 396 βαλεῖν,
291 334 366 383 καὶ
405 329 636 398 ἁλουργὲς
677 330 858 395 ἱμάτιον
896 332 1193 398 ε’πιρῥίπτειν,
1233 330 1586 397 καταικίζεσθαί
1620 353 1671 380 τε

77 416 343 484 ῥαπίσμασι
369 416 443 466 καὶ
469 418 570 467 ταῖς
596 412 771 468 ἄλλαις
796 414 1014 477 ἀτιμίαις.
1062 410 1179 482 ᾤετο
1200 411 1294 480 γὰρ
1322 413 1378 478 δή
1404 435 1506 466 πως
1530 413 1668 463 ἐκδυ-

77 495 326 561 σωπήσειν
366 495 516 562 ἡρέμα
555 493 663 549 τοὺς
702 500 797 546 τῶν
834 495 1075 546 Ἰουδαίων
1119 493 1279 557 λαοὺς,
1325 499 1361 546 εἰ
1404 497 1480 547 καὶ
1522 493 1712 559 μόνηνο

34 591 55 631 5
78 577 325 629 θεάσοιντο
365 580 439 629 καὶ
471 577 647 642 ταύτην
674 579 724 628 ἐκ
759 582 978 644 περιττοῦ
1003 575 1218 628 παθόντα
1244 576 1330 641 τὴν
1357 577 1563 628 κόλασιν
1589 575 1673 627 τὸν

77 659 269 726 ἁπάσης
308 659 399 730 ἔξω
444 661 653 724 κείμενον
696 660 857 713 αἰτίας.
931 660 1196 727 ἐμαστίχθη
1241 659 1326 724 μὲν
1367 660 1549 721 ἀδίκως,
1596 658 1673 709 ἵνα

77 743 255 797 δικαίας
300 743 421 807 ἡμᾶς
466 741 693 810 ἀπολύσῃ
731 744 936 808 πληγῆς,
976 742 1229 809 ἐνεπαίχθη
1270 743 1346 792 καὶ
1391 741 1672 809 ἐρῥαπίσθη,

77 825 131 875 ἵν’
161 825 288 889 ἡμεῖς
323 824 624 893 ἐμπαίξωμεν
649 828 716 894 τῷ
752 824 1035 893 ἐμπαίξαντι
1061 825 1264 892 σατανᾷ,
1291 825 1367 874 καὶ
1393 822 1479 888 τὴν
1507 825 1555 874 ἐκ
1590 825 1674 886 τῆς

76 906 398 974 παραβάσεως
437 905 875 973 προστετριμμένην
918 906 1029 970 ἡμῖν
1072 905 1379 975 διαφύγωμεν
1418 906 1668 972 ἁμαρτίαν.

10 1015 57 1041 10
78 987 336 1054 οἰησόμεθα
373 987 468 1055 γὰρ
495 993 779 1058 φρονοῦντες
817 989 982 1056 ὀρθῶς,
1010 987 1167 1040 πάντα
1202 988 1257 1039 δι’
1286 989 1408 1052 ἡμᾶς
1443 990 1518 1039 καὶ
1558 986 1674 1053 ὑπὲρ

78 1071 210 1136 ἡμῶν
242 1070 301 1122 τὰ
327 1075 544 1138 Χριστοῦ
579 1070 800 1137 γενέσθαι
835 1070 1108 1135 παθήματα,
1136 1069 1331 1135 λυτικήν
1355 1093 1405 1122 τε
1441 1072 1518 1121 καὶ
1551 1071 1671 1121 ἀπο-

77 1153 327 1219 τρεπτικὴν
354 1153 523 1222 ἔχοντα
557 1153 756 1218 δύναμιν
794 1158 889 1205 τῶν
915 1153 1025 1217 ἡμῖν
1057 1152 1439 1218 συμβεβηκότων
1464 1151 1675 1218 εὐλόγως

78 1235 154 1287 διὰ
191 1235 277 1301 τὴν
303 1236 577 1287 ἀπόστασιν
604 1235 689 1301 τὴν
728 1234 822 1287 ἀπὸ
850 1239 991 1287 Θεοῦ.
1051 1234 1218 1302 ὥσπερ
1252 1235 1346 1302 γὰρ
1377 1235 1578 1303 ἤρκεσεν
1614 1239 1720 1289 eisd

78 1317 132 1369 τὸ
156 1321 455 1385 καταργῆσαι
484 1317 567 1370 τὸν
594 1317 819 1370 ἁπάντων
846 1317 1065 1382 θάνατον,
1091 1316 1145 1369 τὸ
1182 1317 1296 1385 ὑπὲρ
1331 1321 1414 1382 τῆς
1449 1318 1676 1384 ἡμετέρας

12 1421 57 1459 15
81 1399 197 1466 ζωῆς
228 1400 313 1465 τὴν
340 1401 460 1452 ἰδίαν
484 1401 720 1467 προέσθαι
745 1400 904 1467 σάρκα
933 1398 1017 1452 τὸν
1043 1401 1127 1452 οὐκ
1154 1399 1308 1451 εἰδότα
1334 1399 1557 1452 θάνατον·
1613 1399 1676 1454 εἷς

80 1482 174 1549 γὰρ
221 1482 336 1550 ὑπὲρ
385 1482 577 1534 πάντων
626 1482 871 1534 ἀπέθανεν·
941 1484 1064 1534 οὕτω
1110 1482 1319 1534 συνιέναι
1372 1483 1567 1545 δίκαιον,
1615 1484 1679 1536 ὡς

81 1565 333 1634 ἐξαρκέσαι
365 1564 515 1617 πάλιν
549 1568 613 1620 εἰς
652 1565 705 1616 τὸ
744 1567 989 1616 ἀπολῦσαι
1014 1563 1195 1619 πάντας
1224 1568 1299 1616 καὶ
1326 1565 1576 1631 μαστίγων
1603 1565 1679 1615 καὶ

79 1648 263 1712 ἀτιμίας
293 1646 348 1699 τὸ
383 1653 532 1699 ταῦτα
566 1651 734 1699 παθεῖν
765 1646 880 1714 ὑπὲρ
906 1647 1039 1712 ἡμῶν
1071 1647 1153 1699 τὸν
1182 1647 1374 1714 Κύριον.
1424 1648 1520 1698 ἐπεὶ
1558 1645 1678 1697 κατὰ

78 1730 182 1781 τίνα
216 1728 394 1797 τρόπον
434 1734 549 1799 ((τῷ
586 1730 789 1794 μώλωπι
831 1730 974 1781 αὑτοῦ
1015 1731 1144 1794 ἡμεῖς
1185 1729 1425 1794 ἰάθημεν,”
1464 1728 1584 1780 κατὰ
1622 1728 1676 1780 τὸ
1738 1750 1901 1791 Es.1iii.5.

12 1841 62 1866 20
80 1813 437 1879 γεγραμμε’νον;
490 1812 662 1867 πάντες
698 1836 783 1876 μεν
820 1835 914 1879 γαρ
953 1810 1362 1877 ἐπλανήθημεν,
1335 1834 1536 1866 εκαστος
1570 1815 1833 1880 “τῇεΙῑῡ-6-

80 1897 228 1965 “ὁδῶ
263 1896 445 1958 αὐτοῦ,”
483 1894 607 1946 καθά
646 1901 800 1964 φησιν
837 1895 862 1945 ὃ
901 1917 1127 1962 μακαριος
1166 1894 1418 1964 προφήτης
1448 1894 1674 1958 Ησαΐας,

97 1980 200 2029 6και
243 1978 418 2045 Κύριος
463 1977 732 2044 παρεδωκεν
788 1977 931 2029 αὐτὸν
975 1981 1077 2031 ταῖς
1126 1977 1373 2044 ἁμαρτίαις
1413 1976 1560 2041 ἡμῶν,
1599 1978 1674 2028 καὶ
1735 1999 1833 2041 1124.

79 2062 238 2127 “περὶ
264 2061 397 2125 ἡμῶν
424 2061 661 2111 ὀδυνᾶται.
667 2058 692 2076 ”
727 2058 1083 2124 μεμαλάκισται
1108 2082 1203 2127 γαρ
1230 2059 1304 2110 διὰ
1332 2059 1390 2110 τὰ
1415 2059 1676 2125 παραπτώ-

79 2165 207 2207 ματα
232 2143 376 2207 ἡμῶν·
428 2144 504 2193 καὶ
538 2165 598 2193 τα
628 2141 712 2206 μὲν
738 2141 832 2192 ἰ’δια
868 2145 993 2193 νῶτα
1028 2141 1278 2192 δεδωκενῦ
1281 2144 1379 2196 (εἰς
1414 2140 1672 2207 μάστιγας,
1737 2154 1788 2185 Ib·
1803 2154 1825 2185 1.
1845 2153 1876 2185 6·

14 2232 94 2287 25‘
98 2223 220 2279 (τας
259 2224 308 2275 δὲ
347 2223 578 2290 σιαγόνας
617 2224 759 2274 αὐτοῦ
798 2227 859 2276 εἰς
899 2223 1221 2290 ῥαπίσματα,”
1263 2222 1384 2275 καθὰ
1425 2225 1500 2274 καὶ
1539 2221 1678 2277 αὑτός

80 2330 174 2359 που
200 2306 367 2376 φησίν.
424 2312 459 2357 οἱ
485 2305 570 2370 μὲν
597 2306 679 2356 οὖν
706 2304 971 2375 στρατιῶται
999 2304 1213 2372 καθάπερ
1239 2304 1343 2356 τινὰ
1369 2309 1464 2356 τῶν
1492 2307 1672 2374 ψευδο-

81 2388 321 2455 τυράννων
345 2387 531 2442 ἑλόντες
556 2386 639 2439 τὸν
663 2388 856 2452 Ἰησοῦν
883 2387 1162 2455 ἐμπαίζουσι
1187 2392 1552 2454 στρατιωτικῶς.
1599 2387 1676 2439 διὰ

83 2470 176 2537 γάρ
202 2493 273 2522 τοι
304 2476 443 2521 τοῦτο
469 2468 687 2539 στέφανος
718 2469 802 2534 μὲν
830 2471 855 2521 ὁ
883 2469 928 2538 ἐξ
964 2468 1163 2521 ἀκανθῶν
1191 2469 1498 2534 ἐπενήνεκται,
1525 2469 1579 2521 τὸ
1605 2470 1673 2521 ἐπ’

84 2553 243 2619 ἄκροις
267 2552 529 2619 ἠρτημένον
555 2552 798 2616 μετώποις,
826 2554 909 2616 τῆς
935 2552 1140 2618 ἐπιγείου
1170 2553 1425 2613 βασιλείας
1450 2551 1675 2616 σύνθημα
1693 2567 1897 2602 a1044A.

18 2653 67 2690 30
85 2636 261 2699 δηλῶν.
303 2633 357 2686 τὸ
384 2633 434 2685 δὲ
459 2636 693 2704 πορφυροῦν
722 2634 909 2703 ἱμάτιον,
932 2637 1016 2698 τῆς
1041 2634 1323 2701 ἁλουργίδος
1349 2631 1484 2685 εἰκὼν
1510 2632 1676 2700 ὥσπερ

138 2819 168 2841 1.
193 2806 417 2852 περιβάλλειν
433 2806 476 2841 Ε.
818 2807 852 2842 8.
877 2807 916 2842 ἵν’
937 2807 979 2841 Ε.
999 2807 1053 2841 ἵνα
1070 2806 1139 2842 Ed.
1212 2808 1270 2851 τῆς
1289 2815 1512 2851 assumptum
1531 2818 1572 2840 ex
1592 2805 1634 2840 E.
1639 2805 1676 2840 F.

88 2877 124 2910 9.
145 2863 461 2910 προστετριμμένην
485 2863 591 2898 edldi.
617 2860 932 2909 προστετριμμένην
951 2864 1031 2909 (sie)
1053 2865 1089 2899 F.
1117 2880 1166 2900 ισ.
1183 2863 1500 2909 προστετριμμένην
1518 2862 1584 2897 Ed.
1604 2874 1675 2905 mg.

87 2926 410 2957 προστετραμμενην
431 2910 498 2945 Ed.
634 2921 687 2954 14.
713 2911 875 2956 ἡμετέρας
893 2912 935 2946 Ε.
940 2911 976 2946 F.
996 2911 1062 2946 Ed.
1081 2923 1154 2956 mg.
1172 2910 1333 2955 ὑμετερας
1353 2910 1419 2944 Ed.
1556 2908 1608 2943 16.
1634 2909 1677 2944 ὡς

89 2958 131 2993 Ε.
137 2958 176 2994 F.
194 2958 329 3003 Migne.
348 2958 392 2994 ὡς
409 2958 468 2992 οὐκ
486 2956 583 2992 Ed.‘
587 2958 696 2993 ‘forte
714 2958 861 2993 delenda
878 2958 1040 3004 negativa
1058 2958 1254 3004 particula”
1273 2957 1367 2992 A.ub
1387 2957 1423 2990 in
1441 2961 1553 2990 notas.
