2012 3272
111 144 152 184 ii.
176 157 239 194 14·
436 141 505 181 IN
542 140 883 182 EPISTOLAM
920 140 1002 180 AD
1041 140 1373 181 HEBRAEOS.
1489 110 1496 117 .
1614 141 1696 180 393

1754 214 1786 235 11
1826 207 1874 236 M.

185 252 469 315 Ἀναγκαῖον
504 247 631 312 οἶμαι
667 248 762 314 πρό
803 271 856 314 γε
893 253 986 299 τῶν
1024 248 1191 299 ἄλλων
1230 206 1732 314 πολυπραγμονῆσαι[
1794 217 1813 246 4
1894 205 1908 246 ]

112 337 296 385 λεπτῶς
331 333 436 398 περὶ
473 332 622 382 ποίων
646 332 772 399 αὐτῷ
805 331 1003 381 παιδίων
1030 332 1055 380 ὁ
1093 330 1252 395 λόγος,
1280 329 1310 379 ἂ
1344 330 1401 393 δὴ
1437 329 1616 396 σαρκός
1648 352 1697 380 τε

112 416 187 464 καὶ
232 414 426 476 αἵματος
472 412 846 476 κεκοινωνηκέναι
894 413 1018 480 φησὶ
1063 413 1139 461 καὶ
1181 413 1249 464 τίς
1293 413 1317 461 ὁ
1361 413 1698 480 παραπλησίως

111 494 413 562 μετεσχηκὼς
451 493 530 545 τῶν
567 493 718 545 αὑτῶν.
770 493 846 544 ὅτε
885 494 1040 544 τοίνυν
1076 495 1100 543 ὁ
1138 492 1415 558 Μονογενὴς
1454 498 1537 543 τοῦ
1573 496 1698 543 Θεοῦ

70 592 91 631 5
115 575 270 642 Λόγος
296 576 443 627 καίτοι
469 576 590 629 Θεὸς
625 578 699 626 καὶ
730 574 904 640 Κύριος
940 573 1004 624 ὧν
1030 574 1148 625 κατὰ
1185 575 1334 641 φύσιν
1362 576 1438 625 καὶ
1473 573 1699 639 σύνεδρος

114 662 180 727 τῷ
208 659 316 727 Θεῷ
342 659 418 708 καὶ
446 659 601 722 Πατρῖ
639 659 839 720 καθῆκεν
866 655 1008 706 αὐτὸν
1036 659 1097 709 εἷς
1130 655 1184 706 τὸ
1220 659 1301 717 τῆς
1338 654 1701 720 ἀνθρωπότητος

112 739 297 805 με’τρον,
344 739 652 789 συντέτακται
703 738 750 788 δὲ
796 737 872 788 διὰ
917 743 1057 788 τοῦτο
1101 739 1176 788 καὶ
1229 739 1292 790 ὡς
1344 736 1553 804 ἀδελφὸς
1605 741 1702 790 τοῖς

114 821 412 886 κεκλημένοις
448 820 523 872 διὰ
556 822 762 873 πίστεως
801 825 864 873 εἷς
900 821 1139 870 υἱοθεσίαν
1166 823 1307 870 Θεοῦ·
1351 818 1455 869 τότε
1498 817 1554 881 δὴ
1597 817 1701 868 τότε

112 906 197 968 τῆς
222 904 483 966 οἰκονομίας
509 901 562 954 τὸ
589 901 797 969 εὐτεχνὲς
830 902 879 952 εὖ
911 901 1045 965 μάλα
1082 901 1342 966 τετηρηκώς
1380 900 1561 970 ε”φασκε
1596 903 1702 966 περὶ

45 1012 94 1038 10
114 986 247 1050 ἡμῶν
271 985 385 1036 ποτὲ
409 984 494 1047 μὲν
519 984 590 1035 ὅτι
618 991 644 1014 “
662 985 954 1049 Ἀπαγγελῶ
981 981 1035 1034 τὸ
1064 982 1212 1046 ὄνομά
1238 1005 1330 1032 σου
1355 988 1450 1036 τοῖς
1477 984 1701 1050 ἀδελφοῖς
1723 991 1830 1064 {mm
1846 1001 1913 1021 ver.

116 1074 142 1097 “
167 1068 298 1131 μου,”
326 1065 441 1118 ποτὲ
479 1066 581 1117 δε’“
602 1064 726 1116 Ἰδοὺ
764 1065 855 1131 ἐγώ
895 1067 971 1116 καὶ
1008 1063 1067 1115 τὰ
1103 1065 1266 1116 παιδία
1300 1064 1330 1114 ἅ
1367 1073 1446 1127 μοι
1473 1065 1640 1114 ἔδωκεν
1677 1059 1846 1118 (31ὺῖ13.

115 1156 142 1179 “
170 1147 332 1202 Θεός.”
404 1138 411 1145 ⁴

191 1229 518 1296 Παραδέδοται
557 1228 650 1294 γὰρ
690 1229 816 1297 αὐτῷ
854 1227 984 1293 παρὰ
1022 1233 1105 1278 τοῦ
1138 1231 1263 1278 Θεοῦ
1302 1229 1378 1277 καὶ
1414 1226 1606 1292 Πατρὸς
1645 1225 1704 1276 τὰ

1479 1316 1504 1338 66

115 1311 285 1375 πάντα,
313 1313 389 1362 καὶ
420 1314 596 1377 κλῆρος
623 1311 765 1360 αὐτοῦ
800 1309 1062 1375 γεγόναμεν
1102 1309 1250 1359 καίτοι
1289 1307 1442 1359 πάλαι
1523 1309 1703 1374 μερίδες
1724 1323 1927 1355 Ps.1xii.11.

48 1413 94 1452 15
116 1400 144 1423 “
170 1392 461 1444 ἀλωπε’κων”
489 1392 632 1454 ὅντες,
659 1391 782 1443 καθά
816 1396 969 1459 φησιν
1001 1392 1025 1441 ὀ
1054 1390 1244 1441 Δαυείδ.
1300 1390 1577 1453 ὑπεκείμεθα
1612 1388 1705 1454 γὰρ

118 1476 206 1542 οὐχ
246 1474 427 1528 ἑκόντες
466 1477 509 1525 οἱ
547 1474 741 1525 δείλαιοι
781 1478 874 1526 τοῖς
914 1477 1008 1523 τῶν
1048 1472 1299 1534 δαιμονίων
1338 1471 1548 1537 ἀγέλαις·
1592 1472 1703 1522 ἀλλ’

118 1558 278 1620 αἵματι
308 1558 373 1625 τῷ
411 1556 510 1625 ἰδίῳ
547 1554 728 1609 πάντας
765 1555 888 1619 ἡμᾶς
926 1553 1251 1617 κατεκτήσατο
1293 1556 1370 1604 καὶ
1416 1554 1699 1618 κεκληρονό-

114 1661 260 1702 μηκεν
287 1639 311 1688 ὁ
338 1636 566 1703 Χριστός.
624 1639 700 1687 καὶ
739 1642 855 1702 γοῦν
887 1636 978 1705 ἔφη
1010 1635 1130 1701 πρὸς
1161 1634 1244 1686 τὸν
1279 1636 1326 1685 ἐν
1359 1640 1455 1688 τοῖς
1495 1637 1706 1699 οὐρανοῖς

117 1719 309 1785 Πατέρα
354 1722 429 1770 καὶ
464 1717 588 1769 Θεόν
621 1718 768 1772 ((Οῦς
815 1717 1018 1771 δέδωκάς
1062 1740 1141 1781 μοι
1183 1718 1231 1767 ἐκ
1270 1723 1353 1767 τοῦ
1399 1716 1583 1778 κόσμου
1627 1718 1706 1766 σοὶ
1724 1729 1870 1802 8.ςῖοεὲτι.

48 1808 143 1845 20“
168 1799 295 1865 ἦσαν
325 1803 464 1864 κάμοὶ
495 1799 661 1854 αὐτοὺς
695 1801 912 1863 δέδωκας,
945 1797 1075 1865 κάγώ
1108 1797 1194 1863 τὴν
1226 1797 1373 1867 δόξαν
1407 1796 1464 1861 ἣν
1504 1797 1706 1851 δέδωκοίς
1724 1783 1851 1846 Rufi]

116 1890 144 1912 “
168 1905 248 1945 μοι
275 1883 452 1933 δέδωκα
478 1883 672 1935 αὐτοῖς.”
722 1883 871 1932 καίτοι
899 1880 991 1946 γὰρ
1018 1879 1133 1934 Υἱὸς
1159 1879 1279 1930 κατὰ
1307 1880 1455 1946 φύσιν
1483 1878 1708 1946 ὑπάρχων

116 1963 272 2031 χάριτι
300 1964 406 2027 μεθ’
436 1964 568 2027 ἡμῶν
594 1967 677 2027 τῆς
710 1966 900 2014 τοιᾶσδε
937 1962 1078 2031 δόξης
1114 1961 1454 2029 μετεσχηκέναι
1482 1962 1605 2027 φησὶ
1632 1960 1708 2012 διὰ

117 2044 172 2096 τὸ
198 2045 507 2111 ἀνθρώπινον,
532 2042 664 2108 πλὴν
698 2042 967 2108 μεμενηκώς
1006 2043 1123 2109 ὅπερ
1160 2042 1218 2107 ἧν
1251 2042 1449 2094 δέδωκεν
1484 2043 1593 2106 ἡμῖν
1623 2041 1709 2105 τὴν

118 2127 282 2177 ἑαυτοῦ
323 2125 483 2194 δόξαν.
538 2124 900 2194 κατεσφράγισε
934 2124 1029 2191 γὰρ
1067 2128 1134 2194 τῷ
1175 2124 1273 2192 ἰδίῳ
1314 2122 1557 2186 Πνεύματι
1590 2122 1709 2188 πρὸς

51 2228 99 2266 25
120 2208 355 2259 υἱοθεσίαν
382 2209 458 2258 καὶ
493 2208 541 2257 ἐν
567 2207 693 2275 αὐτῷ
729 2214 756 2236 “
776 2205 1002 2272 κράζομεν
1024 2207 1191 2267 Ἀββᾶ
1226 2207 1250 2255 ὁ
1286 2205 1489 2269 πατήρ.”
1542 2204 1708 2254 οὐκοῦν
1726 2210 1822 2292 {om
1843 2210 1912 2241 viii.

119 2289 246 2353 ἡμεῖς
286 2292 328 2339 οἱ
363 2290 412 2339 ἐν
437 2288 614 2341 τέκνοις
651 2287 955 2353 ἠριθμημένοι
983 2291 1109 2338 Θεοῦ
1140 2284 1537 2349 κεκοινωνήκαμεν
1563 2285 1704 2347 αἵμα-

119 2394 198 2424 τος
234 2374 310 2421 καὶ
345 2367 539 2435 σαρκὸς,
563 2369 808 2420 τουτέστιν
834 2370 882 2418 ἐν
909 2369 1073 2431 αἵματί
1103 2390 1151 2417 τε
1187 2366 1330 2431 ἐσμὲν
1357 2368 1431 2417 καὶ
1464 2367 1608 2431 σαρκὶ
1634 2368 1709 2416 καὶ

119 2454 167 2502 ἐν
204 2455 432 2520 φθαρτοῖς
467 2452 543 2501 καὶ
578 2450 754 2515 γηΐνοις
793 2449 1007 2514 σώμασι.
1062 2448 1234 2513 ταύτης
1273 2448 1402 2499 ἕνεκα
1441 2450 1523 2511 τῆς
1563 2448 1710 2499 αἰτίας

123 2657 147 2672 “
164 2653 200 2687 ἐν
221 2650 248 2699 ᾧ
273 2653 378 2695 ζῶμεν
401 2652 454 2686 καὶ
478 2652 657 2695 κινούμεθα
683 2652 737 2685 καί
762 2649 900 2694 ἐσμεν.”
933 2651 1046 2693 ἐπειδὴ
1065 2651 1101 2684 δέ
1126 2650 1305 2684 κεκένωκεν
1322 2651 1450 2689 ἑαυτὸν,
1469 2649 1528 2682 οὔκ
1546 2648 1711 2693 ἐπαισχύ-

123 2714 214 2734 νεται
231 2698 343 2743 λέγων
361 2702 383 2716 “
398 2697 601 2743 Ἀπαγγελῶ
619 2700 657 2732 τὸ
679 2699 784 2739 ὄνομά
809 2712 873 2731 σου
890 2699 960 2732 τοῖς
977 2697 1144 2741 ἀδελφοῖς
1167 2695 1265 2740 μου·”
1292 2697 1345 2730 καὶ
1370 2697 1473 2730 πάλιν
1491 2700 1514 2713 “
1532 2694 1620 2729 Ἰδοὺ
1645 2696 1712 2739 ἐγὼ

122 2746 177 2779 καὶ
194 2746 235 2779 τὰ
251 2745 369 2779 παιδία
393 2745 414 2777 ἅ
438 2759 495 2788 μοι
513 2745 635 2778 ἔδωκεν
652 2747 669 2777 ὁ
688 2743 807 2779 Θεός.”
831 2745 1018 2790 γεγόναμεν
1034 2744 1099 2788 γὰρ
1120 2744 1186 2777 υἱοὶ
1205 2746 1304 2784 Θεοῦ,
1323 2743 1376 2776 καὶ
1402 2742 1506 2785 ε’σμέν
1523 2742 1588 2775 ὑπὸ
1613 2743 1712 2785 χεῖρα

123 2795 183 2826 τοῦ
200 2793 333 2826 πάντων
350 2790 442 2834 ἡμῶν
459 2793 623 2835 Σωτῆρος.
903 2801 933 2823 I.
960 2801 978 2823 e
996 2801 1026 2824 c.
1045 2790 1104 2823 fol.
1124 2798 1192 2833 255
1206 2801 1239 2823 v.
1259 2790 1317 2834 qui
1336 2791 1354 2822 ὁ
1371 2789 1534 2832 μακάριος
1551 2787 1713 2833 κύριλλός

124 2840 236 2882 φησιν
253 2837 454 2882 praemittit.
638 2845 692 2881 25.
719 2837 887 2880 κράξομεν
906 2836 965 2869 Cr.
1242 2836 1344 2879 26—1).
1360 2846 1440 2879 394,
1457 2846 1477 2878 3
1496 2834 1603 2867 citant
1623 2832 1712 2865 (jod.

127 2884 315 2917 Sinaiticus
341 2883 466 2927 aliique
494 2882 662 2916 catenam
691 2882 964 2916 oecumenicam
990 2882 1224 2921 continentes,
1243 2881 1322 2915 vide
1353 2888 1385 2914 et
1416 2882 1449 2913 in
1482 2880 1578 2912 Maio
1607 2889 1713 2921 supra

126 2942 160 2975 p.
184 2941 248 2971 104
266 2941 283 2963 e
303 2928 391 2963 Cod.
411 2928 582 2962 Vaticano
602 2929 690 2963 2062
710 2929 770 2963 fol.
796 2930 871 2973 187.
1019 2937 1072 2972 27.
1099 2942 1134 2961 τε
1153 2939 1223 2961 om.
1244 2927 1393 2960 Catenae
1413 2933 1477 2959 cet.

183 2998 276 3026 VOL.
299 2998 365 3026 111.
896 2999 918 3038 3
944 2998 966 3023 E
