1981 3282
151 144 281 168 rimus

200 252 445 292 voluntatem.
491 266 566 288 non
619 255 720 289 omni
772 255 809 290 in
857 268 909 297 rc,

199 317 264 352 sed
312 317 357 353 dc
406 316 587 354 Passione
645 319 767 356 facere
821 320 911 356 dicit

199 384 275 418 333
297 394 330 419 e.

144 444 261 482 Filius
293 460 314 482 a
340 448 462 490 Patre,
486 449 608 496 quoad
634 449 820 492 Essentia,
847 452 907 491 12,

201 513 274 548 162
290 525 323 554 e,
350 515 423 549 169
442 513 511 555 ab,
534 515 607 550 197
624 526 656 557 c,
679 516 755 550 228
773 526 805 555 e,
829 516 907 550 233

195 589 228 620 c,
252 580 327 614 306
346 578 369 613 d
421 577 459 613 in
484 578 594 614 Patre
624 591 690 626 per
712 578 907 614 Essentiae

195 642 429 679 identitatem
452 646 529 680 673
547 656 599 680 ce
647 644 684 679 in
711 643 907 680 Esscntiae

195 707 397 744 Identitate
436 721 521 744 cum
556 709 665 744 Patre
704 708 774 743 nisi
808 708 906 756 quod

197 773 306 808 Pater
327 786 402 809 non
418 774 466 809 sit
486 773 534 809 iii.
558 776 649 814 417,
672 775 761 809 558.

140 837 274 874 Filium
313 851 334 874 a
364 839 492 875 Verbo
524 839 643 874 Patris
682 838 782 874 haud
821 837 907 873 alie-

192 915 297 944 num,
344 908 476 939 contra
521 902 718 948 hereticos,
762 903 906 938 diverse

191 968 371 1015 probatur
402 970 450 1005 38
469 970 595 1005 0—43
613 980 632 1003 c
687 967 803 1003 exivit
841 980 907 1014 per

193 1032 487 1070 Generationem
508 1038 701 1069 aeternam
722 1034 798 1069 965
814 1033 852 1069 b.

138 1097 256 1133 Filius
276 1098 468 1134 vivificans
494 1103 535 1134 ut
555 1097 632 1134 vita
656 1110 722 1146 per
744 1097 906 1145 Spiritus

189 1162 368 1199 virtutem
387 1166 462 1200 312
477 1163 501 1198 d
534 1162 714 1198 creaturis
731 1162 905 1198 omnibus

190 1226 279 1263 Suis
310 1227 408 1263 vitae
444 1239 571 1263 semen
603 1230 652 1263 50
706 1227 783 1262 vita
814 1232 853 1263 ut
885 1240 904 1263 e

190 1292 300 1328 Patre
320 1292 404 1328 vivo
421 1293 546 1328 Natus
575 1294 647 1328 361
668 1292 705 1336 b,
729 1294 804 1329 366
826 1305 846 1327 c
866 1292 902 1330 d,

190 1358 264 1393 581
298 1369 318 1393 c
364 1362 408 1393 ut
440 1358 542 1393 Deus
575 1359 676 1393 1077
698 1369 718 1392 c
748 1356 772 1392 d
820 1356 901 1392 Na-

188 1428 272 1458 tura
308 1422 385 1458 vita
432 1422 576 1458 diverse
623 1422 903 1458 demonstratur

190 1489 335 1529 51-53,
350 1489 426 1524 367
442 1486 597 1524 d—-371
618 1499 638 1522 c
677 1486 753 1522 vita
772 1492 902 1523 nostra

189 1553 238 1587 64
254 1552 277 1587 d
316 1552 465 1588 Natura
484 1552 547 1587 lux
568 1552 605 1587 in
626 1551 800 1587 omnibus
820 1564 899 1588 cre—

187 1617 303 1653 aturis
342 1617 417 1653 suis
455 1617 700 1653 rationalibus
743 1619 791 1654 53
822 1616 899 1652 d—

187 1682 238 1717 60
255 1693 287 1722 a,
310 1682 359 1718 63
376 1693 407 1722 c,
435 1681 510 1717 248
526 1692 546 1716 c
582 1680 646 1715 lux
666 1692 796 1715 verum
817 1679 897 1722 Ille,

186 1759 207 1782 e
234 1745 517 1794 participatione
541 1751 732 1781 creaturae
753 1747 898 1790 65-72,

189 1814 238 1847 74
256 1811 290 1856 d,
314 1814 376 1848 75.

133 1875 264 1918 Filius,
303 1876 459 1912 verbum
502 1874 685 1923 sapientia
730 1880 898 1922 potestas

185 1942 390 1984 character,
412 1954 506 1990 quae
533 1946 622 1977 sunt
651 1940 899 1989 proprietates

185 2008 320 2056 cuique
367 2006 521 2043 habenti
557 2005 898 2054 conjunctissimae,

184 2078 422 2120 nuncupatus
444 2075 493 2109 47
508 2084 539 2117 a,
561 2071 606 2108 cf.
626 2073 700 2107 197
720 2071 755 2117 d,
773 2073 848 2107 198
866 2084 898 2112 a,

186 2141 262 2175 213
278 2151 309 2180 a,
333 2140 408 2175 232
425 2150 458 2179 a,
478 2140 553 2174 233
569 2149 590 2172 a
628 2148 761 2172 manus
777 2135 898 2172 Patris

189 2204 263 2240 170
281 2203 317 2244 d,
349 2202 511 2245 6660d‚
544 2203 620 2238 877
639 2213 661 2236 a
710 2213 786 2236 non
818 2201 898 2236 sine

184 2267 295 2304 Patre
325 2273 499 2315 operatur
521 2268 611 2311 213,
643 2267 719 2302 993
737 2278 769 2307 e,
795 2267 895 2302 1009

184 2334 255 2375 bc,
280 2335 380 2369 1103
399 2345 420 2368 a
456 2344 525 2368 nec
556 2331 666 2367 Pater
695 2330 774 2366 sine
804 2330 896 2366 Filio

185 2400 262 2434 346
279 2411 311 2440 c,
342 2400 418 2434 814
435 2410 469 2439 a,
500 2398 576 2434 872
599 2409 631 2438 a,
664 2398 740 2433 978
756 2408 788 2438 a,
817 2398 894 2433 993

183 2477 214 2509 c,
240 2466 340 2500 1009
357 2463 423 2505 bc,
449 2465 550 2499 1103
568 2475 599 2508 a,
620 2461 667 2497 cf.
691 2461 736 2497 M
758 2463 822 2503 48,
845 2463 894 2498 90

182 2526 235 2579 [p.
261 2526 373 2579 333]‚
401 2528 449 2564 iii.
483 2529 572 2571 380,
601 2529 676 2564 399
729 2539 773 2562 ea
802 2539 895 2574 quae

183 2594 293 2630 Pater
308 2600 346 2630 et
362 2607 457 2642 quae
471 2594 557 2642 Ipse
573 2593 653 2629 vult
672 2591 761 2628 facit
782 2594 859 2629 673
875 2605 895 2628 e

183 2659 264 2695 Filii
290 2671 403 2709 opera
428 2672 542 2707 opera
565 2658 685 2695 Patris
706 2657 792 2706 quia
818 2670 895 2693 non

183 2724 261 2760 sine
291 2724 384 2759 Filio
414 2730 588 2772 operatur
617 2723 730 2760 Pater
759 2725 836 2759 860
859 2736 892 2764 a,

183 2790 258 2825 871
279 2788 314 2829 d,
346 2790 422 2824 877
444 2801 476 2831 a,
508 2790 623 2825 908a
676 2788 784 2837 regni
819 2801 893 2824 non

182 2859 261 2890 erat
282 2853 366 2889 finis
386 2852 437 2890 iii.
462 2856 551 2899 305,
573 2855 661 2890 416.

128 2919 243 2956 Filius
262 2919 462 2961 increatus,
479 2920 541 2966 qui
563 2919 701 2956 creavit
722 2921 771 2956 86
787 2920 821 2961 d,
843 2920 892 2955 87

699 135 912 171 INDEX
971 137 1214 175 RERUM.

1681 144 1758 180 627

1034 258 1231 301 illuminat,
1252 259 1450 296 illuminari
1481 262 1638 297 nonvult
1668 274 1747 298 crc-

1035 329 1142 360 atura
1172 327 1220 361 87
1239 337 1270 366 e,
1304 327 1352 361 88
1421 338 1489 361 nos
1524 326 1645 362 Patris
1680 326 1747 363 Sui

1034 389 1130 425 filios
1158 389 1257 429 facit,
1279 402 1347 437 pro
1377 403 1503 426 amore
1529 390 1606 426 Suo
1628 391 1746 428 Suum

1033 455 1314 491 communicans
1335 457 1383 491 91
1407 468 1428 491 a
1447 455 1471 490 b
1513 468 1579 504 per
1598 457 1746 503 partici-

1032 519 1221 566 pationem
1240 519 1302 562 illi,
1317 532 1383 567 per
1403 526 1572 556 naturam
1592 521 1676 568 Ipse
1698 522 1745 557 ib.

1032 596 1052 619 c
1073 583 1097 619 d
1117 597 1148 627 e,
1175 586 1224 620 92
1246 585 1269 620 b
1290 597 1310 620 c
1364 585 1527 621 humana
1563 584 1643 621 Sibi
1680 599 1747 634 per

1030 649 1172 685 unitam
1194 662 1344 686 carnem
1361 650 1570 698 conjungit,
1587 652 1745 700 conjun-

1030 714 1132 763 gitur
1152 713 1382 750 Naturaliter
1400 715 1499 751 Patri
1521 716 1605 763 Ipse
1628 718 1676 753 93
1695 717 1731 752 b.

977 779 1101 824 Filius,
1123 785 1303 827 quantum
1330 779 1500 816 homines
1523 786 1684 828 superat,
1707 786 1746 817 et

1030 844 1068 879 in
1097 856 1209 880 carne
1238 844 1372 886 factus,
1401 850 1532 893 utpote
1562 846 1665 882 Deus
1693 848 1743 882 96

1031 909 1088 946 bis
1102 910 1158 946 ab
1175 922 1194 946 c
1242 923 1309 946 suo
1331 910 1560 958 plenitudine
1587 911 1746 959 largitur

1030 980 1252 1018 creaturam,
1278 974 1316 1010 in
1343 975 1517 1011 omnibus
1546 975 1744 1012 Perfectis-

1030 1039 1145 1075 simus
1177 1041 1226 1076 99
1249 1052 1281 1081 e,
1310 1042 1384 1076 100
1412 1053 1434 1076 a
1453 1040 1476 1076 b
1533 1040 1580 1075 D.
1603 1040 1744 1076 Joanni

1030 1104 1235 1152 Baptistae,
1257 1110 1408 1140 sanctos
1436 1118 1566 1141 omnes
1587 1118 1741 1142 coaeva-

1029 1169 1083 1204 les
1113 1169 1303 1217 superanti
1328 1172 1403 1206 100
1421 1170 1478 1206 de
1524 1169 1625 1206 Mosi
1654 1183 1743 1218 prae

1030 1234 1205 1271 omnibus
1239 1248 1260 1272 a
1293 1237 1374 1272 Deo
1408 1236 1562 1285 cognito
1593 1250 1742 1285 compa-

1029 1304 1132 1335 ratus
1157 1302 1227 1337 101
1271 1300 1386 1349 longe
1430 1307 1581 1350 superat
1606 1304 1677 1338 101
1709 1314 1741 1343 e,

1033 1366 1106 1401 102
1156 1378 1240 1402 cum
1272 1366 1341 1402 Illo
1374 1366 1493 1402 sancti
1520 1372 1557 1402 et
1588 1372 1674 1402 ante
1705 1372 1744 1403 et

1028 1435 1197 1477 tempore
1236 1430 1509 1467 Incarnationis
1549 1444 1742 1479 compara-

1028 1494 1167 1531 tionem
1192 1495 1289 1532 ferre
1318 1509 1394 1532 non
1424 1496 1565 1532 audent
1591 1499 1664 1533 103
1682 1496 1742 1532 ab

1026 1560 1133 1596 Alius
1154 1573 1175 1596 a
1195 1562 1386 1602 creaturis,
1404 1561 1491 1609 quia
1512 1561 1742 1609 Unigenitus

1025 1625 1130 1660 Deus
1152 1626 1262 1674 juxta
1282 1639 1412 1662 vocem
1436 1625 1475 1662 S.
1497 1627 1610 1663 Joan.
1632 1627 1656 1662 i.
1680 1628 1740 1668 18,

1030 1693 1103 1727 105
1117 1691 1140 1727 b
1154 1704 1174 1727 c
1219 1692 1495 1740 primogenitus
1516 1692 1741 1729 Incarnatus

1025 1755 1076 1791 iii.
1096 1758 1185 1792 457.

972 1819 1085 1856 Filius
1114 1820 1219 1857 Patri
1257 1833 1333 1856 non
1357 1820 1510 1857 inferior
1536 1834 1556 1857 e
1585 1821 1741 1857 diversis

1026 1885 1096 1922 SS.
1119 1885 1336 1934 Scripturae
1369 1886 1595 1922 testimoniis
1625 1886 1740 1922 ratio-

1024 1950 1207 1998 nibusque
1247 1951 1327 1987 aliis
1374 1951 1555 1999 probatur
1594 1952 1740 1994 21—29,

1027 2017 1210 2052 216-221
1254 2015 1403 2052 Patrem
1435 2016 1616 2064 majorem
1647 2029 1738 2064 quo-

1023 2080 1137 2116 modo
1157 2085 1266 2116 vocat
1286 2080 1333 2116 iii.
1353 2083 1442 2117 372.

970 2144 1085 2180 Filius
1112 2144 1233 2180 Patris
1263 2144 1512 2193 proprietates
1536 2144 1588 2180 ita
1611 2144 1737 2187 habet,

1023 2210 1121 2245 sicut
1166 2210 1281 2246 homo
1328 2210 1494 2245 humana
1546 2210 1623 2245 filio
1675 2211 1739 2247 dat

1026 2277 1101 2311 170
1116 2287 1146 2316 e,
1168 2274 1215 2311 cf.
1236 2277 1309 2311 801
1327 2274 1351 2311 b
1371 2287 1390 2310 c
1439 2274 1569 2310 eadem
1600 2287 1643 2310 ac
1671 2275 1738 2312 Ille

1023 2345 1197 2387 operatur
1223 2345 1260 2376 et
1286 2339 1451 2387 loquitur
1476 2344 1516 2375 ut
1537 2338 1738 2376 Oo-essen-

1021 2404 1118 2440 tialis
1141 2406 1217 2441 215
1233 2404 1271 2445 b,
1294 2406 1370 2441 238
1388 2405 1424 2446 b,
1447 2403 1492 2440 cf.
1517 2407 1593 2441 340
1608 2417 1640 2446 e,
1659 2407 1736 2441 493

1021 2481 1054 2510 a,
1079 2471 1152 2505 781
1173 2469 1208 2509 d,
1233 2471 1308 2505 782
1327 2482 1347 2505 a
1363 2481 1393 2510 c,
1417 2471 1491 2505 908
1510 2481 1532 2504 a
1584 2469 1735 2505 Patrem

1021 2546 1112 2582 erga
1135 2546 1204 2570 nos
1234 2534 1477 2582 propitiatum
1506 2534 1595 2570 facit
1617 2535 1692 2570 688
1711 2534 1735 2570 d

1021 2599 1203 2634 mundum
1236 2599 1283 2635 ad
1317 2599 1466 2635 Patrem
1502 2599 1736 2646 recuperavit

1020 2663 1066 2700 iii.
1091 2665 1168 2700 366
1217 2669 1255 2700 et
1285 2676 1370 2700 cum
1404 2664 1513 2699 Patre
1547 2663 1736 2699 orationes

1020 2728 1173 2764 exaudit
1202 2734 1239 2764 et
1269 2729 1316 2764 ad
1345 2728 1497 2764 Patrem
1530 2740 1597 2775 pro
1626 2727 1735 2763 nobis

1020 2792 1215 2829 intercedit
1237 2795 1314 2829 936
1329 2805 1361 2834 e,
1384 2795 1460 2829 937
1476 2805 1508 2836 a,
1528 2792 1573 2827 cf.
1588 2791 1636 2828 iii.
1656 2794 1730 2829 391

1020 2863 1061 2893 ut
1091 2856 1275 2894 Sacerdos
1307 2870 1466 2905 magnus
1495 2861 1626 2892 noster
1655 2859 1732 2893 949

1020 2934 1039 2957 c
1055 2922 1078 2957 d
1094 2934 1124 2958 e.

873 3003 989 3040 4L2
