<?xml version="1.0" encoding="UTF-8"?>
<!DOCTYPE html PUBLIC "-//W3C//DTD XHTML 1.0 Transitional//EN"
    "http://www.w3.org/TR/xhtml1/DTD/xhtml1-transitional.dtd">
<html xmlns="http://www.w3.org/1999/xhtml" xml:lang="en" lang="en">
 <head>
  <title>
</title>
<meta http-equiv="Content-Type" content="text/html;charset=utf-8" />
  <meta name='ocr-system' content='tesseract 3.04.00' />
  <meta name='ocr-capabilities' content='ocr_page ocr_carea ocr_par ocr_line ocrx_word'/>
</head>
<body>
  <div class='ocr_page' id='page_1' title='image "./operacyrilli05cyriuoft/operacyrilli05cyriuoft_0072.png"; bbox 0 0 1981 3267; ppageno 0'>
   <div class='ocr_carea' id='block_1_1' title="bbox 274 145 1855 201">
    <p class='ocr_par' dir='ltr' id='par_1_1' title="bbox 274 145 1855 201">
     <span class='ocr_line' id='line_1_1' title="bbox 274 145 1855 201; baseline -0.001 -14"><span class='ocrx_word' id='word_1_1' title='bbox 274 148 329 187; x_wconf 77' lang='lat'>58</span> <span class='ocrx_word' id='word_1_2' title='bbox 659 147 710 186; x_wconf 86' lang='lat' dir='ltr'>B.</span> <span class='ocrx_word' id='word_1_3' title='bbox 743 145 1024 187; x_wconf 76' lang='lat' dir='ltr'>CYRILLI</span> <span class='ocrx_word' id='word_1_4' title='bbox 1064 145 1448 186; x_wconf 81' lang='lat' dir='ltr'><strong>ALEXANDR.</strong></span> <span class='ocrx_word' id='word_1_5' title='bbox 1566 145 1855 201; x_wconf 70' lang='lat' dir='ltr'>xv115.38‚39.</span> 
     </span>
    </p>
   </div>
   <div class='ocr_carea' id='block_1_2' title="bbox 229 252 1930 1144">
    <p class='ocr_par' dir='ltr' id='par_1_2' title="bbox 229 252 1930 1144">
     <span class='ocr_line' id='line_1_2' title="bbox 273 252 1857 324; baseline -0.001 -18"><span class='ocrx_word' id='word_1_6' title='bbox 273 254 530 321; x_wconf 80' lang='grc' dir='ltr'>ἐτράποντο</span> <span class='ocrx_word' id='word_1_7' title='bbox 568 256 824 314; x_wconf 82' lang='grc' dir='ltr'>πολιτείαν,</span> <span class='ocrx_word' id='word_1_8' title='bbox 866 257 941 306; x_wconf 85' lang='grc' dir='ltr'>καὶ</span> <span class='ocrx_word' id='word_1_9' title='bbox 980 255 1034 306; x_wconf 82' lang='grc' dir='ltr'>οὐ</span> <span class='ocrx_word' id='word_1_10' title='bbox 1071 253 1266 324; x_wconf 86' lang='grc' dir='ltr'>σφόδρα</span> <span class='ocrx_word' id='word_1_11' title='bbox 1303 252 1609 324; x_wconf 79' lang='grc' dir='ltr'>συνᾴδουσαν</span> <span class='ocrx_word' id='word_1_12' title='bbox 1647 259 1743 309; x_wconf 85' lang='grc' dir='ltr'>τοῖς</span> <span class='ocrx_word' id='word_1_13' title='bbox 1781 254 1857 305; x_wconf 84' lang='grc' dir='ltr'>διὰ</span> 
     </span>
     <span class='ocr_line' id='line_1_3' title="bbox 229 336 1859 403; baseline -0.001 -15"><span class='ocrx_word' id='word_1_14' title='bbox 229 342 255 383; x_wconf 89' lang='lat' dir='ltr'>b</span> <span class='ocrx_word' id='word_1_15' title='bbox 275 336 520 392; x_wconf 76' lang='grc' dir='ltr'>Μωυσέως</span> <span class='ocrx_word' id='word_1_16' title='bbox 558 337 961 401; x_wconf 78' lang='grc' dir='ltr'>τεθεσπισμένοις.</span> <span class='ocrx_word' id='word_1_17' title='bbox 1011 336 1143 387; x_wconf 81' lang='grc' dir='ltr'>ἀλλά</span> <span class='ocrx_word' id='word_1_18' title='bbox 1180 360 1257 400; x_wconf 92' lang='grc' dir='ltr'>μοι</span> <span class='ocrx_word' id='word_1_19' title='bbox 1292 336 1377 401; x_wconf 87' lang='grc' dir='ltr'>τὴν</span> <span class='ocrx_word' id='word_1_20' title='bbox 1409 338 1537 389; x_wconf 84' lang='grc' dir='ltr'>θείαν</span> <span class='ocrx_word' id='word_1_21' title='bbox 1572 339 1859 403; x_wconf 86' lang='grc' dir='ltr'>διερευνῶντι</span> 
     </span>
     <span class='ocr_line' id='line_1_4' title="bbox 271 417 1859 488; baseline 0.002 -19"><span class='ocrx_word' id='word_1_22' title='bbox 271 418 464 487; x_wconf 86' lang='grc' dir='ltr'>γραφὴν</span> <span class='ocrx_word' id='word_1_23' title='bbox 501 421 576 470; x_wconf 80' lang='grc' dir='ltr'>καὶ</span> <span class='ocrx_word' id='word_1_24' title='bbox 620 423 959 488; x_wconf 81' lang='grc' dir='ltr'>φιλοθηροῦντι</span> <span class='ocrx_word' id='word_1_25' title='bbox 1000 417 1298 486; x_wconf 79' lang='grc' dir='ltr'>πανταχόθεν</span> <span class='ocrx_word' id='word_1_26' title='bbox 1336 418 1422 483; x_wconf 88' lang='grc' dir='ltr'>τὴν</span> <span class='ocrx_word' id='word_1_27' title='bbox 1459 424 1543 469; x_wconf 90' lang='grc' dir='ltr'>τοῦ</span> <span class='ocrx_word' id='word_1_28' title='bbox 1580 418 1859 485; x_wconf 82' lang='grc' dir='ltr'>πράγματος</span> 
     </span>
     <span class='ocr_line' id='line_1_5' title="bbox 274 500 1858 568; baseline 0.002 -18"><span class='ocrx_word' id='word_1_29' title='bbox 274 501 440 564; x_wconf 81' lang='grc' dir='ltr'>αἰτίαν,</span> <span class='ocrx_word' id='word_1_30' title='bbox 465 500 733 568; x_wconf 77' lang='grc' dir='ltr'>παρέπιπτέ</span> <span class='ocrx_word' id='word_1_31' title='bbox 764 524 808 552; x_wconf 90' lang='grc' dir='ltr'>τι</span> <span class='ocrx_word' id='word_1_32' title='bbox 839 505 935 552; x_wconf 89' lang='grc' dir='ltr'>τῶν</span> <span class='ocrx_word' id='word_1_33' title='bbox 973 502 1109 552; x_wconf 88' lang='grc' dir='ltr'>θείων</span> <span class='ocrx_word' id='word_1_34' title='bbox 1147 501 1340 566; x_wconf 85' lang='grc' dir='ltr'>λογίων,</span> <span class='ocrx_word' id='word_1_35' title='bbox 1366 500 1391 552; x_wconf 72' lang='grc' dir='ltr'><strong><em>ὃ</em></strong></span> <span class='ocrx_word' id='word_1_36' title='bbox 1418 503 1492 551; x_wconf 79' lang='grc' dir='ltr'>καὶ</span> <span class='ocrx_word' id='word_1_37' title='bbox 1518 505 1654 551; x_wconf 83' lang='grc' dir='ltr'>καλεῖ</span> <span class='ocrx_word' id='word_1_38' title='bbox 1672 524 1772 554; x_wconf 89' lang='grc' dir='ltr'>πως</span> <span class='ocrx_word' id='word_1_39' title='bbox 1797 503 1858 553; x_wconf 81' lang='grc' dir='ltr'>εἷς</span> 
     </span>
     <span class='ocr_line' id='line_1_6' title="bbox 272 581 1900 652; baseline -0.001 -18"><span class='ocrx_word' id='word_1_40' title='bbox 272 584 484 652; x_wconf 78' lang='grc' dir='ltr'>ὑποψίαν</span> <span class='ocrx_word' id='word_1_41' title='bbox 510 581 593 634; x_wconf 77' lang='grc' dir='ltr'>τὸν</span> <span class='ocrx_word' id='word_1_42' title='bbox 619 582 842 650; x_wconf 80' lang='grc' dir='ltr'>ἡμέτερον</span> <span class='ocrx_word' id='word_1_43' title='bbox 868 589 992 646; x_wconf 87' lang='grc' dir='ltr'>νοῦν,</span> <span class='ocrx_word' id='word_1_44' title='bbox 1018 581 1082 648; x_wconf 87' lang='grc' dir='ltr'>μὴ</span> <span class='ocrx_word' id='word_1_45' title='bbox 1109 582 1200 650; x_wconf 78' lang='grc' dir='ltr'>ἄρα</span> <span class='ocrx_word' id='word_1_46' title='bbox 1226 605 1271 634; x_wconf 92' lang='grc' dir='ltr'>τι</span> <span class='ocrx_word' id='word_1_47' title='bbox 1305 588 1595 649; x_wconf 75' lang='grc' dir='ltr'>πληροῦντες</span> <span class='ocrx_word' id='word_1_48' title='bbox 1622 586 1716 633; x_wconf 88' lang='grc' dir='ltr'>τῶν</span> <span class='ocrx_word' id='word_1_49' title='bbox 1739 581 1858 633; x_wconf 79' lang='grc' dir='ltr'>κατὰ</span> <span class='ocrx_word' id='word_1_50' title='bbox 1879 605 1900 643; x_wconf 90' lang='grc'>5</span> 
     </span>
     <span class='ocr_line' id='line_1_7' title="bbox 270 663 1859 731; baseline 0 -16"><span class='ocrx_word' id='word_1_51' title='bbox 270 664 354 716; x_wconf 82' lang='grc' dir='ltr'>τὸν</span> <span class='ocrx_word' id='word_1_52' title='bbox 393 663 537 729; x_wconf 90' lang='grc' dir='ltr'>νόμον</span> <span class='ocrx_word' id='word_1_53' title='bbox 575 666 722 716; x_wconf 89' lang='grc' dir='ltr'>καίτοι</span> <span class='ocrx_word' id='word_1_54' title='bbox 768 665 1043 731; x_wconf 83' lang='grc' dir='ltr'>δυσοίγωγοι</span> <span class='ocrx_word' id='word_1_55' title='bbox 1087 665 1196 715; x_wconf 85' lang='grc' dir='ltr'>λίαν</span> <span class='ocrx_word' id='word_1_56' title='bbox 1235 664 1362 719; x_wconf 76' lang='grc' dir='ltr'>ὄντες</span> <span class='ocrx_word' id='word_1_57' title='bbox 1399 666 1613 716; x_wconf 86' lang='grc' dir='ltr'>Ἰουδαῖοι</span> <span class='ocrx_word' id='word_1_58' title='bbox 1652 663 1739 728; x_wconf 87' lang='grc' dir='ltr'>τὴν</span> <span class='ocrx_word' id='word_1_59' title='bbox 1776 669 1859 715; x_wconf 89' lang='grc' dir='ltr'>τοῦ</span> 
     </span>
     <span class='ocr_line' id='line_1_8' title="bbox 271 744 1858 816; baseline -0.001 -18"><span class='ocrx_word' id='word_1_60' title='bbox 271 752 641 813; x_wconf 88' lang='grc' dir='ltr'>κακουργοῦντος</span> <span class='ocrx_word' id='word_1_61' title='bbox 679 745 866 813; x_wconf 74' lang='grc' dir='ltr'>ἐζήτουν</span> <span class='ocrx_word' id='word_1_62' title='bbox 905 748 1095 816; x_wconf 77' lang='grc' dir='ltr'>ἄφεσιν.</span> <span class='ocrx_word' id='word_1_63' title='bbox 1147 747 1409 813; x_wconf 77' lang='grc' dir='ltr'>γε’γραπται</span> <span class='ocrx_word' id='word_1_64' title='bbox 1447 748 1603 798; x_wconf 88' lang='grc' dir='ltr'>τοίνυν</span> <span class='ocrx_word' id='word_1_65' title='bbox 1629 748 1703 798; x_wconf 81' lang='grc' dir='ltr'>ἐπὶ</span> <span class='ocrx_word' id='word_1_66' title='bbox 1732 744 1858 797; x_wconf 74' lang='grc' dir='ltr'>τέλει</span> 
     </span>
     <span class='ocr_line' id='line_1_9' title="bbox 270 828 1852 898; baseline 0 -18"><span class='ocrx_word' id='word_1_67' title='bbox 270 835 353 881; x_wconf 89' lang='grc' dir='ltr'>τοῦ</span> <span class='ocrx_word' id='word_1_68' title='bbox 380 829 575 891; x_wconf 77' lang='grc' dir='ltr'>βιβλίου</span> <span class='ocrx_word' id='word_1_69' title='bbox 602 835 685 881; x_wconf 89' lang='grc' dir='ltr'>τοῦ</span> <span class='ocrx_word' id='word_1_70' title='bbox 713 830 1004 894; x_wconf 76' lang='grc' dir='ltr'>καλουμένου</span> <span class='ocrx_word' id='word_1_71' title='bbox 1037 834 1132 881; x_wconf 90' lang='grc' dir='ltr'>τῶν</span> <span class='ocrx_word' id='word_1_72' title='bbox 1158 831 1367 897; x_wconf 83' lang='grc' dir='ltr'>ἀριθμῶν</span> <span class='ocrx_word' id='word_1_73' title='bbox 1391 830 1416 880; x_wconf 82' lang='grc' dir='ltr'>ὁ</span> <span class='ocrx_word' id='word_1_74' title='bbox 1442 831 1548 896; x_wconf 80' lang='grc' dir='ltr'>περὶ</span> <span class='ocrx_word' id='word_1_75' title='bbox 1572 835 1654 880; x_wconf 89' lang='grc' dir='ltr'>τοῦ</span> <span class='ocrx_word' id='word_1_76' title='bbox 1682 828 1852 898; x_wconf 84' lang='grc' dir='ltr'>φονεύ-</span> 
     </span>
     <span class='ocr_line' id='line_1_10' title="bbox 271 910 1858 979; baseline 0.001 -16"><span class='ocrx_word' id='word_1_77' title='bbox 271 935 404 966; x_wconf 89' lang='grc' dir='ltr'>οντος</span> <span class='ocrx_word' id='word_1_78' title='bbox 437 911 576 976; x_wconf 88' lang='grc' dir='ltr'>νόμος</span> <span class='ocrx_word' id='word_1_79' title='bbox 611 913 844 966; x_wconf 77' lang='grc' dir='ltr'>ἀκουσίως</span> <span class='ocrx_word' id='word_1_80' title='bbox 879 911 1024 979; x_wconf 75' lang='grc' dir='ltr'>ἤγουν</span> <span class='ocrx_word' id='word_1_81' title='bbox 1062 913 1300 966; x_wconf 78' lang='grc' dir='ltr'>ἑκουσίως·</span> <span class='ocrx_word' id='word_1_82' title='bbox 1355 911 1663 977; x_wconf 76' lang='grc' dir='ltr'>διωρισμένης</span> <span class='ocrx_word' id='word_1_83' title='bbox 1697 910 1745 962; x_wconf 83' lang='grc' dir='ltr'>δὲ</span> <span class='ocrx_word' id='word_1_84' title='bbox 1775 913 1858 975; x_wconf 82' lang='grc' dir='ltr'>τῆς</span> 
     </span>
     <span class='ocr_line' id='line_1_11' title="bbox 231 992 1930 1064; baseline 0.001 -21"><span class='ocrx_word' id='word_1_85' title='bbox 231 1017 252 1043; x_wconf 85' lang='lat' dir='ltr'>e</span> <span class='ocrx_word' id='word_1_86' title='bbox 271 995 401 1058; x_wconf 87' lang='grc' dir='ltr'>δίκης</span> <span class='ocrx_word' id='word_1_87' title='bbox 436 996 642 1061; x_wconf 82' lang='grc' dir='ltr'>ἐναργῶς</span> <span class='ocrx_word' id='word_1_88' title='bbox 674 997 756 1058; x_wconf 81' lang='grc' dir='ltr'>τῆς</span> <span class='ocrx_word' id='word_1_89' title='bbox 783 995 856 1046; x_wconf 80' lang='grc' dir='ltr'>ἐπὶ</span> <span class='ocrx_word' id='word_1_90' title='bbox 888 998 955 1064; x_wconf 72' lang='grc' dir='ltr'>τῷ</span> <span class='ocrx_word' id='word_1_91' title='bbox 989 993 1108 1046; x_wconf 78' lang='grc' dir='ltr'>κατὰ</span> <span class='ocrx_word' id='word_1_92' title='bbox 1146 995 1384 1056; x_wconf 80' lang='grc' dir='ltr'>βούλησιν</span> <span class='ocrx_word' id='word_1_93' title='bbox 1408 998 1625 1063; x_wconf 81' lang='grc' dir='ltr'>φονευτῇ,</span> <span class='ocrx_word' id='word_1_94' title='bbox 1650 992 1859 1057; x_wconf 76' lang='grc' dir='ltr'>μέτεισιν</span> <span class='ocrx_word' id='word_1_95' title='bbox 1883 1020 1930 1045; x_wconf 89' lang='lat'>10</span> 
     </span>
     <span class='ocr_line' id='line_1_12' title="bbox 270 1072 1858 1144; baseline -0.001 -18"><span class='ocrx_word' id='word_1_96' title='bbox 270 1074 403 1130; x_wconf 73' lang='grc' dir='ltr'>εὐθὺς</span> <span class='ocrx_word' id='word_1_97' title='bbox 424 1077 449 1127; x_wconf 85' lang='grc' dir='ltr'><em>ὃ</em></span> <span class='ocrx_word' id='word_1_98' title='bbox 472 1077 617 1143; x_wconf 89' lang='grc' dir='ltr'>λόγος</span> <span class='ocrx_word' id='word_1_99' title='bbox 641 1080 703 1131; x_wconf 79' lang='grc' dir='ltr'>εἷς</span> <span class='ocrx_word' id='word_1_100' title='bbox 730 1075 811 1128; x_wconf 78' lang='grc' dir='ltr'>τὸν</span> <span class='ocrx_word' id='word_1_101' title='bbox 837 1078 944 1143; x_wconf 80' lang='grc' dir='ltr'>περὶ</span> <span class='ocrx_word' id='word_1_102' title='bbox 970 1082 1052 1127; x_wconf 88' lang='grc' dir='ltr'>τοῦ</span> <span class='ocrx_word' id='word_1_103' title='bbox 1080 1076 1361 1144; x_wconf 85' lang='grc' dir='ltr'>φονεύοντος</span> <span class='ocrx_word' id='word_1_104' title='bbox 1387 1076 1632 1138; x_wconf 77' lang='grc' dir='ltr'>ἀκουσίως,</span> <span class='ocrx_word' id='word_1_105' title='bbox 1658 1072 1756 1126; x_wconf 75' lang='grc' dir='ltr'>εἶτα</span> <span class='ocrx_word' id='word_1_106' title='bbox 1782 1076 1858 1125; x_wconf 77' lang='grc' dir='ltr'>καὶ</span> 
     </span>
    </p>
   </div>
   <div class='ocr_carea' id='block_1_3' title="bbox 45 1157 1858 1309">
    <p class='ocr_par' dir='ltr' id='par_1_3' title="bbox 45 1157 1858 1309">
     <span class='ocr_line' id='line_1_13' title="bbox 47 1157 1858 1227; baseline -0.001 -16"><span class='ocrx_word' id='word_1_107' title='bbox 47 1181 151 1212; x_wconf 85' lang='lat' dir='ltr'><strong>Num.</strong></span> <span class='ocrx_word' id='word_1_108' title='bbox 271 1159 392 1209; x_wconf 71' lang='grc' dir='ltr'>οὕτω</span> <span class='ocrx_word' id='word_1_109' title='bbox 420 1160 544 1227; x_wconf 77' lang='grc' dir='ltr'>φησὶ</span> <span class='ocrx_word' id='word_1_110' title='bbox 569 1160 674 1222; x_wconf 86' lang='grc' dir='ltr'>μεθ’</span> <span class='ocrx_word' id='word_1_111' title='bbox 716 1159 847 1226; x_wconf 78' lang='grc' dir='ltr'>ἕτερα</span> <span class='ocrx_word' id='word_1_112' title='bbox 887 1158 1048 1210; x_wconf 67' lang='lat' dir='ltr'>“‘Edw</span> <span class='ocrx_word' id='word_1_113' title='bbox 1079 1158 1127 1210; x_wconf 79' lang='grc' dir='ltr'>δὲ</span> <span class='ocrx_word' id='word_1_114' title='bbox 1165 1157 1364 1227; x_wconf 73' lang='grc' dir='ltr'>ἐξάπινα</span> <span class='ocrx_word' id='word_1_115' title='bbox 1403 1159 1456 1209; x_wconf 76' lang='grc' dir='ltr'>οὐ</span> <span class='ocrx_word' id='word_1_116' title='bbox 1495 1157 1550 1208; x_wconf 88' lang='grc' dir='ltr'>δι’</span> <span class='ocrx_word' id='word_1_117' title='bbox 1590 1158 1763 1225; x_wconf 75' lang='grc' dir='ltr'>ἔχθραν</span> <span class='ocrx_word' id='word_1_118' title='bbox 1797 1158 1858 1210; x_wconf 80' lang='grc' dir='ltr'>ὡς</span> 
     </span>
     <span class='ocr_line' id='line_1_14' title="bbox 45 1235 1857 1309; baseline -0.001 -18"><span class='ocrx_word' id='word_1_119' title='bbox 45 1235 161 1309; x_wconf 43' lang='lat'>{2325</span> <span class='ocrx_word' id='word_1_120' title='bbox 273 1247 299 1270; x_wconf 76' lang='lat'>‘⁶</span> <span class='ocrx_word' id='word_1_121' title='bbox 325 1240 466 1292; x_wconf 79' lang='grc' dir='ltr'>αὑτὸν</span> <span class='ocrx_word' id='word_1_122' title='bbox 492 1239 536 1309; x_wconf 80' lang='grc' dir='ltr'>ᾗ,</span> <span class='ocrx_word' id='word_1_123' title='bbox 562 1242 786 1309; x_wconf 75' lang='grc' dir='ltr'>ἐπιρῥίψῃ</span> <span class='ocrx_word' id='word_1_124' title='bbox 812 1241 859 1292; x_wconf 78' lang='grc' dir='ltr'>δὲ</span> <span class='ocrx_word' id='word_1_125' title='bbox 887 1242 955 1292; x_wconf 81' lang='grc' dir='ltr'>ἐπ’</span> <span class='ocrx_word' id='word_1_126' title='bbox 985 1241 1126 1291; x_wconf 82' lang='grc' dir='ltr'>αὐτὸν</span> <span class='ocrx_word' id='word_1_127' title='bbox 1152 1246 1247 1292; x_wconf 82' lang='grc' dir='ltr'>πᾶν</span> <span class='ocrx_word' id='word_1_128' title='bbox 1273 1245 1443 1295; x_wconf 83' lang='grc' dir='ltr'>σκεῦος</span> <span class='ocrx_word' id='word_1_129' title='bbox 1468 1241 1550 1291; x_wconf 80' lang='grc' dir='ltr'>οὐκ</span> <span class='ocrx_word' id='word_1_130' title='bbox 1575 1240 1632 1309; x_wconf 75' lang='grc' dir='ltr'>ἐξ</span> <span class='ocrx_word' id='word_1_131' title='bbox 1658 1239 1857 1305; x_wconf 75' lang='grc' dir='ltr'>ἐνέδρου,</span> 
     </span>
    </p>
   </div>
   <div class='ocr_carea' id='block_1_4' title="bbox 223 1321 1929 2541">
    <p class='ocr_par' dir='ltr' id='par_1_4' title="bbox 269 1321 1929 1967">
     <span class='ocr_line' id='line_1_15' title="bbox 271 1321 1859 1392; baseline -0.002 -19"><span class='ocrx_word' id='word_1_132' title='bbox 271 1330 298 1352; x_wconf 84' lang='grc'><strong>“</strong></span> <span class='ocrx_word' id='word_1_133' title='bbox 324 1322 352 1387; x_wconf 78' lang='grc' dir='ltr'>ἢ</span> <span class='ocrx_word' id='word_1_134' title='bbox 385 1324 433 1373; x_wconf 85' lang='grc' dir='ltr'>ἐν</span> <span class='ocrx_word' id='word_1_135' title='bbox 458 1325 598 1374; x_wconf 77' lang='grc' dir='ltr'>παντὶ</span> <span class='ocrx_word' id='word_1_136' title='bbox 638 1323 758 1392; x_wconf 72' lang='grc' dir='ltr'>λίθῳ</span> <span class='ocrx_word' id='word_1_137' title='bbox 797 1324 845 1373; x_wconf 84' lang='grc' dir='ltr'>ἐν</span> <span class='ocrx_word' id='word_1_138' title='bbox 872 1321 909 1392; x_wconf 72' lang='grc' dir='ltr'><em>ᾧ</em></span> <span class='ocrx_word' id='word_1_139' title='bbox 948 1324 1248 1374; x_wconf 80' lang='grc' dir='ltr'>ἀποθανεῖται</span> <span class='ocrx_word' id='word_1_140' title='bbox 1275 1325 1322 1374; x_wconf 87' lang='grc' dir='ltr'>ἐν</span> <span class='ocrx_word' id='word_1_141' title='bbox 1354 1324 1478 1392; x_wconf 70' lang='grc' dir='ltr'>αὐτῷ</span> <span class='ocrx_word' id='word_1_142' title='bbox 1505 1323 1587 1373; x_wconf 83' lang='grc' dir='ltr'>οὐκ</span> <span class='ocrx_word' id='word_1_143' title='bbox 1611 1321 1756 1385; x_wconf 78' lang='grc' dir='ltr'>εἰδὼς,</span> <span class='ocrx_word' id='word_1_144' title='bbox 1782 1324 1859 1372; x_wconf 80' lang='grc' dir='ltr'>καὶ</span> 
     </span>
     <span class='ocr_line' id='line_1_16' title="bbox 269 1403 1928 1474; baseline -0.002 -17"><span class='ocrx_word' id='word_1_145' title='bbox 269 1413 295 1434; x_wconf 84' lang='grc'>“</span> <span class='ocrx_word' id='word_1_146' title='bbox 322 1405 448 1474; x_wconf 76' lang='grc' dir='ltr'>πέσῃ</span> <span class='ocrx_word' id='word_1_147' title='bbox 486 1406 554 1456; x_wconf 85' lang='grc' dir='ltr'>ἐπ’</span> <span class='ocrx_word' id='word_1_148' title='bbox 585 1405 741 1468; x_wconf 80' lang='grc' dir='ltr'>αὐτὸν,</span> <span class='ocrx_word' id='word_1_149' title='bbox 769 1408 843 1457; x_wconf 76' lang='grc' dir='ltr'>καὶ</span> <span class='ocrx_word' id='word_1_150' title='bbox 883 1405 1113 1474; x_wconf 84' lang='grc' dir='ltr'>ἀποθάνῃ,</span> <span class='ocrx_word' id='word_1_151' title='bbox 1139 1405 1278 1459; x_wconf 81' lang='grc' dir='ltr'>αὐτὸς</span> <span class='ocrx_word' id='word_1_152' title='bbox 1313 1404 1360 1456; x_wconf 78' lang='grc' dir='ltr'>δὲ</span> <span class='ocrx_word' id='word_1_153' title='bbox 1394 1406 1477 1456; x_wconf 81' lang='grc' dir='ltr'>οὐκ</span> <span class='ocrx_word' id='word_1_154' title='bbox 1511 1403 1677 1472; x_wconf 79' lang='grc' dir='ltr'>ἐχθρὸς</span> <span class='ocrx_word' id='word_1_155' title='bbox 1715 1404 1858 1454; x_wconf 85' lang='grc' dir='ltr'>αὐτοῦ</span> <span class='ocrx_word' id='word_1_156' title='bbox 1883 1423 1928 1461; x_wconf 91' lang='lat'>15</span> 
     </span>
     <span class='ocr_line' id='line_1_17' title="bbox 269 1485 1857 1554; baseline -0.001 -16"><span class='ocrx_word' id='word_1_157' title='bbox 269 1496 296 1518; x_wconf 72' lang='lat'>‘⁴</span> <span class='ocrx_word' id='word_1_158' title='bbox 323 1486 380 1552; x_wconf 77' lang='grc' dir='ltr'>ἦν</span> <span class='ocrx_word' id='word_1_159' title='bbox 406 1487 509 1539; x_wconf 78' lang='grc' dir='ltr'>οὐδὲ</span> <span class='ocrx_word' id='word_1_160' title='bbox 550 1488 698 1554; x_wconf 74' lang='grc' dir='ltr'>ζητῶν</span> <span class='ocrx_word' id='word_1_161' title='bbox 725 1490 1040 1551; x_wconf 79' lang='grc' dir='ltr'>κακοποιῆσαι</span> <span class='ocrx_word' id='word_1_162' title='bbox 1079 1487 1234 1550; x_wconf 81' lang='grc' dir='ltr'>αὐτὸν,</span> <span class='ocrx_word' id='word_1_163' title='bbox 1264 1490 1338 1538; x_wconf 78' lang='grc' dir='ltr'>καὶ</span> <span class='ocrx_word' id='word_1_164' title='bbox 1377 1490 1524 1553; x_wconf 82' lang='grc' dir='ltr'>κρινεῖ</span> <span class='ocrx_word' id='word_1_165' title='bbox 1546 1487 1572 1550; x_wconf 83' lang='grc' dir='ltr'>ἡ</span> <span class='ocrx_word' id='word_1_166' title='bbox 1599 1485 1857 1552; x_wconf 83' lang='grc' dir='ltr'>συναγωγὴ</span> 
     </span>
     <span class='ocr_line' id='line_1_18' title="bbox 271 1567 1853 1638; baseline -0.001 -18"><span class='ocrx_word' id='word_1_167' title='bbox 271 1578 297 1599; x_wconf 84' lang='grc'><strong>“</strong></span> <span class='ocrx_word' id='word_1_168' title='bbox 324 1569 413 1620; x_wconf 81' lang='grc' dir='ltr'>ἀνὰ</span> <span class='ocrx_word' id='word_1_169' title='bbox 448 1570 598 1634; x_wconf 78' lang='grc' dir='ltr'>μέσον</span> <span class='ocrx_word' id='word_1_170' title='bbox 624 1576 706 1621; x_wconf 87' lang='grc' dir='ltr'>τοῦ</span> <span class='ocrx_word' id='word_1_171' title='bbox 739 1569 1040 1638; x_wconf 74' lang='grc' dir='ltr'>πατάξαντος</span> <span class='ocrx_word' id='word_1_172' title='bbox 1067 1572 1141 1620; x_wconf 78' lang='grc' dir='ltr'>καὶ</span> <span class='ocrx_word' id='word_1_173' title='bbox 1169 1568 1258 1620; x_wconf 77' lang='grc' dir='ltr'>ἀνὰ</span> <span class='ocrx_word' id='word_1_174' title='bbox 1297 1569 1446 1633; x_wconf 72' lang='grc' dir='ltr'>με’σον</span> <span class='ocrx_word' id='word_1_175' title='bbox 1473 1574 1556 1620; x_wconf 88' lang='grc' dir='ltr'>τοῦ</span> <span class='ocrx_word' id='word_1_176' title='bbox 1595 1567 1853 1636; x_wconf 84' lang='grc' dir='ltr'>ἀγχιστεύ-</span> 
     </span>
     <span class='ocr_line' id='line_1_19' title="bbox 271 1649 1857 1720; baseline -0.002 -17"><span class='ocrx_word' id='word_1_177' title='bbox 271 1659 296 1682; x_wconf 79' lang='grc'><strong>“</strong></span> <span class='ocrx_word' id='word_1_178' title='bbox 323 1675 456 1705; x_wconf 89' lang='grc' dir='ltr'>οντος</span> <span class='ocrx_word' id='word_1_179' title='bbox 494 1651 548 1703; x_wconf 81' lang='grc' dir='ltr'>τὸ</span> <span class='ocrx_word' id='word_1_180' title='bbox 594 1651 709 1715; x_wconf 73' lang='grc' dir='ltr'>αἷμα</span> <span class='ocrx_word' id='word_1_181' title='bbox 751 1651 870 1702; x_wconf 82' lang='grc' dir='ltr'>κατὰ</span> <span class='ocrx_word' id='word_1_182' title='bbox 911 1651 970 1702; x_wconf 79' lang='grc' dir='ltr'>τὰ</span> <span class='ocrx_word' id='word_1_183' title='bbox 1008 1652 1210 1718; x_wconf 87' lang='grc' dir='ltr'>κρίματα</span> <span class='ocrx_word' id='word_1_184' title='bbox 1250 1657 1411 1714; x_wconf 89' lang='grc' dir='ltr'>ταῦτα,</span> <span class='ocrx_word' id='word_1_185' title='bbox 1448 1653 1523 1702; x_wconf 82' lang='grc' dir='ltr'>καὶ</span> <span class='ocrx_word' id='word_1_186' title='bbox 1565 1651 1790 1720; x_wconf 73' lang='grc' dir='ltr'>ἐξελεῖται</span> <span class='ocrx_word' id='word_1_187' title='bbox 1829 1649 1857 1713; x_wconf 82' lang='grc' dir='ltr'>ἡ</span> 
     </span>
     <span class='ocr_line' id='line_1_20' title="bbox 269 1732 1857 1803; baseline -0.001 -19"><span class='ocrx_word' id='word_1_188' title='bbox 269 1741 296 1763; x_wconf 80' lang='grc'><strong>“</strong></span> <span class='ocrx_word' id='word_1_189' title='bbox 323 1733 582 1799; x_wconf 88' lang='grc' dir='ltr'>συναγωγὴ</span> <span class='ocrx_word' id='word_1_190' title='bbox 634 1732 717 1785; x_wconf 77' lang='grc' dir='ltr'>τὸν</span> <span class='ocrx_word' id='word_1_191' title='bbox 766 1733 1068 1803; x_wconf 82' lang='grc' dir='ltr'>φονεύσαντα</span> <span class='ocrx_word' id='word_1_192' title='bbox 1119 1732 1214 1784; x_wconf 80' lang='grc' dir='ltr'>ἀπὸ</span> <span class='ocrx_word' id='word_1_193' title='bbox 1265 1739 1348 1784; x_wconf 91' lang='grc' dir='ltr'>τοῦ</span> <span class='ocrx_word' id='word_1_194' title='bbox 1392 1733 1757 1801; x_wconf 82' lang='grc' dir='ltr'>ἀγχιστεύοντος</span> <span class='ocrx_word' id='word_1_195' title='bbox 1803 1732 1857 1783; x_wconf 83' lang='grc' dir='ltr'>τὸ</span> 
     </span>
     <span class='ocr_line' id='line_1_21' title="bbox 271 1813 1929 1881; baseline -0.001 -15"><span class='ocrx_word' id='word_1_196' title='bbox 271 1823 297 1845; x_wconf 79' lang='grc'>“</span> <span class='ocrx_word' id='word_1_197' title='bbox 324 1815 453 1879; x_wconf 75' lang='grc' dir='ltr'>αἷμα,</span> <span class='ocrx_word' id='word_1_198' title='bbox 480 1818 554 1867; x_wconf 77' lang='grc' dir='ltr'>καὶ</span> <span class='ocrx_word' id='word_1_199' title='bbox 586 1815 1073 1880; x_wconf 84' lang='grc' dir='ltr'>ἀποκαταστήσουσιν</span> <span class='ocrx_word' id='word_1_200' title='bbox 1108 1815 1250 1867; x_wconf 81' lang='grc' dir='ltr'>αὐτὸν</span> <span class='ocrx_word' id='word_1_201' title='bbox 1290 1816 1316 1880; x_wconf 84' lang='grc' dir='ltr'>ἡ</span> <span class='ocrx_word' id='word_1_202' title='bbox 1362 1814 1621 1881; x_wconf 88' lang='grc' dir='ltr'>συναγωγὴ</span> <span class='ocrx_word' id='word_1_203' title='bbox 1665 1817 1727 1868; x_wconf 78' lang='grc' dir='ltr'>εἷς</span> <span class='ocrx_word' id='word_1_204' title='bbox 1771 1813 1857 1878; x_wconf 85' lang='grc' dir='ltr'>τὴν</span> <span class='ocrx_word' id='word_1_205' title='bbox 1879 1836 1929 1861; x_wconf 89' lang='lat'>20</span> 
     </span>
     <span class='ocr_line' id='line_1_22' title="bbox 269 1896 1855 1967; baseline -0.002 -18"><span class='ocrx_word' id='word_1_206' title='bbox 269 1905 297 1927; x_wconf 74' lang='lat'>‘⁶</span> <span class='ocrx_word' id='word_1_207' title='bbox 322 1897 466 1949; x_wconf 89' lang='grc' dir='ltr'>πόλιν</span> <span class='ocrx_word' id='word_1_208' title='bbox 507 1904 589 1949; x_wconf 88' lang='grc' dir='ltr'>τοῦ</span> <span class='ocrx_word' id='word_1_209' title='bbox 629 1899 1003 1966; x_wconf 87' lang='grc' dir='ltr'>φυγαδευτηρίου</span> <span class='ocrx_word' id='word_1_210' title='bbox 1041 1899 1095 1949; x_wconf 76' lang='grc' dir='ltr'>οὗ</span> <span class='ocrx_word' id='word_1_211' title='bbox 1134 1897 1321 1967; x_wconf 71' lang='grc' dir='ltr'>ε”φυγε.”</span> <span class='ocrx_word' id='word_1_212' title='bbox 1389 1896 1604 1962; x_wconf 79' lang='grc' dir='ltr'>τοιαύτης</span> <span class='ocrx_word' id='word_1_213' title='bbox 1644 1897 1726 1948; x_wconf 80' lang='grc' dir='ltr'>οῦν</span> <span class='ocrx_word' id='word_1_214' title='bbox 1764 1896 1855 1963; x_wconf 77' lang='grc' dir='ltr'>ἄρα</span> 
     </span>
    </p>

    <p class='ocr_par' dir='ltr' id='par_1_5' title="bbox 223 1978 1928 2541">
     <span class='ocr_line' id='line_1_23' title="bbox 223 1978 1858 2047; baseline 0.002 -17"><span class='ocrx_word' id='word_1_215' title='bbox 223 1999 249 2038; x_wconf 76' lang='lat' dir='ltr'>d</span> <span class='ocrx_word' id='word_1_216' title='bbox 270 1981 595 2047; x_wconf 79' lang='grc' dir='ltr'>γεγραμμένης</span> <span class='ocrx_word' id='word_1_217' title='bbox 645 1982 852 2044; x_wconf 83' lang='grc' dir='ltr'>ἐντολῆς,</span> <span class='ocrx_word' id='word_1_218' title='bbox 900 1978 999 2031; x_wconf 79' lang='grc' dir='ltr'>εἶτά</span> <span class='ocrx_word' id='word_1_219' title='bbox 1049 2003 1188 2031; x_wconf 91' lang='grc' dir='ltr'>τινων</span> <span class='ocrx_word' id='word_1_220' title='bbox 1227 1982 1289 2034; x_wconf 83' lang='grc' dir='ltr'>ὡς</span> <span class='ocrx_word' id='word_1_221' title='bbox 1334 1979 1453 2034; x_wconf 74' lang='grc' dir='ltr'>εἰκὸς</span> <span class='ocrx_word' id='word_1_222' title='bbox 1495 1984 1591 2033; x_wconf 86' lang='grc' dir='ltr'>τοῖς</span> <span class='ocrx_word' id='word_1_223' title='bbox 1632 1978 1858 2033; x_wconf 86' lang='grc' dir='ltr'>τοιούτοις</span> 
     </span>
     <span class='ocr_line' id='line_1_24' title="bbox 266 2061 1852 2128; baseline -0.001 -15"><span class='ocrx_word' id='word_1_224' title='bbox 266 2061 645 2128; x_wconf 86' lang='grc' dir='ltr'>περιπιπτόντων</span> <span class='ocrx_word' id='word_1_225' title='bbox 672 2063 987 2126; x_wconf 87' lang='grc' dir='ltr'>πταίσμασιν,</span> <span class='ocrx_word' id='word_1_226' title='bbox 1014 2062 1089 2112; x_wconf 82' lang='grc' dir='ltr'>ἵνα</span> <span class='ocrx_word' id='word_1_227' title='bbox 1114 2085 1215 2116; x_wconf 90' lang='grc' dir='ltr'>πως</span> <span class='ocrx_word' id='word_1_228' title='bbox 1247 2063 1424 2113; x_wconf 82' lang='grc' dir='ltr'>δοκοῖεν</span> <span class='ocrx_word' id='word_1_229' title='bbox 1450 2065 1544 2112; x_wconf 87' lang='grc' dir='ltr'>τῶν</span> <span class='ocrx_word' id='word_1_230' title='bbox 1577 2063 1688 2128; x_wconf 82' lang='grc' dir='ltr'>τῇδε</span> <span class='ocrx_word' id='word_1_231' title='bbox 1722 2065 1852 2112; x_wconf 91' lang='grc' dir='ltr'>τεθε-</span> 
     </span>
     <span class='ocr_line' id='line_1_25' title="bbox 267 2141 1858 2209; baseline 0.001 -15"><span class='ocrx_word' id='word_1_232' title='bbox 267 2144 550 2208; x_wconf 72' lang='grc' dir='ltr'>σπισμένων</span> <span class='ocrx_word' id='word_1_233' title='bbox 595 2146 648 2194; x_wconf 83' lang='grc' dir='ltr'>οὐ</span> <span class='ocrx_word' id='word_1_234' title='bbox 690 2148 935 2198; x_wconf 86' lang='grc' dir='ltr'>παντελῶς</span> <span class='ocrx_word' id='word_1_235' title='bbox 979 2146 1186 2209; x_wconf 85' lang='grc' dir='ltr'>ἀλογεῖν,</span> <span class='ocrx_word' id='word_1_236' title='bbox 1230 2142 1350 2195; x_wconf 75' lang='grc' dir='ltr'>κατὰ</span> <span class='ocrx_word' id='word_1_237' title='bbox 1389 2143 1576 2207; x_wconf 73' lang='grc' dir='ltr'>πληθὺν</span> <span class='ocrx_word' id='word_1_238' title='bbox 1618 2141 1858 2196; x_wconf 81' lang='grc' dir='ltr'>συνιόντες</span> 
     </span>
     <span class='ocr_line' id='line_1_26' title="bbox 267 2223 1928 2294; baseline -0.002 -18"><span class='ocrx_word' id='word_1_239' title='bbox 267 2226 497 2289; x_wconf 80' lang='grc' dir='ltr'>Ἰουδαῖοι,</span> <span class='ocrx_word' id='word_1_240' title='bbox 527 2231 620 2277; x_wconf 90' lang='grc' dir='ltr'>τῶν</span> <span class='ocrx_word' id='word_1_241' title='bbox 646 2226 869 2277; x_wconf 82' lang='grc' dir='ltr'>τοιούτων</span> <span class='ocrx_word' id='word_1_242' title='bbox 896 2223 1091 2294; x_wconf 73' lang='grc' dir='ltr'>ἐξῄτουν</span> <span class='ocrx_word' id='word_1_243' title='bbox 1127 2225 1222 2277; x_wconf 79' lang='grc' dir='ltr'>ἕνα.</span> <span class='ocrx_word' id='word_1_244' title='bbox 1271 2226 1409 2292; x_wconf 69' lang='grc' dir='ltr'>ἔργον</span> <span class='ocrx_word' id='word_1_245' title='bbox 1434 2225 1526 2292; x_wconf 76' lang='grc' dir='ltr'>γὰρ</span> <span class='ocrx_word' id='word_1_246' title='bbox 1566 2225 1681 2289; x_wconf 80' lang='grc' dir='ltr'>ὅλης</span> <span class='ocrx_word' id='word_1_247' title='bbox 1719 2231 1857 2276; x_wconf 89' lang='grc' dir='ltr'>τοῦτο</span> <span class='ocrx_word' id='word_1_248' title='bbox 1879 2243 1928 2282; x_wconf 86' lang='lat'>25</span> 
     </span>
     <span class='ocr_line' id='line_1_27' title="bbox 267 2307 1858 2375; baseline 0.001 -18"><span class='ocrx_word' id='word_1_249' title='bbox 267 2310 350 2371; x_wconf 82' lang='grc' dir='ltr'>τῆς</span> <span class='ocrx_word' id='word_1_250' title='bbox 390 2311 678 2375; x_wconf 75' lang='grc' dir='ltr'>Συναγωγῆς</span> <span class='ocrx_word' id='word_1_251' title='bbox 717 2309 742 2359; x_wconf 83' lang='grc' dir='ltr'>ὁ</span> <span class='ocrx_word' id='word_1_252' title='bbox 783 2307 922 2372; x_wconf 89' lang='grc' dir='ltr'>νόμος</span> <span class='ocrx_word' id='word_1_253' title='bbox 964 2308 1185 2374; x_wconf 79' lang='grc' dir='ltr'>γενέσθαι</span> <span class='ocrx_word' id='word_1_254' title='bbox 1229 2308 1565 2375; x_wconf 77' lang='grc' dir='ltr'>προσέταττεν.</span> <span class='ocrx_word' id='word_1_255' title='bbox 1638 2307 1858 2359; x_wconf 68' lang='grc' dir='ltr'>ἀπολύειν</span> 
     </span>
     <span class='ocr_line' id='line_1_28' title="bbox 269 2387 1857 2459; baseline -0.001 -20"><span class='ocrx_word' id='word_1_256' title='bbox 269 2387 417 2454; x_wconf 86' lang='grc' dir='ltr'>γεμὴν</span> <span class='ocrx_word' id='word_1_257' title='bbox 442 2390 551 2458; x_wconf 75' lang='grc' dir='ltr'>ἐξὸν</span> <span class='ocrx_word' id='word_1_258' title='bbox 577 2391 744 2453; x_wconf 82' lang='grc' dir='ltr'>αὐτοῖς,</span> <span class='ocrx_word' id='word_1_259' title='bbox 773 2389 894 2441; x_wconf 82' lang='grc' dir='ltr'>κατά</span> <span class='ocrx_word' id='word_1_260' title='bbox 931 2413 984 2455; x_wconf 92' lang='grc' dir='ltr'>γε</span> <span class='ocrx_word' id='word_1_261' title='bbox 1023 2390 1077 2441; x_wconf 80' lang='grc' dir='ltr'>τὸ</span> <span class='ocrx_word' id='word_1_262' title='bbox 1115 2392 1281 2441; x_wconf 85' lang='grc' dir='ltr'>δοκοῦν</span> <span class='ocrx_word' id='word_1_263' title='bbox 1307 2394 1373 2459; x_wconf 73' lang='grc' dir='ltr'>τῷ</span> <span class='ocrx_word' id='word_1_264' title='bbox 1409 2388 1549 2459; x_wconf 73' lang='grc' dir='ltr'>νόμῳ,</span> <span class='ocrx_word' id='word_1_265' title='bbox 1577 2394 1715 2440; x_wconf 87' lang='grc' dir='ltr'>τοῦτο</span> <span class='ocrx_word' id='word_1_266' title='bbox 1742 2392 1857 2454; x_wconf 84' lang='grc' dir='ltr'>δρᾶν</span> 
     </span>
     <span class='ocr_line' id='line_1_29' title="bbox 269 2471 1857 2541; baseline 0.001 -20"><span class='ocrx_word' id='word_1_267' title='bbox 269 2474 454 2521; x_wconf 80' lang='grc' dir='ltr'>αἰτοῦσι</span> <span class='ocrx_word' id='word_1_268' title='bbox 493 2471 722 2523; x_wconf 82' lang='grc' dir='ltr'>Πιλάτου.</span> <span class='ocrx_word' id='word_1_269' title='bbox 780 2473 1146 2541; x_wconf 74' lang='grc' dir='ltr'>καταδεξάμενοι</span> <span class='ocrx_word' id='word_1_270' title='bbox 1185 2471 1280 2538; x_wconf 74' lang='grc' dir='ltr'>γὰρ</span> <span class='ocrx_word' id='word_1_271' title='bbox 1319 2471 1454 2541; x_wconf 77' lang='grc' dir='ltr'>ἅπαξ</span> <span class='ocrx_word' id='word_1_272' title='bbox 1488 2472 1574 2536; x_wconf 87' lang='grc' dir='ltr'>τὴν</span> <span class='ocrx_word' id='word_1_273' title='bbox 1611 2472 1857 2534; x_wconf 69' lang='grc' dir='ltr'>εΡωμαίων</span> 
     </span>
    </p>
   </div>
   <div class='ocr_carea' id='block_1_5' title="bbox 268 2621 1855 2909">
    <p class='ocr_par' dir='ltr' id='par_1_6' title="bbox 268 2621 1855 2902">
     <span class='ocr_line' id='line_1_30' title="bbox 320 2621 1855 2668; baseline 0.003 -13"><span class='ocrx_word' id='word_1_274' title='bbox 320 2635 349 2656; x_wconf 94' lang='lat'>1.</span> <span class='ocrx_word' id='word_1_275' title='bbox 377 2621 610 2667; x_wconf 82' lang='grc' dir='ltr'>συνᾴδουσαν]</span> <span class='ocrx_word' id='word_1_276' title='bbox 632 2623 783 2668; x_wconf 81' lang='grc' dir='ltr'>συνῳδὸν</span> <span class='ocrx_word' id='word_1_277' title='bbox 802 2623 896 2658; x_wconf 82' lang='lat' dir='ltr'><strong>Catt.</strong></span> <span class='ocrx_word' id='word_1_278' title='bbox 1123 2635 1174 2657; x_wconf 89' lang='lat'>12.</span> <span class='ocrx_word' id='word_1_279' title='bbox 1201 2624 1358 2667; x_wconf 80' lang='grc' dir='ltr'>ἐξαπίνης</span> <span class='ocrx_word' id='word_1_280' title='bbox 1377 2623 1470 2658; x_wconf 78' lang='lat' dir='ltr'><strong>Catt.</strong></span> <span class='ocrx_word' id='word_1_281' title='bbox 1491 2624 1607 2668; x_wconf 85' lang='lat' dir='ltr'>(Alex.</span> <span class='ocrx_word' id='word_1_282' title='bbox 1626 2623 1715 2667; x_wconf 88' lang='lat' dir='ltr'>VII)</span> <span class='ocrx_word' id='word_1_283' title='bbox 1736 2623 1780 2658; x_wconf 87' lang='lat' dir='ltr'>cf.</span> <span class='ocrx_word' id='word_1_284' title='bbox 1800 2624 1855 2659; x_wconf 89' lang='lat' dir='ltr'>De</span> 
     </span>
     <span class='ocr_line' id='line_1_31' title="bbox 269 2669 1855 2715; baseline 0.001 -12"><span class='ocrx_word' id='word_1_285' title='bbox 269 2669 338 2703; x_wconf 89' lang='lat' dir='ltr'>Ad.</span> <span class='ocrx_word' id='word_1_286' title='bbox 359 2669 423 2703; x_wconf 82' lang='lat'>282</span> <span class='ocrx_word' id='word_1_287' title='bbox 442 2681 473 2709; x_wconf 85' lang='lat' dir='ltr'>a,</span> <span class='ocrx_word' id='word_1_288' title='bbox 492 2669 535 2703; x_wconf 84' lang='lat' dir='ltr'>ab</span> <span class='ocrx_word' id='word_1_289' title='bbox 556 2670 919 2705; x_wconf 68' lang='lat' dir='ltr'><strong>11011nes.cit.‹{›s</strong></span> <span class='ocrx_word' id='word_1_290' title='bbox 943 2670 1045 2704; x_wconf 82' lang='grc' dir='ltr'>αὐτὸν</span> <span class='ocrx_word' id='word_1_291' title='bbox 1069 2669 1105 2715; x_wconf 80' lang='grc' dir='ltr'>ἦ]</span> <span class='ocrx_word' id='word_1_292' title='bbox 1133 2670 1206 2713; x_wconf 81' lang='grc' dir='ltr'>ὤσῃ</span> <span class='ocrx_word' id='word_1_293' title='bbox 1232 2669 1334 2705; x_wconf 82' lang='grc' dir='ltr'>αὐτὸν</span> <span class='ocrx_word' id='word_1_294' title='bbox 1352 2670 1444 2704; x_wconf 80' lang='lat' dir='ltr'><strong>Catt.</strong></span> <span class='ocrx_word' id='word_1_295' title='bbox 1465 2682 1547 2704; x_wconf 88' lang='lat' dir='ltr'>cum</span> <span class='ocrx_word' id='word_1_296' title='bbox 1565 2670 1731 2704; x_wconf 87' lang='lat' dir='ltr'><strong>omnibus</strong></span> <span class='ocrx_word' id='word_1_297' title='bbox 1749 2670 1793 2705; x_wconf 90' lang='lat' dir='ltr'>A.</span> <span class='ocrx_word' id='word_1_298' title='bbox 1812 2671 1855 2705; x_wconf 90' lang='grc' dir='ltr'>Τ.</span> 
     </span>
     <span class='ocr_line' id='line_1_32' title="bbox 268 2716 1854 2762; baseline 0.001 -12"><span class='ocrx_word' id='word_1_299' title='bbox 268 2716 379 2750; x_wconf 82' lang='lat' dir='ltr'><strong>libris.</strong></span> <span class='ocrx_word' id='word_1_300' title='bbox 546 2727 598 2760; x_wconf 86' lang='lat'>13.</span> <span class='ocrx_word' id='word_1_301' title='bbox 626 2717 727 2750; x_wconf 83' lang='grc' dir='ltr'>αὐτὸν</span> <span class='ocrx_word' id='word_1_302' title='bbox 743 2718 802 2751; x_wconf 83' lang='lat' dir='ltr'><strong>alt.</strong></span> <span class='ocrx_word' id='word_1_303' title='bbox 824 2717 864 2750; x_wconf 91' lang='lat' dir='ltr'>E.</span> <span class='ocrx_word' id='word_1_304' title='bbox 885 2716 994 2750; x_wconf 90' lang='lat' dir='ltr'><strong>Cord.</strong></span> <span class='ocrx_word' id='word_1_305' title='bbox 1013 2717 1101 2762; x_wconf 82' lang='grc' dir='ltr'>αὺτῳ</span> <span class='ocrx_word' id='word_1_306' title='bbox 1122 2716 1188 2750; x_wconf 87' lang='lat' dir='ltr'>Ed.</span> <span class='ocrx_word' id='word_1_307' title='bbox 1351 2727 1405 2759; x_wconf 83' lang='lat'>14.</span> <span class='ocrx_word' id='word_1_308' title='bbox 1431 2717 1466 2750; x_wconf 83' lang='grc' dir='ltr'>ἐν</span> <span class='ocrx_word' id='word_1_309' title='bbox 1482 2717 1636 2761; x_wconf 90' lang='lat' dir='ltr'>primum</span> <span class='ocrx_word' id='word_1_310' title='bbox 1654 2728 1724 2751; x_wconf 89' lang='lat' dir='ltr'>om.</span> <span class='ocrx_word' id='word_1_311' title='bbox 1746 2716 1854 2752; x_wconf 90' lang='lat' dir='ltr'><strong>Cord.</strong></span> 
     </span>
     <span class='ocr_line' id='line_1_33' title="bbox 270 2760 1855 2810; baseline 0.001 -14"><span class='ocrx_word' id='word_1_312' title='bbox 270 2764 343 2796; x_wconf 83' lang='lat' dir='ltr'><strong>etl.</strong></span> <span class='ocrx_word' id='word_1_313' title='bbox 363 2774 393 2797; x_wconf 87' lang='lat' dir='ltr'>c.</span> <span class='ocrx_word' id='word_1_314' title='bbox 414 2761 562 2807; x_wconf 83' lang='lat' dir='ltr'>[habent</span> <span class='ocrx_word' id='word_1_315' title='bbox 580 2762 660 2805; x_wconf 79' lang='lat' dir='ltr'><strong>(IV.</strong></span> <span class='ocrx_word' id='word_1_316' title='bbox 684 2764 759 2806; x_wconf 86' lang='lat'>108,</span> <span class='ocrx_word' id='word_1_317' title='bbox 783 2776 794 2796; x_wconf 96' lang='lat'>1</span> <span class='ocrx_word' id='word_1_318' title='bbox 807 2762 895 2808; x_wconf 84' lang='lat'>18)].</span> <span class='ocrx_word' id='word_1_319' title='bbox 967 2760 1011 2810; x_wconf 83' lang='grc' dir='ltr'>ᾠ]</span> <span class='ocrx_word' id='word_1_320' title='bbox 1031 2763 1120 2809; x_wconf 78' lang='grc' dir='ltr'>αὐτῷ</span> <span class='ocrx_word' id='word_1_321' title='bbox 1140 2763 1181 2796; x_wconf 83' lang='lat' dir='ltr'>E.</span> <span class='ocrx_word' id='word_1_322' title='bbox 1339 2772 1392 2808; x_wconf 88' lang='lat'>17.</span> <span class='ocrx_word' id='word_1_323' title='bbox 1418 2765 1478 2797; x_wconf 86' lang='grc' dir='ltr'>τοῦ</span> <span class='ocrx_word' id='word_1_324' title='bbox 1495 2763 1706 2806; x_wconf 80' lang='grc' dir='ltr'>πατάξαντος</span> <span class='ocrx_word' id='word_1_325' title='bbox 1723 2777 1777 2798; x_wconf 90' lang='grc' dir='ltr'>και</span> <span class='ocrx_word' id='word_1_326' title='bbox 1793 2763 1855 2798; x_wconf 85' lang='grc' dir='ltr'>ἀνὰ</span> 
     </span>
     <span class='ocr_line' id='line_1_34' title="bbox 270 2798 1855 2854; baseline 0.001 -12"><span class='ocrx_word' id='word_1_327' title='bbox 270 2809 378 2853; x_wconf 82' lang='grc' dir='ltr'>μέσον</span> <span class='ocrx_word' id='word_1_328' title='bbox 395 2815 575 2854; x_wconf 80' lang='lat' dir='ltr'>assumpta</span> <span class='ocrx_word' id='word_1_329' title='bbox 593 2821 633 2842; x_wconf 81' lang='lat' dir='ltr'>ex</span> <span class='ocrx_word' id='word_1_330' title='bbox 653 2809 680 2843; x_wconf 89' lang='grc'>(</span> <span class='ocrx_word' id='word_1_331' title='bbox 678 2809 759 2843; x_wconf 88' lang='lat' dir='ltr'><strong>or.d</strong></span> <span class='ocrx_word' id='word_1_332' title='bbox 777 2809 835 2843; x_wconf 88' lang='lat' dir='ltr'>Cr.</span> <span class='ocrx_word' id='word_1_333' title='bbox 1081 2798 1136 2844; x_wconf 88' lang='lat'>20.</span> <span class='ocrx_word' id='word_1_334' title='bbox 1163 2808 1370 2853; x_wconf 79' lang='grc' dir='ltr'>καταστήσει</span> <span class='ocrx_word' id='word_1_335' title='bbox 1389 2809 1495 2843; x_wconf 87' lang='lat' dir='ltr'><strong>Cord.</strong></span> <span class='ocrx_word' id='word_1_336' title='bbox 1514 2810 1558 2843; x_wconf 88' lang='lat' dir='ltr'>cf.</span> <span class='ocrx_word' id='word_1_337' title='bbox 1578 2809 1855 2854; x_wconf 82' lang='grc' dir='ltr'>ἀποκαταστήσει</span> 
     </span>
     <span class='ocr_line' id='line_1_35' title="bbox 272 2855 1854 2909; baseline 0.001 -20"><span class='ocrx_word' id='word_1_338' title='bbox 272 2856 386 2897; x_wconf 82' lang='lat' dir='ltr'><strong>(Alex.</strong></span> <span class='ocrx_word' id='word_1_339' title='bbox 409 2855 458 2900; x_wconf 90' lang='lat' dir='ltr'>X)</span> <span class='ocrx_word' id='word_1_340' title='bbox 475 2856 732 2899; x_wconf 80' lang='grc' dir='ltr'>καταστήσουσι</span> <span class='ocrx_word' id='word_1_341' title='bbox 750 2868 780 2890; x_wconf 85' lang='lat' dir='ltr'>a.</span> <span class='ocrx_word' id='word_1_342' title='bbox 801 2856 860 2890; x_wconf 87' lang='lat' dir='ltr'>Cr.</span> <span class='ocrx_word' id='word_1_343' title='bbox 1018 2867 1072 2890; x_wconf 92' lang='lat'>21.</span> <span class='ocrx_word' id='word_1_344' title='bbox 1098 2856 1163 2900; x_wconf 70' lang='grc' dir='ltr'>ἄρα</span> <span class='ocrx_word' id='word_1_345' title='bbox 1179 2855 1427 2902; x_wconf 86' lang='grc' dir='ltr'>γεγραμμενης]</span> <span class='ocrx_word' id='word_1_346' title='bbox 1448 2856 1743 2909; x_wconf 78' lang='grc' dir='ltr'>ἀναγεγραμμένης</span> <span class='ocrx_word' id='word_1_347' title='bbox 1761 2856 1854 2892; x_wconf 81' lang='lat' dir='ltr'><strong>Catt.</strong></span> 
     </span>
    </p>
   </div>
   <div class='ocr_carea' id='block_1_6' title="bbox 273 2902 1853 2995">
    <p class='ocr_par' dir='ltr' id='par_1_7' title="bbox 273 2902 1853 2995">
     <span class='ocr_line' id='line_1_36' title="bbox 273 2902 1853 2948; baseline 0.001 -12"><span class='ocrx_word' id='word_1_348' title='bbox 273 2912 327 2948; x_wconf 84' lang='lat'>25.</span> <span class='ocrx_word' id='word_1_349' title='bbox 355 2902 491 2946; x_wconf 81' lang='grc' dir='ltr'>ἐζήτουν</span> <span class='ocrx_word' id='word_1_350' title='bbox 508 2914 538 2937; x_wconf 84' lang='lat' dir='ltr'>a.</span> <span class='ocrx_word' id='word_1_351' title='bbox 564 2903 705 2947; x_wconf 78' lang='grc' dir='ltr'>ἐξῄτουν</span> <span class='ocrx_word' id='word_1_352' title='bbox 729 2903 834 2938; x_wconf 84' lang='lat' dir='ltr'><strong>habet</strong></span> <span class='ocrx_word' id='word_1_353' title='bbox 856 2902 964 2937; x_wconf 89' lang='lat' dir='ltr'><strong>Cord.</strong></span> <span class='ocrx_word' id='word_1_354' title='bbox 1035 2905 1136 2937; x_wconf 78' lang='grc' dir='ltr'>τοῦτο</span> <span class='ocrx_word' id='word_1_355' title='bbox 1159 2902 1242 2946; x_wconf 84' lang='grc' dir='ltr'>ὅλης</span> <span class='ocrx_word' id='word_1_356' title='bbox 1263 2914 1402 2937; x_wconf 85' lang='lat' dir='ltr'>mverso</span> <span class='ocrx_word' id='word_1_357' title='bbox 1426 2903 1548 2937; x_wconf 85' lang='lat' dir='ltr'>ordine</span> <span class='ocrx_word' id='word_1_358' title='bbox 1565 2915 1595 2937; x_wconf 84' lang='lat' dir='ltr'>a.</span> <span class='ocrx_word' id='word_1_359' title='bbox 1614 2903 1724 2938; x_wconf 89' lang='lat' dir='ltr'><strong>invito</strong></span> <span class='ocrx_word' id='word_1_360' title='bbox 1745 2903 1853 2938; x_wconf 86' lang='lat' dir='ltr'><strong>Cord.</strong></span> 
     </span>
     <span class='ocr_line' id='line_1_37' title="bbox 273 2948 1852 2995; baseline 0.001 -12"><span class='ocrx_word' id='word_1_361' title='bbox 273 2950 327 2983; x_wconf 87' lang='lat'>26.</span> <span class='ocrx_word' id='word_1_362' title='bbox 355 2948 542 2983; x_wconf 77' lang='grc' dir='ltr'>ἀπολύσειν</span> <span class='ocrx_word' id='word_1_363' title='bbox 560 2949 667 2984; x_wconf 78' lang='lat' dir='ltr'><strong>Cord.</strong></span> <span class='ocrx_word' id='word_1_364' title='bbox 804 2959 859 2995; x_wconf 88' lang='lat'>27.</span> <span class='ocrx_word' id='word_1_365' title='bbox 885 2948 1001 2995; x_wconf 84' lang='grc' dir='ltr'>τοῦτο]</span> <span class='ocrx_word' id='word_1_366' title='bbox 1021 2950 1114 2984; x_wconf 79' lang='grc' dir='ltr'>αὐτοι</span> <span class='ocrx_word' id='word_1_367' title='bbox 1131 2951 1230 2984; x_wconf 90' lang='grc' dir='ltr'>τοῦτο</span> <span class='ocrx_word' id='word_1_368' title='bbox 1248 2961 1276 2983; x_wconf 83' lang='lat' dir='ltr'>a.</span> <span class='ocrx_word' id='word_1_369' title='bbox 1430 2950 1484 2984; x_wconf 88' lang='lat'>28.</span> <span class='ocrx_word' id='word_1_370' title='bbox 1511 2948 1663 2995; x_wconf 77' lang='grc' dir='ltr'>αἰτοῦσι]</span> <span class='ocrx_word' id='word_1_371' title='bbox 1689 2955 1724 2992; x_wconf 68' lang='grc'>-1-</span> <span class='ocrx_word' id='word_1_372' title='bbox 1746 2951 1805 2985; x_wconf 85' lang='grc' dir='ltr'>τὸν</span> <span class='ocrx_word' id='word_1_373' title='bbox 1821 2962 1852 2985; x_wconf 81' lang='lat' dir='ltr'>a.</span> 
     </span>
    </p>
   </div>
  </div>
 </body>
</html>
