2012 3257
99 219 267 260 [rm]

303 147 386 188 312
448 148 497 188 B.
532 147 781 190 CYRILLI
817 149 1167 190 ALEXANDR.
1206 149 1579 190 FRAGMENTA
1638 161 1777 199 xv.42
1795 162 1881 202 sqq.

304 253 352 305 δὲ
378 254 454 305 διὰ
480 259 714 322 Χριστοῦ,
746 255 864 325 δόξα
894 280 942 307 τε
974 258 1049 307 καὶ
1082 257 1331 324 ἀφθαρσία
1370 260 1444 307 καὶ
1483 257 1674 320 δύναμις
1713 260 1790 307 καὶ
1828 254 1882 306 τὸ

146 357 283 387 ven-‚44
303 335 523 404 φρόνημα
560 336 613 388 τὸ
647 338 972 394 πνευματικόν·
1031 337 1165 389 ἔσται
1202 337 1296 403 γὰρ
1328 339 1458 401 ἡμῶν
1484 337 1538 388 τὸ
1573 338 1712 406 σῶμα.
1745 360 1876 390 πνευ-

83 754 131 785 Cf.
148 766 246 795 supra.

82 809 113 838 p.
130 809 143 828 2
153 808 163 828 1
172 799 200 829 8.

88 1734 120 1764 S.
134 1735 206 1765 Jac.
221 1734 264 1766 iii.

88 1787 99 1808 1
110 1786 138 1816 5.

90 2222 195 2261 Supra.
210 2222 242 2251 ii.

93 2274 141 2305 14,
159 2274 206 2303 15.

310 423 517 485 ματικόν.

378 500 445 550 Τί
478 499 531 550 τὸ
570 501 866 568 πνευματικὶν
893 500 960 564 εἴη
1001 499 1058 551 ἂν
1083 499 1119 550 ὦ
1152 501 1471 567 μυσταγωγές
1516 499 1606 567 ἆρα
1632 500 1725 566 γὰρ
1750 499 1884 549 ε”σται

304 580 437 648 σὰρξ
471 580 555 642 μὲν
587 582 749 644 οὐκέτι,
777 583 1081 647 συγκείσεται
1121 581 1168 631 δὲ
1209 584 1434 644 οὐδαμῶς,
1475 581 1685 647 καθάπερ
1723 580 1925 644 ἀμέλειό

304 664 379 712 καὶ
419 668 501 712 νῦν
529 662 584 731 ἐξ
617 663 775 713 ὀστῶν
800 686 849 714 τε
885 666 959 713 καὶ
996 663 1167 728 νεύρων
1195 664 1249 713 δι’
1277 662 1340 714 ὧν
1365 662 1425 713 ἂν
1449 664 1477 727 ἡ
1502 669 1584 714 τοῦ
1619 663 1724 714 καθ’
1764 662 1886 726 ἡμᾶς

305 743 527 806 σώματος
560 746 839 795 ἀποτελοῖτο
867 745 1027 813 φύσις·
1072 745 1206 796 ἔσται
1241 744 1289 795 δὲ
1323 750 1512 808 μᾶλλον
1541 744 1708 811 ἰσχνόν
1734 766 1784 794 τε
1810 744 1885 793 καὶ

306 826 502 890 ἀερῶδες
543 828 618 876 καὶ
657 831 811 879 σκιαῖς
847 827 989 892 ὀλίγα
1014 832 1329 893 παραχωροῦν
1358 832 1537 893 φησιν;
1582 828 1807 887 οὐδαμῶς·
1848 828 1884 874 εὶ

305 906 400 971 γὰρ
438 905 523 957 ῶδε
563 913 710 958 ταῦτα
751 908 870 975 ἔχειν
909 908 1086 959 οἴονταί
1121 931 1255 971 τινες,
1299 909 1381 958 οὐκ
1419 907 1531 958 αὐτό
1571 931 1663 958 που
1699 906 1885 958 πάντως

306 988 622 1048 ἀναβιώσεται
660 988 713 1039 τὸ
750 991 925 1041 πίπτον
960 994 1021 1042 εἷς
1058 993 1161 1054 γῆν,
1190 991 1298 1040 ἀλλ’
1333 988 1488 1054 ἕτερόν
1518 1011 1562 1039 τι
1593 990 1700 1054 παρ’
1730 989 1884 1050 ἐκεῖνο,

307 1070 382 1118 καὶ
417 1074 484 1138 τῷ
517 1070 690 1139 πρώτῳ
715 1069 993 1136 προσεοικὸς
1029 1070 1175 1120 οὐδέν·
1218 1071 1363 1138 φαίην
1389 1071 1431 1120 δ’
1461 1069 1517 1120 ἂν
1543 1067 1655 1119 εἶναι
1681 1091 1884 1137 πνευμα-

307 1148 437 1208 τικόν,
467 1153 520 1201 οὐ
558 1151 612 1201 τὸ
652 1153 699 1201 ἐν
731 1151 835 1202 ε’ίδει
874 1156 1025 1214 σκιᾶς,
1052 1152 1198 1217 ἤγουν
1237 1151 1494 1215 ἀσωμάτου
1531 1150 1806 1214 πνεύματος,
1832 1150 1886 1201 τὸ

307 1232 574 1299 ἀφεστηκὸς
614 1231 662 1283 δὲ
694 1238 883 1296 μᾶλλον
919 1234 995 1283 καὶ
1033 1233 1127 1296 μὴν
1163 1235 1237 1283 καὶ
1275 1232 1477 1283 εἶσάπαν
1516 1232 1887 1297 ἀπηλλαγμένον

306 1319 389 1363 τοῦ
433 1319 663 1379 σαρκικοῦ
708 1316 783 1364 καὶ
828 1315 1143 1380 γεωδεστέρου
1189 1313 1501 1382 φρονήματος.
1567 1320 1598 1364 εἰ
1648 1313 1741 1379 γάρ
1793 1315 1890 1365 ἐστί

307 1399 431 1460 φησι
457 1395 594 1462 σῶμα,
619 1391 837 1464 ψυχικὶν,
866 1396 956 1447 ἔστι
995 1402 1071 1447 καὶ
1100 1397 1408 1464 πνευματικόν.
1454 1395 1615 1462 ὥσπερ
1642 1394 1734 1461 γὰρ
1761 1395 1885 1460 ε’ίπερ

305 1474 460 1527 ἕλοιτό
487 1499 556 1529 τις
583 1476 636 1527 τὸ
664 1476 757 1528 ἀπὸ
784 1480 869 1543 γῆς
900 1478 1031 1541 ἡμῶν
1057 1481 1199 1541 σῶμα
1224 1475 1427 1547 ψυχικέν
1454 1480 1722 1535 ἀποκαλεῖν,
1749 1499 1880 1543 περι-

305 1559 402 1621 θείη
442 1557 500 1608 ιῖίν
525 1581 592 1612 τις
627 1557 811 1612 εἰκότως
838 1560 891 1609 οὐ
926 1557 980 1610 τὸ
1014 1562 1173 1627 ψυχῆς
1212 1557 1330 1612 εἶδος
1368 1560 1505 1628 αὐτῷ,
1532 1557 1800 1626 περιτρέψει
1837 1558 1885 1609 δὲ

303 1643 493 1702 μᾶλλον
519 1645 601 1690 τοῦ
636 1639 785 1705 λόγου
819 1639 904 1704 τὴν
931 1640 1125 1704 δύναμιν
1150 1643 1212 1693 εἷς
1247 1640 1301 1691 τὸ
1339 1640 1559 1706 φρόνημα
1595 1639 1648 1690 τὸ
1680 1639 1887 1708 ψυχικὸν

308 1720 455 1786 ἤγουν
501 1720 555 1771 τὸ
600 1721 842 1787 σαρκικὸν,
889 1720 1099 1788 καθάπερ
1144 1721 1305 1785 ἀμέλει
1348 1725 1423 1772 καὶ
1467 1722 1646 1791 σοφίαν
1694 1727 1887 1784 νοοῦμεν

309 1801 521 1870 ψυχικὴν
543 1804 618 1853 καὶ
641 1803 840 1869 ἐπίγειον
860 1803 945 1867 τὴν
962 1805 1069 1855 καθ’
1097 1805 1216 1868 ἡμᾶς
1242 1826 1291 1854 τε
1318 1805 1392 1854 καὶ
1420 1805 1728 1870 ἀνθρωπίνην·
1766 1805 1886 1854 οὕτω

309 1883 396 1935 κᾶν
434 1888 471 1934 εὶ
510 1883 695 1949 λέγοιτο
735 1885 873 1953 σῶμα,
908 1881 1125 1956 ψυχικὶν,
1167 1886 1250 1936 οὐκ
1291 1884 1348 1935 ἂν
1393 1883 1518 1947 οἶμαι
1563 1887 1629 1954 τῷ
1670 1886 1795 1954 αὐτῷ
1832 1884 1887 1935 τὸ

308 1968 470 2034 ψυχῆς
509 1964 627 2020 εἶδος
664 1969 924 2032 περιτιθεὶς,
951 1966 1036 2031 τὴν
1073 1968 1149 2018 ἐπὶ
1187 1971 1252 2035 τῷ
1289 1970 1627 2030 πεπλανῆσθαι
1666 1967 1887 2034 διαφύγοι

311 2049 513 2117 γραφὴν,
541 2052 637 2101 ἐπεὶ
676 2050 796 2101 κατὰ
833 2052 937 2101 τίνα
977 2050 1152 2116 τρόπον
1179 2051 1342 2118 ζῶντές
1377 2074 1425 2102 τε
1456 2051 1521 2101 ε”τι
1555 2051 1630 2101 καὶ
1661 2052 1708 2101 ἐν
1734 2052 1888 2104 αὐτοῖς·

311 2131 367 2195 δὴ
406 2132 585 2186 τούτοις
622 2137 718 2186 τοῖς
756 2132 849 2183 ἀπὸ
890 2135 979 2198 γῆς
1017 2133 1145 2187 ὄντες
1185 2133 1395 2196 σώμασι,
1433 2135 1627 2200 ψυχικοῖ
1668 2131 1892 2197 λέγονταί

312 2235 430 2267 τινες
457 2215 531 2264 καὶ
556 2215 862 2277 πνευματικοί
875 2236 886 2275 ;
924 2215 1184 2280 γέγραπται
1212 2214 1304 2281 γὰρ
1330 2213 1398 2265 ὅτι
1426 2221 1452 2243 “
1470 2213 1671 2284 ψυχικὸς
1699 2213 1882 2280 ἄνθρω-

313 2302 339 2323 “
364 2318 451 2349 πος
490 2297 543 2346 οὐ
582 2295 762 2363 δέχεται
801 2295 860 2347 τὰ
898 2301 980 2347 τοῦ
1006 2296 1280 2359 Πνεύματος
1318 2301 1400 2346 τοῦ
1427 2298 1564 2358 Θεοῦ,
1602 2296 1753 2362 μωρία
1794 2293 1887 2361 γὰρ

358 2406 483 2437 4—11.
510 2395 723 2440 ’τί-οὐδέν]
757 2396 853 2430 Haec
882 2403 1103 2431 accesserunt
1130 2409 1170 2430 ex
1200 2397 1248 2439 H,
1279 2396 1332 2430 his
1362 2396 1477 2430 verbis
1505 2396 1661 2430 scholion
1691 2395 1886 2440 incipiente,

311 2442 473 2485 κυρίλλου
490 2443 526 2476 ἐκ
544 2445 602 2476 τοῦ
621 2444 757 2487 ζτόμου
775 2445 832 2486 τῆς
848 2445 933 2487 πρὸς
950 2444 1135 2487 κορινθίους
1152 2443 1403 2487 praemittente.
1574 2455 1626 2485 14.
1650 2442 1801 2476 Textum
1821 2442 1886 2476 SS.

313 2487 522 2530 scripturae,
544 2500 561 2521 e
580 2500 649 2522 ver.
668 2502 713 2531 44
738 2501 875 2533 nempe,
901 2490 956 2523 hie
984 2491 1129 2523 collocat
1156 2489 1221 2523 Ed.
1295 2490 1323 2522 εἷ
1347 2489 1682 2533 γάρ-πνευματικόν
1707 2494 1887 2532 assumpta

311 2546 351 2567 ex
375 2534 421 2567 H.
625 2544 676 2578 17.
704 2549 753 2570 τις
770 2547 839 2568 om
862 2536 909 2569 H.
1112 2547 1165 2579 19.
1190 2537 1228 2569 τὸ
1246 2535 1421 2579 σαρκικὸν]
1440 2537 1497 2578 τῆς
1517 2536 1643 2578 σαρκὸς
1663 2534 1711 2569 Η.
1761 2534 1887 2567 Statim

312 2580 719 2624 καθάπερ-ἀνθρωπίνην
736 2593 804 2615 om.
827 2581 875 2616 H.
1060 2593 1114 2615 2ῐ.
1136 2582 1175 2615 ἂν
1192 2593 1261 2615 om.
1283 2582 1330 2615 H.
1403 2581 1473 2624 ἥτις
1490 2581 1568 2614 αὐτὸ
1588 2593 1649 2624 plo
1666 2583 1711 2626 τῷ
1729 2581 1816 2625 αὐτῷ
1838 2580 1886 2614 H.

314 2629 439 2671 22.τῷ
460 2626 507 2659 H.
525 2627 563 2660 τὸ
584 2627 650 2660 Ed.
840 2639 895 2672 23.
920 2627 1074 2672 γραφὴν]
1095 2628 1206 2672 pergit
1224 2628 1283 2660 οὐκ
1300 2627 1339 2660 ἂν
1356 2628 1505 2671 ψυχικὸν
1522 2642 1559 2660 το
1585 2628 1629 2662 ὡς
1646 2627 1680 2660 ἐν
1693 2616 1886 2671 φρονήματι

314 2675 461 2717 σαρκικῲ
488 2672 586 2706 νοοῖτ’
605 2688 644 2705 (ιν
666 2673 811 2712 εἰκότως,
831 2674 953 2717 ὁμοίως
978 2675 1013 2707 δέ
1040 2675 1092 2707 καὶ
1117 2675 1338 2717 πνευματικὸν
1355 2674 1446 2713 τέως,
1464 2672 1502 2706 τὸ
1520 2674 1564 2708 ὡς
1580 2689 1615 2707 εν
1632 2672 1820 2718 φρονήματι
1838 2675 1884 2720 τῷ

312 2721 520 2764 πνευματικῲ
545 2719 591 2752 ita
612 2718 772 2753 desinens
800 2719 835 2752 H
862 2721 962 2764 cujus
989 2720 1110 2753 scholii
1135 2726 1266 2763 partem
1292 2720 1415 2753 iterum
1442 2720 1564 2763 iepetit
1592 2721 1645 2764 (ut
1662 2719 1762 2762 alibi)
1788 2722 1885 2760 Σῶμα

311 2767 534 2809 πνευματικόν
551 2765 645 2799 ἐστιν
667 2766 704 2799 οὐ
722 2767 759 2799 τὸ
778 2767 918 2801 σκιῶδες
943 2781 994 2799 και
1018 2766 1173 2808 ἀερῶδες,
1191 2766 1281 2799 ἀλλὰ
1301 2768 1339 2799 τὸ
1364 2766 1402 2809 ἐξ
1427 2766 1556 2799 ὀστέων
1572 2781 1607 2800 τε
1630 2767 1682 2799 καὶ
1708 2765 1831 2810 νεύρων
1846 2781 1885 2799 το

313 2813 366 2845 καὶ
391 2812 623 2855 ἀνιστάμενον,
641 2811 730 2845 ἀλλὰ
755 2813 793 2846 τὸ
819 2812 962 2846 εἷσάπαν
978 2812 1238 2857 (ιπηλλιιγμένον
1260 2815 1319 2845 τοῦ
1341 2814 1503 2856 σιιρκικοῦ
1520 2813 1572 2846 καὶ
1588 2813 1735 2857 γεώδους
1757 2811 1884 2856 φρονή-

312 2873 415 2901 ματος
442 2857 502 2902 [cf.
521 2858 611 2891 infra
628 2870 661 2902 p.
680 2869 759 2902 313,
776 2858 811 2903 7]
840 2859 892 2892 καὶ
917 2873 982 2903 γιιρ
1009 2860 1061 2892 καὶ
1088 2861 1187 2892 τοῦτό
1214 2861 1326 2903 φαμεν
1351 2864 1448 2902 σῶμα
1469 2860 1629 2903 ψυχικὸν,
1648 2859 1686 2892 οὐ
1707 2873 1744 2892 το
1767 2859 1885 2902 ψυχῆς

312 2903 439 2939 εἰδο”ς
422 2920 518 2950 εχων,
545 2904 634 2937 αλλὰ
659 2906 697 2938 τὸ
715 2905 838 2949 ψυχικ
836 2920 863 2938 ιν
887 2907 958 2949 φρό
941 2920 1044 2948 οιημιι
1071 2907 1172 2948 ι’)’γοιν
1190 2920 1320 2949 σιιρκικι
1323 2908 1360 2938 ἲν·
1386 2905 1490 2939 οὕτως
1515 2920 1566 2939 κιιι
1594 2906 1721 2949 σοφιαν
1746 2907 1884 2948 νοοῦμεν

313 2952 462 2995 ψιχικιρ
479 2951 538 2995 τὴν
556 2950 632 2985 καθ
650 2951 733 2995 ἡμας
752 2952 809 2994 τὴν
826 2951 993 2996 (ἱιθρωπιι
997 2966 1043 2992 ην.
1067 2952 1113 2984 Η.

1907 1009 1954 1032 10

1907 1825 1956 1850 20

1908 2231 1955 2270 25
