1997 3262
113 197 278 238 [87M-]

94 332 187 364 Infra
205 334 247 364 iv.
267 343 295 374 5.

99 509 109 528 1
129 498 202 530 Cor.
222 500 253 530 ii.
271 509 297 531 2.

159 1485 216 1518 88
234 1484 295 1520 M.
318 1469 339 1487 ‘'

94 2382 145 2414 lb.
159 2384 186 2414 8.

319 135 403 175 328
551 137 600 177 B.
634 137 881 178 CYRILLI
918 127 1266 180 ALEXANDR.
1304 137 1676 183 FRAGMENTA
1765 143 1805 182 ii.
1835 155 1896 193 14.

316 251 450 296 παντὶ
477 247 615 316 τόπῳ,
642 246 763 297 καθά
788 251 941 315 φασιν
967 249 1109 309 αὐτοὶ,
1135 247 1308 316 διδάξει
1334 249 1480 299 πάλιν
1507 248 1643 302 αὐτὸς
1670 250 1694 299 ὁ
1722 247 1890 300 θεσπέ-

316 348 421 380 σιος
453 330 647 381 Παῦλος
681 329 823 378 ἐκεῖνο
862 328 1015 393 λέγων
1056 335 1082 357 ‘⁶
1102 330 1177 378 Οὐ
1215 328 1308 394 γὰρ
1349 329 1537 383 ἑαυτοὺς
1575 330 1891 396 κηρύσσομεν,

317 413 344 436 “
371 407 503 458 ἀλλὰ
533 408 749 474 Χριστὸν
778 410 969 473 Ἰησοῦν
1009 410 1182 474 κύριον,
1223 410 1411 464 ἑαυτοὺς
1451 411 1498 461 δὲ
1532 410 1728 464 δούλους
1767 412 1896 472 ὑμῶν

318 495 344 518 “
371 490 447 539 διὰ
491 491 654 552 Ἰησοῦ
705 491 961 556 Χριστου·”
1019 493 1095 540 καὶ
1144 490 1292 541 πάλιν
1337 493 1465 542 “Οὑ
1510 492 1602 558 γὰρ
1648 490 1803 556 ἔκρινά
1852 514 1896 542 τι

315 577 343 599 “
369 569 531 621 εἰδέναι
562 572 610 620 ἐν
637 572 756 634 ὑμῖν,
785 576 822 622 εἷ
853 571 916 635 μὴ
944 572 1162 637 Χριστὸν
1186 573 1390 636 Ἰησοῦν,
1417 575 1492 623 καὶ
1528 579 1694 624 τοῦτον
1724 574 1892 623 ἐσταυ-
1917 592 1938 628 5

317 660 343 681 ‘⁶
367 652 620 718 ρωμε’νον.”
676 651 774 703 εἶτα
814 654 917 704 τίνα
957 652 1134 718 τρόπον
1173 655 1198 704 ὁ
1237 656 1470 719 γεννηθεὶς
1509 656 1557 705 ἐκ
1596 653 1827 719 γυναικὸς,
1870 655 1894 704 ὁ

316 732 525 799 σταυρὸν
552 735 799 795 ὑπομείνας
827 736 902 785 καὶ
929 734 1132 785 θάνατον
1159 734 1345 798 ὑποδὺς,
1372 740 1409 786 εἱ
1437 738 1512 786 καὶ
1539 735 1708 796 ἀνεβίω
1734 734 1894 795 πάλιν,

317 815 429 884 &vm
469 815 541 875 τ’ἦς
579 817 779 881 γνώσεως
821 816 955 867 ἔσται
992 822 1075 866 τοῦ
1103 820 1227 867 Θεοῦ
1268 819 1343 867 καὶ
1376 817 1578 882 Πατρὸς,
1611 821 1648 867 εἰ
1687 816 1895 882 καθάπερ

316 898 494 947 οἴονταί
526 920 643 950 τινες
675 897 822 965 ψιλὸς
860 898 967 948 καθ’
1010 898 1149 960 ἡμᾶς,
1183 897 1329 963 η’γουν
1360 898 1607 965 θεοφόρος,
1651 898 1897 963 ἄνθρωπος

316 984 483 1029 νοεῖται
514 979 738 1045 Χριστὸς,
773 981 847 1030 καὶ
887 980 970 1030 οὐκ
1009 979 1121 1030 αὐτὸ
1160 979 1279 1030 κατὰ
1319 979 1468 1048 φύσιν
1508 980 1731 1046 ὑπάρχων
1758 976 1893 1035 Θεὸς,

315 1059 402 1111 κᾶν
441 1064 478 1111 εἰ
518 1066 668 1111 νοοῖτο
706 1060 969 1127 προλαβὼν
1011 1059 1065 1111 τὸ
1107 1061 1402 1127 ἀνθρώπινον
1444 1064 1740 1125 οἰκονομικῶς
1782 1062 1807 1111 ὁ
1846 1061 1895 1111 ἐκ

316 1146 440 1193 Θεοῦ
468 1142 625 1208 Λόγος
647 1164 658 1204 ;
704 1144 757 1193 οὑ
782 1142 875 1208 γὰρ
900 1142 947 1193 ἕν
973 1165 1026 1207 γε
1053 1147 1119 1212 τῷ
1145 1141 1257 1193 εἶναι
1286 1144 1392 1193 καθ’
1422 1142 1541 1205 ἡμᾶς
1568 1144 1643 1193 καὶ
1667 1142 1787 1207 πέρα
1813 1147 1896 1192 τοῦ

313 1224 458 1288 μηδὲν
495 1224 580 1288 τὴν
619 1231 702 1275 τοῦ
735 1228 860 1275 Θεοῦ
899 1226 973 1274 καὶ
1013 1223 1204 1290 Πατρὸς
1239 1224 1478 1275 εὐωδιάσει
1512 1225 1675 1292 φύσιν,
1709 1224 1805 1274 οὐδ’
1840 1221 1897 1274 ἂν

315 1306 443 1370 ὀσμὴ
483 1306 664 1371 γένοιτο
702 1312 785 1357 τοῦ
822 1305 887 1370 μὴ
919 1306 1092 1359 εἰδότος
1131 1307 1332 1357 θάνατον
1366 1307 1390 1355 ὁ
1430 1306 1631 1356 θάνατον
1670 1305 1892 1358 ἀνατλοὶς*

313 1392 414 1442 πῶς
449 1389 530 1438 οὖν
557 1387 669 1456 ὀσμὴ
701 1387 776 1448 τῆς
802 1388 1003 1454 γνώσεως
1028 1393 1110 1438 τοῦ
1140 1387 1330 1453 Πατρὸς
1356 1388 1381 1437 ὁ
1407 1386 1650 1453 Χριστός;
1694 1386 1722 1452 ἢ
1750 1390 1896 1450 δῆλον

315 1492 385 1520 οτι
424 1470 541 1520 καθὸ
581 1474 749 1520 νοεῖται
784 1470 859 1520 καὶ
896 1470 999 1520 ἔστι
1027 1470 1163 1531 Θεὸς,
1191 1467 1276 1519 κᾶν
1302 1473 1338 1519 εἰ
1364 1470 1572 1537 πέφηνεν
1597 1470 1645 1519 ἐν
1670 1473 1812 1534 σαρκὶ
1840 1470 1894 1519 δι’

317 1552 465 1615 ἡμᾶς;
521 1553 615 1602 ἐπεὶ
660 1551 764 1602 τίνα
809 1551 985 1616 τρόπον
1024 1554 1065 1601 οἱ
1110 1550 1510 1615 διακηρύσσοντες
1553 1550 1637 1601 τὸν
1680 1550 1897 1611 Χριστὸν

315 1632 703 1699 καταγγέλλουσι
741 1634 807 1702 τῷ
846 1632 1012 1701 κόσμῳ
1051 1630 1133 1683 τὸν
1173 1632 1316 1700 φύσει
1354 1655 1403 1683 τε
1442 1634 1517 1682 καὶ
1556 1634 1746 1696 ἀληθῶς
1784 1631 1897 1683 ὄντα

316 1714 469 1776 Θεόν;
510 1713 667 1779 ἢπῶς
705 1713 762 1764 ἂν
790 1716 944 1765 εἰδεῖεν
982 1714 1064 1764 τὸν
1101 1715 1323 1778 Ἰησοῦν,
1378 1714 1482 1764 τίνα
1521 1713 1568 1764 δὲ
1607 1712 1783 1780 τρόπον
1821 1716 1897 1765 καὶ

316 1796 438 1850 Θεὸς
464 1798 538 1847 καὶ
568 1795 736 1862 Πατὴρ
764 1797 812 1846 ἐν
838 1799 1038 1865 Χριστῷ
1062 1794 1144 1845 τὸν
1171 1794 1353 1857 κόσμον
1379 1796 1527 1862 ἑαυτῷ
1554 1796 1896 1847 καταλλάττειν

315 1877 501 1943 λέγεται
539 1877 668 1942 παρὰ
706 1882 799 1928 τῶν
825 1878 972 1942 ἁγίων
1003 1881 1350 1942 μυσταγωγῶν,
1381 1881 1417 1927 εἷ
1452 1874 1516 1939 μὴ
1542 1877 1896 1946 συνεισδέξαιτό

314 1981 384 2012 τις
421 1963 487 2027 τῷ
524 1961 573 2009 ἐκ
612 1963 737 2010 Θεοῦ
777 1959 916 2028 φύντι
955 1958 1098 2027 Λόγῳ
1139 1957 1257 2024 πρὸς
1289 1959 1458 2008 ἕνωσιν
1488 1957 1542 2008 τὸ
1578 1958 1892 2023 ἀνθρώπινον,

315 2040 607 2105 ἀπαιτούσης
645 2046 783 2091 τοῦτο
826 2043 909 2104 τῆς
954 2043 1112 2107 σοφῆς
1156 2040 1451 2103 οἱκονομίας;
1508 2038 1895 2105 καταγγέλλουσι

314 2121 408 2187 γὰρ
434 2126 476 2173 οἱ
509 2122 755 2173 θεσπέσιοι
790 2124 995 2186 μαθηταὶ
1022 2127 1280 2174 λαλοῦντες
1307 2122 1355 2171 ἐν
1379 2121 1620 2184 πνεύματι,
1647 2123 1732 2188 οὐχ
1759 2123 1819 2175 ὡς
1847 2123 1896 2172 ἐν

314 2203 547 2273 ἀνθρώπῳ
573 2203 921 2267 κατοικήσαντα
947 2202 1030 2254 τὸν
1053 2208 1135 2254 τοῦ
1162 2207 1286 2253 Θεοῦ
1314 2201 1485 2268 Λόγον,
1513 2202 1622 2253 ἀλλ’
1651 2205 1712 2256 ὡς
1737 2204 1894 2269 σοῖρκα

315 2283 556 2350 γεγονότα,
603 2285 847 2336 τουτέστιν
895 2284 1125 2335 ἑνωθέντα
1174 2285 1317 2349 σαρκὶ
1369 2283 1533 2351 ψυχὴν
1582 2284 1758 2351 ἐχούσῃ
1809 2283 1895 2347 τὴν

314 2365 526 2431 λογικήν·
580 2367 698 2416 οὕτω
733 2366 825 2431 γὰρ
853 2365 909 2416 ἂν
947 2366 1014 2429 εἰἠ
1054 2368 1127 2416 καὶ
1169 2368 1250 2429 τῆς
1290 2364 1430 2434 δόξης
1470 2365 1624 2430 κύριος
1663 2366 1687 2416 ὁ
1726 2367 1893 2417 ἐσταυ-

366 2505 418 2536 Ῑ4.
444 2494 586 2528 θάνατον
612 2493 724 2539 prius]
754 2495 867 2538 pergit
891 2494 910 2528 ὅ
934 2495 1028 2529 ἐστιν
1052 2496 1112 2528 τοῦ
1137 2495 1272 2538 Πατρὸς
1298 2495 1315 2527 ὁ
1338 2494 1514 2528 ἀποθανὼν
1531 2494 1679 2537 Χριστὸς
1700 2494 1729 2526 εἷ
1750 2493 1794 2537 μὴ
1812 2495 1894 2528 καθὸ

316 2540 392 2584 (16)
414 2540 460 2573 H.
687 2551 752 2585 17—
729 2541 810 2574 —26.
837 2540 1075 2585 ἐπεὶ-σαρκι]
1096 2540 1228 2574 ἑνωθεις
1246 2554 1346 2583 σαρκι
1367 2540 1415 2574 H.
1652 2549 1706 2598 27.
1733 2541 1889 2586 λογικὴν]

315 2587 426 2630 pergit
452 2586 672 2631 (abbrevians
699 2587 844 2620 fortasse
870 2599 910 2620 ex
937 2587 1002 2620 alia
1022 2587 1352 2620 commentariorum
1376 2586 1488 2630 parte)
1507 2586 1545 2619 οὐ
1562 2586 1625 2629 μὴν
1650 2585 1701 2620 ὅτι
1727 2586 1894 2632 θεοφόρος

316 2633 376 2677 (cf.
395 2644 501 2677 supra
518 2633 591 2676 9)’
575 2648 670 2666 εστιν
686 2633 892 2676 ἅνθρωπος(
877 2648 894 2666 0
913 2635 1069 2677 Χριστός·
1098 2633 1129 2665 οἷ
1153 2633 1218 2677 γὰρ
1242 2633 1463 2677 ετερόφρονες
1487 2634 1588 2665 τοῦτό
1612 2634 1702 2676 φασι
1729 2634 1781 2666 καὶ
1809 2634 1892 2667 διαι-

313 2701 435 2742 ροῦσιν
460 2699 506 2733 εἷς
535 2697 594 2731 δυο
620 2713 679 2731 τ)ν
704 2698 760 2732 ἕνα
787 2698 910 2740 Κύριον
926 2697 1060 2742 Ἰησοῦν
1084 2698 1234 2741 Χριστὸν
1259 2697 1295 2731 ὅς
1320 2697 1413 2731 ε’στιν
1438 2680 1502 2741 (ιλη
1529 2699 1613 2733 Osos·
1642 2712 1694 2731 και
1725 2698 1787 2739 ζωὴ
1815 2699 1892 2732 αἰώ-

315 2760 395 2781 νιος.
427 2745 462 2779 ἐν
486 2742 513 2791 ᾡ
538 2745 573 2778 δέ
599 2747 617 2777 ὁ
635 2746 783 2788 Χριστὸς
808 2744 897 2788 ὀσμή
924 2745 997 2778 ἐστι
1022 2747 1081 2778 τοῦ
1107 2745 1252 2787 Πατρός,
1272 2744 1354 2786 δῆλο
1337 2759 1373 2776 ον
1391 2744 1439 2777 ὅτι
1460 2746 1478 2776 ὁ
1495 2745 1593 2779 αυτός
1618 2759 1692 2778 εστι
1718 2747 1764 2790 τῷ
1782 2746 1892 2789 Πατρὶ

314 2793 397 2825 κατὰ
413 2780 552 2836 φύσκι’
538 2791 695 2825 (ι’κτιστος
713 2805 764 2824 και
784 2791 953 2836 ἀγενητος·
985 2793 1002 2824 ὁ
1019 2792 1084 2835 γὰρ
1102 2804 1237 2824 κτιστυς
1251 2790 1289 2822 οὐ
1308 2789 1346 2823 δι’
1342 2805 1442 2823 νιιτιιι
1460 2791 1549 2848 ὀσμὴ
1565 2789 1645 2824 εἰναι
1659 2793 1718 2824 τοῦ
1731 2792 1893 2825 (ικτίστου

314 2840 389 2871 οὔτε
414 2839 453 2871 τὸ
479 2837 627 2871 ἐναντίον
645 2839 662 2870 ὁ
680 2838 838 2872 ι’ίκτιστος
861 2840 920 2870 τοῦ
946 2838 1096 2871 κτίστου.
1125 2836 1196 2869 ἐπεὶ
1221 2837 1318 2869 ἕσται
1343 2836 1433 2879 ὀσμὴ
1460 2838 1601 2871 κτίσεως
1618 2839 1635 2870 ὁ
1654 2837 1783 2880 Πατὴρ,
1804 2838 1855 2870 καὶ
1874 2839 1892 2870 ὁ

313 2885 408 2919 εἰδὼς
434 2885 491 2918 τὸν
513 2885 591 2917 Υἱὺν
616 2883 653 2917 ὃν
677 2883 820 2928 λεγουσί
845 2898 930 2918 τινες
956 2883 1090 2927 κτίσμα,
1109 2881 1178 2916 οἶδε
1203 2883 1335 2917 πάντως
1360 2897 1412 2915 κιιι
1437 2884 1469 2916 τί
1494 2898 1575 2917 κατα
1600 2885 1741 2927 φύ’σιν
1725 2899 1742 2916 ο
1761 2883 1889 2927 Πατήρ·

313 2930 403 2964 (ιλλιι
421 2931 535 2974 εὔηθες
552 2945 663 2969 τουτο,
681 2931 719 2964 οὐ
736 2945 801 2975 γαρ
820 2930 854 2963 ἐν
871 2932 916 2975 τῷ
936 2932 1032 2973 (329,
1050 2931 1085 2972 8)
1108 2929 1153 2962 Π.

1920 1003 1966 1027 10

1917 1823 1965 1847 20
