2012 3272
82 131 150 158 xx.
172 131 234 174 19,
255 131 320 161 20.
383 117 452 158 IN
494 117 537 157 S.
561 112 904 156 JOANNEM.
957 112 1083 153 LIB.
1108 112 1213 152 XII.
1267 112 1400 153 CAP.
1425 112 1460 154 Ι.
1594 113 1675 153 127

84 226 247 294 φύσιν,
288 228 363 276 καὶ
404 226 492 293 οὐχ
530 224 684 290 ἕτερος
724 223 833 289 παρ’
874 223 1046 273 ἐκεῖνον
1084 221 1167 272 τὸν
1205 223 1363 275 αὐτοῖς
1410 223 1485 272 καὶ
1526 219 1679 272 πάλαι

84 307 493 371 συνδιαιτώμενον·
563 305 639 357 διὰ
682 304 729 356 δὲ
772 310 856 355 τοῦ
898 306 973 355 καὶ
1016 304 1161 368 αὐτὴν
1205 305 1552 368 ἀπογυμνῶσαι
1594 307 1677 352 τοῦ

85 388 309 454 σώματος
340 388 426 454 τὴν
452 387 665 454 πλευρὰν
693 388 769 437 καὶ
805 385 911 440 τοὺς
946 387 1120 439 τύπους
1152 386 1377 455 ἐπιδεῖξαι
1407 389 1501 437 τῶν
1527 385 1674 450 ἥλων,

85 470 513 540 πεπληροφόρηκεν
551 472 773 538 ἐμφανῶς
814 468 885 519 ὅτι
929 468 1012 519 τὸν
1051 469 1117 519 ἐπ’
1160 469 1302 519 αὐτοῦ
1342 473 1425 519 τοῦ
1466 473 1678 534 σταυροῦ

44 561 66 600 5
86 554 463 619 κεκρεμασμένον
487 551 642 618 ἤγειρε
674 550 800 613 ναὸν,
827 552 903 601 καὶ
938 549 1052 616 ὅπερ
1086 548 1319 617 πεφόρεκε
1353 554 1510 614 σῶμα,
1538 555 1677 600 τοῦτο

84 635 232 687 πάλιν
271 635 519 699 ἀνέστησε,
555 632 860 700 καταργήσας
900 631 1119 695 δηλονότι
1158 631 1240 683 τὸν
1278 636 1336 701 τῇ
1377 634 1520 699 σαρκὶ
1558 632 1673 698 πρέ-

85 741 237 769 ποντα
282 717 500 780 θάνατον,
542 716 728 782 ἐπείπερ
773 716 876 766 ἐστὶ
919 714 1038 765 κατὰ
1084 714 1234 783 φύσιν
1276 714 1367 780 ζωὴ
1413 717 1489 766 καὶ
1534 712 1673 768 Θεός.
1696 737 1718 764 e

86 801 183 850 ἐπεὶ
209 800 277 853 τίς
305 800 333 864 ἡ
359 801 493 868 χρειά
518 802 600 863 τῆς
628 802 722 849 τῶν
748 801 918 866 χειρῶν
945 797 1020 847 καὶ
1046 799 1128 860 τῆς
1154 801 1363 863 πλευρᾶς
1393 796 1675 865 ἐπιδείξεως,

87 881 213 948 ε’ίπερ
252 881 375 936 ὅλως
413 881 531 933 κατὰ
569 880 654 945 τήν
691 903 831 931 τινων
869 879 1148 945 ἀβελτερίαν
1188 879 1241 929 οὐ
1282 877 1399 943 μετὰ
1438 881 1521 943 τῆς
1562 878 1680 932 ἰδίας

22 983 69 1008 10
87 962 333 1030 ἐγήγερται
373 963 583 1029 σαρκός;
636 967 674 1014 εἰ
718 961 812 1029 γὰρ
856 961 1012 1028 ἕτερόν
1058 984 1102 1012 τι
1146 962 1254 1027 περὶ
1299 962 1442 1012 αὐτοῦ
1489 965 1681 1029 φρονεῖν

88 1046 296 1110 ἠθέλησε
334 1045 442 1100 τοὺς
479 1044 708 1111 μαθητὰς,
733 1046 783 1095 τί
816 1043 881 1109 μὴ
920 1048 1113 1109 μᾶλλον
1138 1044 1294 1098 αὐτοῖς
1328 1045 1376 1094 ἐν
1407 1044 1549 1113 ἑτέρῳ
1584 1046 1676 1094 διε-

90 1130 282 1196 φαίνετο
320 1128 547 1196 σχήματι,
580 1131 657 1179 καὶ
694 1126 748 1179 τὸ
784 1129 866 1191 τῆς
906 1125 1085 1193 σαρκὸς
1124 1126 1362 1189 ἀτιμάσας
1400 1124 1530 1188 εἶδος,
1562 1125 1683 1192 πρὸς

89 1212 290 1277 ἑτεροίας
334 1210 503 1265 αὐτοὺς
547 1211 722 1265 ε’ννοίας
767 1209 919 1261 ἐκάλει
939 1230 952 1271 3
1011 1210 1108 1259 νυνὶ
1153 1208 1202 1259 δὲ
1244 1213 1478 1260 τοσοῦτον
1517 1209 1682 1275 ὁρᾶται

89 1294 410 1361 πεφροντικὼς
442 1300 526 1345 τοῦ
558 1296 728 1362 χρῆναι
761 1292 1002 1344 πιστεύειν
1029 1291 1226 1342 ε”σεσθαι
1263 1294 1346 1355 τῆς
1383 1290 1562 1357 σαρκὸς
1595 1291 1683 1355 τὴν

25 1393 71 1433 15
91 1374 372 1440 ἀνάστασιν,
411 1374 536 1427 ὥστε
574 1377 650 1427 καὶ
689 1381 851 1442 καιροῦ
890 1379 1150 1428 καλοῦντος
1190 1373 1281 1439 ἤδη
1320 1371 1683 1440 μετασκευάζειν

91 1460 152 1512 εἷς
188 1458 334 1528 δόξαν
365 1457 568 1527 ὁίῤῥητόν
594 1481 698 1510 τινα
733 1459 809 1509 καὶ
849 1458 1066 1526 ὑπερφυᾶ
1099 1455 1153 1507 τὸ
1186 1456 1300 1507 ἰ’διον
1327 1460 1483 1519 σῶμα,
1513 1456 1680 1525 φαίνε-

91 1544 208 1592 σθαι
257 1540 405 1593 πάλιν
456 1540 571 1608 ὅπερ
621 1540 680 1605 ἧν
723 1540 1088 1607 συγκεχώρηκεν
1133 1542 1447 1602 οἰκονομικῶς,
1493 1538 1568 1588 ἵνα
1616 1536 1911 1602 μὴ31092Α.

95 1623 249 1690 ἕτερον
287 1623 409 1692 ε”χων
446 1624 555 1690 παρ’
597 1625 740 1674 ἐκεῖνο
782 1621 1021 1688 νομίζηται
1067 1623 1115 1672 ἐν
1154 1618 1190 1691 ᾧ
1232 1623 1308 1671 καὶ
1351 1620 1557 1672 πέπονθε
1602 1619 1685 1672 τὸν

93 1706 167 1757 ἐπὶ
205 1709 272 1775 τῷ
309 1710 504 1775 σταυρῷ
544 1704 763 1757 θάνατον.
823 1705 894 1756 ὅτι
933 1703 1026 1771 γὰρ
1064 1705 1147 1755 οὐκ
1185 1702 1244 1754 ἂν
1278 1703 1460 1769 ἐγένετο
1500 1701 1686 1772 φορητὴ

25 1806 75 1830 20
93 1791 189 1841 τοῖς
226 1787 464 1854 ἡμετέροις
502 1787 714 1852 ὄμμασιν
752 1788 780 1852 ἡ
819 1792 901 1838 τοῦ
945 1786 1081 1852 ἁγίου
1122 1785 1346 1850 σώματος
1388 1784 1520 1854 δόξα,
1561 1785 1688 1852 ε’ίπερ

95 1868 240 1934 αὐτὴν
265 1870 506 1939 ἐξαπλοῦν
534 1869 783 1935 ἠβουλήθη
810 1869 1025 1936 Χριστὸς
1060 1870 1136 1920 καὶ
1173 1870 1286 1936 πρὶν
1312 1870 1544 1932 ἀναβῆναι
1569 1867 1689 1934 πρὸς

95 1949 177 2002 τὸν
205 1952 411 2018 Πατέρα,
438 1951 663 2016 συνήσεις
702 1951 922 2014 εὐκόλως,
948 1951 1032 2002 τὸν
1063 1952 1111 2002 ἐν
1142 1954 1209 2020 τῷ
1243 1949 1338 2017 ὅρει
1375 1948 1491 2002 ποτὲ
1529 1972 1684 2016 παρα-

96 2034 337 2103 δειχθέντα
374 2040 470 2089 τοῖς
509 2034 660 2100 ἁγίοις
694 2037 925 2098 μαθηταῖς
959 2032 1425 2101 μετασχηματισμὸν
1458 2032 1689 2096 ἐνθυμού-

96 2139 249 2180 μενος.
301 2117 476 2186 γράφει
510 2116 604 2183 γὰρ
643 2117 668 2167 ὁ
705 2114 932 2182 μακάριος
966 2119 1215 2169 Ματθαΐος
1248 2116 1273 2165 ὃ
1302 2114 1687 2182 Εὐαγγελιστὴς,

30 2208 79 2247 25
98 2200 169 2249 ὅτι
206 2198 507 2265 παραλαβών
544 2221 660 2249 ποτε
685 2205 713 2228 “
735 2197 920 2264 Πέτρον
959 2200 1034 2248 καὶ
1066 2195 1296 2257 Ἰάκωβον
1335 2200 1411 2248 καὶ
1447 2196 1688 2262 Ἰωάννην,

98 2287 126 2310 “
152 2281 296 2345 ἀνέβη
341 2284 403 2334 εἷς
445 2280 499 2331 τὸ
541 2279 663 2347 ὅρος,
703 2281 778 2331 καὶ
819 2279 1161 2348 μετεμορφώθη
1200 2278 1473 2345 ἔμπροσθεν
1512 2279 1687 2342 αὐτῶν,

100 2370 127 2393 “
153 2364 228 2414 καὶ
278 2360 472 2432 ἔλαμψε
523 2362 577 2413 τὸ
628 2361 890 2428 πρόσωπον
942 2361 1086 2412 αὑτοῦ
1134 2363 1196 2415 ὡς
1247 2360 1486 2428 ἀστραπὴ,
1531 2359 1591 2412 τὰ
1643 2359 1737 2414 &gb

101 2452 128 2474 “
155 2444 314 2507 ἱμάτια
352 2446 494 2495 αὐτοῦ
533 2444 715 2510 ἐγένετο
755 2442 899 2495 λευκὰ
939 2444 1053 2494 ὡσεὶ
1091 2442 1247 2511 χιὼν,”
1289 2447 1331 2494 οὶ
1370 2442 1419 2494 δὲ
1457 2441 1543 2507 τὴν
1582 2443 1694 2494 θεάν

102 2528 184 2578 οὐκ
211 2525 474 2593 ἐνεγκόντες
498 2526 820 2578 πεπτώκασιν.
863 2525 1258 2589 οἶκονομικώτατα
1282 2526 1438 2576 τοίνυν
1465 2526 1489 2576 ὃ
1520 2524 1696 2593 Κύριος

36 2630 86 2666 3ο
103 2610 234 2673 ἡμῶν
258 2609 446 2673 Ἰησοῦς
473 2609 498 2659 ὁ
524 2608 750 2675 Χριστὸς,
778 2609 908 2660 οὔπω
944 2607 1062 2675 πρὸς
1097 2607 1244 2676 δόξαν
1271 2607 1357 2672 τὴν
1382 2608 1509 2677 αὐτῷ
1539 2630 1690 2675 χρεω-

104 2692 367 2756 στουμένην
393 2694 468 2742 καὶ
498 2691 777 2758 πρέπουσαν
803 2689 886 2742 τὸν
912 2694 1077 2742 οἰκεῖον
1100 2690 1536 2758 μεταστοιχειώσας
1563 2687 1690 2751 ναὸν,

157 2852 209 2886 13.
235 2842 401 2875 τοσοῦτον
419 2840 502 2874 E.F.
522 2839 588 2874 Ed.
607 2852 678 2885 mg.
698 2838 874 2874 τοσούτων
892 2839 959 2874 Ed.
1131 2850 1240 2884 19-24
1261 2839 1343 2874 citat
1361 2838 1517 2873 collectio
1536 2836 1694 2871 testimo-

106 2887 245 2921 niorum
265 2887 404 2932 Syriaca
420 2887 457 2920 in
476 2886 565 2921 Cod.
584 2886 680 2921 Mus.
701 2886 788 2921 Brit.
808 2886 918 2932 (Add.
941 2887 1068 2931 14532)
1086 2886 1146 2920 fol.
1166 2887 1223 2928 84.
1421 2896 1472 2928 19.
1499 2883 1632 2929 φορητὰ
1652 2882 1695 2918 Ε.

110 2933 164 2967 28.
192 2933 284 2968 θείαν
304 2933 383 2978 (sic)
404 2934 445 2968 E.

1752 2207 1913 2239 S.Matth.

1753 2251 1832 2282 xvii.
1847 2259 1873 2287 1,
1888 2260 1916 2282 2.
