1986 3282
84 168 284 212 xviii.22.
338 169 406 210 IN
449 170 491 210 S.
526 169 866 212 JOANNEM.
930 170 1056 212 LIB.
1089 171 1168 212 XI.
1231 171 1494 213 CARXII.
1616 172 1670 212 37

83 285 177 334 τοῖς
198 282 577 348 ἐπενηνεγμένοις
597 282 862 348 ἀπολογίαν
882 280 1175 345 ποιούμενον.
1207 282 1319 333 ἀλλ’
1339 283 1436 333 οὐδ’
1456 281 1514 333 ἂν
1531 281 1673 332 αὐτὸν

84 363 172 414 ἴδοι
208 387 276 418 τις
309 368 403 415 τῶν
431 364 670 416 Ἰουδαίων
695 364 778 415 τὸν
803 363 1144 431 προεδρεύοντα
1169 365 1322 416 παίειν
1354 365 1480 434 αὐτῷ
1515 367 1667 415 διατε-

83 445 276 513 ταχότα,
303 449 379 497 καὶ
416 450 513 501 τοῖς
551 447 671 498 οὕτω
709 447 1004 513 παραλόγοις
1042 448 1273 512 ἐπιπηδᾶν
1309 445 1667 511 δυσσεβήμασι.
1691 454 1717 495 b

84 530 159 579 καὶ
184 534 542 595 προβαλοῦνται
568 529 652 593 μὲν
678 528 794 583 ’ίσως
820 528 940 584 τινὲς
965 528 1052 593 τὴν
1075 535 1171 583 τοῖς
1204 529 1453 596 ὑπηρέταις
1482 530 1671 594 ἐντριβῆ

42 624 64 662 5
85 613 159 662 καὶ
189 612 516 676 μελετωμένην
541 611 806 676 συνήθειαν,
834 611 877 663 οἳ
910 617 1006 666 τοῖς
1038 612 1313 677 ἡγουμένοις
1347 610 1674 678 προσάγοντες

83 692 192 748 τοὺς
235 694 315 746 ε’πί
353 716 453 745 τισι
500 698 595 745 τῶν
635 694 728 763 ἔξω
773 693 918 758 νόμου
963 695 1331 762 κατειρημένους,
1376 698 1543 745 λαλεῖν
1588 691 1674 756 μὲν

82 776 422 843 ἐπιεικέστερον
462 778 538 827 καὶ
583 777 671 844 οὐχ
716 775 908 830 ἑκόντας
953 777 1285 843 ἀναγκάζουσι,
1324 776 1671 845 παραφθεγξα-

82 857 247 922 μένους
285 858 340 910 δέ
371 882 415 911 τι
456 863 550 910 τῶν
589 858 925 927 ἀπηχεστέρων
964 859 1069 910 ἔσθ’
1112 858 1187 910 ὅτε
1231 861 1307 910 καὶ
1350 859 1671 926 ἀτιμάζουσιν.

83 941 195 991 ἀλλ’
237 941 290 992 οὐ
328 941 504 1005 ταύτην
542 939 670 1005 οἶμαι
708 940 794 1006 τὴν
832 934 984 992 αἰτίαν
1022 945 1105 1006 τῆς
1148 943 1223 993 ἐπὶ
1262 945 1464 1011 Χριστῷ
1508 942 1676 1005 μανίας

18 1047 64 1072 10
83 1026 327 1088 συμβῆναι
364 1024 485 1087 τότε,
509 1023 759 1093 πρόφασιν
793 1023 841 1075 δὲ
879 1030 962 1076 τοῦ
1000 1024 1307 1090 τολμήματος
1345 1023 1506 1090 ἑτέραν
1538 1023 1673 1090 εὑρή-

83 1128 246 1170 σομεν,
280 1111 377 1161 τοῖς
413 1106 503 1171 ἤδη
539 1105 887 1173 προειρημένοις
924 1105 1008 1158 τὸν
1047 1112 1157 1158 νοῦν
1194 1107 1523 1173 ἐνερείσαντες.
1576 1104 1669 1156 ε’λέ-
1693 1132 1715 1159 c

83 1211 230 1254 γομεν
255 1188 349 1256 γὰρ
376 1189 560 1255 ἀρτίως,
587 1188 658 1240 ὅτι
692 1194 788 1243 τοῖς
825 1187 1097 1255 ἡγουμένοις
1131 1189 1546 1256 προσκεκρούκασι
1580 1192 1675 1239 τῶν

84 1272 440 1339 ὑπηρετούντων
483 1271 615 1335 τινὲς,
661 1271 704 1323 οἳ
752 1271 1161 1340 προσετάχθησαν
1205 1270 1292 1336 μὲν
1332 1270 1675 1332 συλλαβέσθαι

82 1354 165 1406 τὸν
219 1356 425 1418 Ἰησοῦν,
481 1355 714 1418 ἐπανῆκον
769 1353 819 1405 δὲ
875 1356 996 1405 οὕτω
1054 1352 1544 1420 μεμυσταγωγημένοι
1598 1354 1673 1403 καὶ

1147 1441 1167 1451 Α

337 1437 347 1451 s
507 1437 517 1452 ‚
556 1436 569 1451 x
672 1438 683 1452 .
848 1436 917 1452 ‚02
1073 1440 1082 1454 ‚
1340 1437 1350 1451 ‚
1397 1435 1410 1452 Ι
1576 1436 1586 1451 ,
1638 1434 1651 1449 2
1748 1442 1753 1452 ,
1812 1453 1819 1459 ,

16 1456 63 1494 15
83 1441 425 1501 τεθαυμακοτες
463 1459 618 1500 αυτον,
655 1460 717 1491 ως
755 1439 1008 1504 διαρρηδην
1047 1460 1189 1488 ειπειν
1229 1443 1257 1466 “
1278 1439 1520 1487 Ουδεποτε
1563 1442 1673 1486 ελα-
1733 1441 1857 1525 {59¹4}

83 1525 111 1547 ‘⁶
137 1525 291 1583 λησεν
316 1520 463 1572 οὕτως
489 1518 783 1585 ἄνθρωπος.”
825 1518 897 1586 ἐφ’
926 1516 963 1588 ᾧ
1001 1521 1076 1569 καὶ
1109 1517 1304 1588 σφόδρα
1335 1518 1673 1582 λελυττηκότες

81 1601 296 1669 ἔφασκον
324 1604 366 1652 οἱ
393 1604 647 1667 Φαρισαῖοι
674 1608 700 1631 “
723 1600 810 1665 Μὴ
845 1602 921 1651 καὶ
957 1603 1082 1665 ὑμεῖς
1116 1600 1463 1665 πεπλάνησθε;
1504 1600 1568 1666 μή
1604 1624 1673 1655 τις
1735 1606 1868 1646 1¹24?-

84 1690 110 1712 ‘⁶
137 1685 186 1734 ἐκ
223 1688 319 1734 τῶν
358 1684 636 1750 Φαρισαίων
675 1681 704 1747 ἢ
748 1685 798 1734 ἐκ
842 1688 937 1734 τῶν
976 1683 1249 1750 ἡγουμένων
1290 1683 1571 1735 ἐπίστευσεν
1612 1688 1674 1737 εἷς
1735 1660 1788 1691 49·

83 1773 109 1796 “
136 1765 307 1829 αὐτους
369 1766 479 1816 ἀλλ’
526 1766 551 1816 ὁ
601 1764 747 1833 ὄχλος
798 1765 933 1820 οὗτος
982 1769 1024 1817 οὶ
1072 1765 1138 1830 μὴ
1184 1764 1354 1819 εἰδότες
1399 1764 1483 1816 τὸν
1529 1764 1676 1830 νόμον

15 1874 64 1900 20
82 1855 110 1878 ‘⁶
134 1847 362 1916 ἐπάρατοί
384 1846 545 1900 εἷσιν.”
589 1847 744 1913 ἐπειδὴ
770 1848 927 1899 τοίνυν
953 1853 1037 1899 τοῦ
1064 1850 1285 1914 Σωτῆρος
1322 1850 1347 1899 ὁ
1382 1845 1527 1913 λόγος
1557 1847 1676 1915 πρὸς

82 1929 349 1996 ἀνάμνησιν
380 1929 534 1981 ἐκάλει
569 1929 677 1984 τοὺς
710 1929 994 1996 ἡγουμένους
1032 1933 1115 1994 τῆς
1150 1929 1270 1981 κατὰ
1304 1935 1400 1981 τῶν
1433 1931 1721 1996 ὑπηρετῶνᾶ

82 2011 379 2077 κεκινημένης
428 2011 535 2064 τότε
585 2013 897 2078 βαρυθυμίας·
949 2011 1191 2080 μάρτυρας
1235 2011 1329 2078 γὰρ
1374 2012 1541 2066 αὐτοὺς
1592 2016 1674 2077 τῆς

1654 2093 1671 2112 A

1180 2098 1252 2146 Ιδε
1291 2094 1416 2146 οῦτοι
1452 2095 1619 2146 ’ίσασιν
1645 2119 1676 2146 α
1736 2098 1851 2172 ῗὲΓΡΓέΙ

82 2096 248 2147 ἑαυτοῦ
274 2096 586 2150 διδασκαλίας
617 2093 896 2162 παρεκόμιζε
931 2094 1086 2161 λέγων
1110 2102 1137 2124 “
1154 2093 1175 2112 ''

84 2184 110 2208 ‘⁶
137 2176 268 2230 εἷπον
308 2177 442 2245 ἐγώ·”
502 2176 882 2244 ἀποκρουόμενος
932 2180 1015 2242 τῆς
1066 2181 1128 2231 εἰς
1180 2177 1323 2228 αὐτὸν
1369 2179 1545 2232 εὐνοίας
1590 2178 1676 2243 τὴν

15 2281 64 2320 25
84 2261 315 2329 ὑποψίαν,
356 2261 433 2310 καὶ
479 2264 574 2310 τῶν
613 2260 886 2324 ἡγουμένων
923 2257 1006 2310 τὸν
1052 2265 1162 2310 νοῦν
1200 2260 1272 2328 ἐφ’
1312 2259 1468 2326 ἑτέρας
1514 2258 1677 2327 ὥσπερ

83 2342 400 2410 παρατρέπων
449 2342 625 2395 ἐννοίας
681 2343 707 2392 ὁ
762 2343 837 2392 ἐπὶ
884 2344 951 2410 τῷ
1002 2341 1243 2404 θαυμάσαι
1294 2342 1514 2408 Χριστὸν
1563 2343 1674 2409 παρ’

83 2427 269 2479 ἐκείνοις
306 2424 663 2488 ἐγκαλούμενος,
702 2423 985 2490 ἐπιστομίζει
1024 2426 1300 2494 fian-iwan,
1335 2423 1394 2475 τὰ
1434 2429 1676 2476 λυποῦντα

85 2507 239 2574 λέγειν
265 2508 348 2558 οὐκ
373 2508 515 2575 ἐφιεὶς
541 2511 636 2558 τῶν
663 2508 904 2574 ὑπηρετεῖν
929 2506 1225 2572 τεταγμένων
1251 2506 1306 2558 τὸ
1341 2507 1675 2575 φιλοκίνδυνον
1693 2531 1715 2557 e

83 2594 272 2660 στῖφος.

182 2743 236 2780 17.
261 2733 434 2781 ἔφασκον]
454 2735 555 2770 αὐτὸν
572 2735 729 2781 ἔφασκον
748 2734 790 2769 Ε,
1000 2744 1056 2780 25.
1082 2735 1238 2780 ὑποψίαν
1257 2735 1297 2770 Ε.
1316 2735 1495 2780 ὑπόληψιν
1512 2735 1579 2772 Ed.
