2012 3272
96 144 136 185 ii.
158 154 193 197 7,
214 146 251 185 8.
411 145 479 185 IN
520 143 860 185 EPISTOLAM
903 143 984 183 AD
1029 142 1360 183 ΙἸΕΒΗΑΕΟΞ.
1594 143 1678 184 383

1700 209 1713 250 [
1735 218 1794 240 110
1811 210 1859 240 M.
1881 211 1891 250 ]

93 255 177 316 τῆς
201 253 273 321 ἐφ’
301 253 411 316 ἡμῖν
436 252 718 319 ἡμερότητος
743 251 829 316 τὴν
855 249 1141 318 ὑπερβολήν·
1181 257 1208 280 “
1230 251 1295 302 Τί
1317 250 1410 316 γάρ
1436 252 1567 301 ἐστιν
1594 250 1675 300 ἄν·
1699 265 1804 338 {upra
1822 274 1888 294 ver-

93 340 121 363 “
148 338 349 400 θρωπος,
377 336 543 402 φησὶν,
571 333 642 385 ὅτι
672 332 916 400 μιμνήσκῃ
955 333 1111 395 αὑτοῦ,
1136 331 1165 397 ἢ
1206 331 1300 385 υἱὸς
1332 333 1583 399 ἀνθρώπου
1609 331 1681 382 ὅτι

93 422 121 444 “
148 415 407 484 ἐπισκέπτῃ
428 414 570 467 αὐτόν
593 416 635 478 ;”
675 416 730 466 τὸ
756 414 923 482 μικρὸν
943 415 1064 465 οὕτω
1086 416 1159 465 καὶ
1182 413 1363 468 εὐτελὲς
1384 415 1458 464 καί
1480 412 1573 465 ἀπὸ
1594 412 1681 479 γὴς

93 496 224 567 ζῴον.
274 496 524 561 ἠλάττωσε
551 496 645 564 γὰρ
676 496 818 548 αὐτὸν
851 495 1010 563 βραχύ
1043 519 1086 547 τι
1116 495 1226 562 παρ’
1256 495 1505 561 ἀγγέλους,
1534 494 1674 559 ἡττή-
1700 508 1793 547 Ib-71

93 583 214 643 μεθα
252 578 345 644 γὰρ
382 579 782 645 (ὁμολογουμένως
821 580 904 641 τῆς
939 582 1033 628 τῶν
1067 578 1215 642 ἁγίων
1241 577 1462 643 ἀγγέλων
1490 577 1682 644 φύσεώς

51 595 72 632 Ul

94 683 143 711 τε
181 663 257 711 καὶ
298 659 455 729 δόξης.
510 661 677 711 οὐκοῦν
715 665 820 734 τιμῇ
858 683 906 710 τε
949 666 1027 711 καὶ
1070 657 1168 734 δόξῃ
1205 665 1477 729 στεφανοῦν
1503 659 1682 727 ἠξίωσε

96 744 170 793 καὶ
210 742 458 808 λαμπροὺς
498 742 739 811 ἀπέδειξεν
779 743 804 793 ὁ
845 746 940 793 τῶν
980 741 1106 792 ὅλων
1138 742 1277 795 &⁶69-
1333 740 1681 808 κεχειροτόνηκε

95 823 188 890 γὰρ
227 827 289 878 εἰς
327 823 479 891 ἀρχὴν
510 828 606 875 τῶν
631 825 707 875 ἐπὶ
739 826 821 888 τῆς
851 826 939 889 γῆς
966 825 1041 874 καὶ
1069 823 1362 886 κατέστησεν
1388 830 1415 853 “
1441 821 1584 874 αὐτὸν
1609 823 1682 874 ἐπὶ
1702 832 1755 862 Ps.
1774 831 1839 862 viii.
1858 840 1884 872 7·

96 913 123 935 ‘⁶
148 904 207 956 τὰ
232 906 348 972 ε”ργα
372 911 467 957 τῶν
494 907 695 974 χειρῶν”
723 907 883 956 αὑτοῦ.

29 1009 76 1035 10
171 989 266 1038 Καὶ
290 987 547 1051 τεθαύμακε
573 987 658 1051 μὲν
685 987 872 1042 εἰκότως
897 987 956 1039 τὰ
984 988 1055 1056 ἐφ’
1078 988 1187 1052 ἡμῖν
1208 986 1475 1054 ὁμακάριος
1493 986 1681 1037 Δαυείδ·

93 1068 304 1137 τεχνίτης
337 1069 386 1120 δὲ
420 1070 530 1121 λίαν
557 1069 782 1138 ὑπάρχων
808 1072 870 1124 εἰς
904 1070 1081 1123 ἐννοίας
1111 1068 1428 1132 πνευματικὰς
1454 1070 1479 1119 ὁ
1507 1068 1678 1137 σοφώ·

94 1174 234 1205 τατος
261 1156 472 1216 Παῦλος,
496 1152 757 1219 περιτρέπει
785 1152 869 1216 μὲν
895 1154 1081 1205 ἀστεῖος
1108 1156 1169 1205 εἰς
1194 1151 1424 1220 ἐξήγησιν
1447 1150 1683 1216 μυστικὴν

95 1237 190 1283 τῶν
228 1233 477 1301 εἰρημένων
514 1233 600 1298 τὴν
639 1233 850 1298 δύναμιν,
880 1233 1151 1298 οἰκουμένην
1182 1233 1230 1284 δὲ
1268 1233 1553 1297 μέλλουσαν
1579 1234 1681 1284 ὀνο-
1699 1243 1806 1285 Supra
1821 1255 1889 1276 ver.

95 1313 226 1381 μάζει
260 1322 342 1367 τοῦ
373 1316 492 1380 μετὰ
523 1322 690 1367 τοῦτον
715 1320 880 1370 αἰῶνος
904 1315 991 1380 τὴν
1017 1314 1329 1377 κατάστασιν,
1356 1317 1431 1366 καὶ
1458 1313 1544 1380 τὴν
1569 1316 1680 1366 ε’σο-
1700 1295 1730 1328 5’

29 1416 74 1454 15
96 1397 238 1461 μένην
273 1397 392 1448 κατὰ
430 1397 616 1465 καιροὺς
652 1402 748 1449 τῶν
786 1397 1017 1449 δοθέντων
1055 1397 1165 1462 ἡμῖν
1203 1397 1508 1465 ἐπανάληψιν
1538 1396 1684 1463 ἤγουν

96 1478 414 1546 ἐκπλήρωσιν.
469 1480 858 1544 διαπεπτώκαμεν
893 1479 1003 1546 γὰρ,
1033 1482 1095 1534 ὡς
1126 1480 1265 1548 ἔφην,
1298 1482 1380 1543 τῆς
1414 1477 1604 1547 χάριτος
1636 1480 1686 1528 ἐν

94 1559 269 1625 Ἀδάμ·
325 1561 502 1628 ε’ίρηται
536 1561 621 1625 μὲν
646 1561 739 1628 γὰρ
766 1564 827 1615 ὡς
854 1561 1009 1631 ἐκείνῳ
1037 1563 1113 1612 καὶ
1146 1561 1320 1632 πρώτῳ
1346 1565 1405 1630 τῇ
1433 1560 1686 1627 ἀνθρώπου

95 1641 240 1711 φύσει
277 1642 335 1693 τό
368 1650 396 1672 “
420 1643 696 1712 Αὑξάνεσθε
728 1645 804 1694 καὶ
839 1642 1140 1708 πληθύνεσθε
1178 1645 1253 1694 καὶ
1292 1642 1685 1710 κατακυριεύσατε
1704 1654 1787 1686 Gen.
1804 1654 1824 1685 i.
1842 1656 1892 1686 28-

325 1725 335 1741 2

94 1730 123 1753 “
148 1724 320 1788 αὐτῆς·’
392 1726 451 1776 νῦν
479 1722 525 1777 δὲ
562 1725 681 1777 οὔπω
713 1727 865 1795 φησὶν
893 1725 1047 1795 ὁρῶμεν
1074 1729 1193 1796 αὐτῷ
1228 1725 1289 1777 τοὶ
1328 1724 1483 1777 πάντα
1521 1729 1680 1776 Orto-re·
1703 1746 1771 1768 ver.
1791 1736 1821 1767 8-

28 1832 76 1857 20
95 1805 318 1872 τοιγμένα.
381 1807 547 1858 οὐκοῦν
590 1806 674 1858 τὸν
714 1813 797 1859 τοῦ
846 1806 1126 1874 πράγματος
1171 1807 1333 1874 καιρὸν
1376 1808 1532 1874 ἕτερον
1573 1807 1688 1858 ὅντα

95 1886 370 1953 ζητήσωμεν
396 1890 502 1940 καθ’
541 1888 594 1940 ὃν
620 1889 754 1941 ἔσται
794 1891 870 1940 καὶ
908 1889 1081 1953 ἀληθὲς
1119 1889 1174 1941 τὸ
1214 1891 1286 1958 ἐφ’
1314 1890 1424 1954 ἡμῖν
1449 1889 1688 1956 εἰρημένον

93 1968 224 2035 παρὰ
261 1976 344 2021 τοῦ
382 1971 646 2039 ψεύδεσθαι
684 1971 749 2036 μὴ
785 1970 962 2026 εἰδότος
989 1974 1128 2024 Θεοῦ.
1180 1971 1404 2040 ταύτῃτοί
1438 1977 1562 2040 φησι
1601 1971 1688 2036 τὴν

94 2051 365 2116 οἰκουμένην
410 2053 496 2117 τὴν
532 2053 819 2118 μέλλουσαν
868 2054 951 2104 οὐκ
1003 2053 1230 2119 ἀγγέλοις
1280 2058 1473 2118 μᾶλλον
1515 2054 1684 2105 ὑποτε-

93 2132 264 2200 τάχθαι
289 2134 399 2199 παρ’
429 2135 585 2197 αὐτοῦ,
614 2136 912 2200 δεδωρῆσθαι
938 2134 986 2185 δὲ
1011 2140 1151 2186 τοῦτο
1177 2140 1271 2188 τοῖς
1298 2136 1371 2186 ἐπὶ
1397 2137 1480 2199 τῆς
1506 2137 1609 2200 γῆς.

29 2234 75 2272 25
160 2214 276 2266 e'Orc
311 2215 359 2266 δὲ
385 2218 490 2281 περὶ
528 2218 611 2279 τῆς
650 2215 927 2279 μελλούσης
965 2216 1075 2279 ἡμῖν
1107 2217 1376 2281 οἰκουμένης
1414 2220 1456 2267 οἱ
1494 2239 1684 2280 μυστα-

96 2298 244 2361 γωγοὶ
271 2297 582 2363 διαλέγονται,
608 2302 709 2350 πῶς
741 2295 799 2347 ἂν
831 2297 1090 2348 ἐνδοιάσειέ
1120 2320 1222 2358 τις;
1264 2296 1554 2367 ἀφιστάντες
1591 2298 1687 2365 γὰρ

94 2382 189 2428 τῶν
222 2378 556 2443 ἐνεστηκότων,
588 2378 733 2444 ζητεῖν
769 2380 1077 2431 ἀναπείθουσι
1116 2379 1175 2431 τὰ
1209 2378 1412 2444 ἐσόμενα
1450 2382 1527 2431 καὶ
1566 2382 1911 2433 “5’71-2P11i1.iii.14.

96 2467 123 2490 “
148 2459 202 2511 τὸ
241 2465 466 2526 βραβεῖον
496 2464 578 2525 τῆς
606 2461 702 2512 ἄνω
730 2459 983 2526 κλήσεως”
1017 2462 1288 2528 ἐπείγεσθαι
1327 2465 1422 2513 δεῖν
1460 2467 1680 2526 συμβου-

94 2542 289 2594 λεύουσι
323 2544 400 2593 καὶ
432 2541 517 2607 τὴν
541 2547 636 2594 τῶν
661 2544 809 2609 ἁγίων
835 2544 1005 2594 ἐλπίδα
1041 2546 1190 2612 διψῆν
1216 2544 1324 2595 καθ’
1354 2542 1411 2608 ἢν
1436 2542 1496 2594 τὰ
1528 2544 1686 2596 πάντα

28 2640 78 2677 30
96 2624 250 2677 αὐτοῖς
297 2624 677 2692 ὑποταχθήσεται
722 2626 797 2675 καὶ
843 2625 1267 2691 κατακυριεύσουσι
1313 2628 1395 2689 τῆς
1435 2629 1537 2691 γῆς.
1609 2627 1686 2676 καὶ

96 2704 235 2759 αὐτὸς
261 2706 286 2756 ὁ
315 2705 483 2772 Σωτὴρ
509 2707 783 2771 διεμέμνητο
819 2707 975 2772 λέγων
1011 2713 1039 2736 “
1061 2706 1303 2773 Μακάριοι
1337 2710 1379 2757 οἱ
1417 2712 1580 2774 πραεῖς
1615 2706 1685 2758 ὅτι
1706 2713 1874 2746 SMatth.

928 2791 948 2800 Α
1000 2789 1024 2805 „
1705 2768 1735 2789 v.
1752 2766 1781 2798 5.

97 2793 125 2817 ‘⁶
152 2787 280 2838 αὐτοὶ
320 2787 738 2853 κληρονομήσουσι
776 2786 862 2852 τὴν
887 2810 994 2853 γην.
1075 2788 1143 2843 τίς
1178 2789 1260 2840 οὖν
1291 2788 1382 2855 ἄρα
1420 2791 1550 2840 ἐστὶν
1577 2790 1602 2839 ὁ
1628 2789 1683 2839 δι’

709 2905 740 2939 6.
767 2920 803 2939 τε
821 2905 917 2950 prius
936 2916 1006 2939 om.
1027 2904 1086 2939 Cr.
