2001 3257
290 119 372 159 128
692 122 743 162 B.
777 122 1055 163 CYRILLI
1097 122 1484 163 ALEXANDR.
1716 138 1784 164 xx.
1806 136 1871 166 20.

288 228 337 277 ἐν
362 232 459 282 τοῖς
484 229 688 295 πρώτοις
714 231 779 281 ἔτι
805 231 1065 299 διεφαίνετο
1091 231 1325 298 σχήμασι,
1346 230 1430 295 τὴν
1456 234 1537 296 τῆς
1565 231 1873 285 ἀναστάσεως

287 309 451 360 πίστιν
489 312 571 362 οὐκ
610 312 681 411 ἐφ’
711 311 866 378 ἔτερόν
904 335 947 362 τι
984 315 1152 379 σχῆμα
1190 315 1265 363 καὶ
1302 317 1445 375 σῶμα
1483 313 1873 380 μετακομίζεσθαι

290 391 497 442 θελων
474 416 503 456 η
538 396 601 446 εἰς
635 392 749 459 ὅπερ
786 393 961 454 ’ἐλαβεν
993 395 1042 444 ἐκ
1080 396 1162 457 τῆς
1201 394 1336 459 ἁγίας
1370 395 1667 459 παρθε’νου,’
1645 418 1693 445 εν
1723 393 1760 464 cf)
1797 397 1872 446 καὶ

288 475 573 539 σταυρωθεῖς
623 474 822 526 ἀπεθανε
867 474 986 526 κατὰ
1031 475 1115 529 τὰς
1162 474 1365 543 γραφὰς,
1410 478 1492 539 τῆς
1541 482 1625 527 τοῦ
1669 476 1873 528 θανάτου

250 554 526 617 οδυνάμεως
577 555 695 606 κατὰ
739 554 885 621 μόνης
928 556 1188 624 τρεχούσης
1234 560 1315 621 τῆς
1361 557 1554 623 σαρκὸς,
1598 558 1722 626 ἐξ
1696 566 1750 623 ἡς
1797 560 1913 609 καὶὸ

287 636 601 700 ἀπελήλαται.
657 641 694 688 εἰ
731 637 826 704 γὰρ
864 637 928 703 μὴ
967 639 1142 703 ἀνεστη
1183 662 1237 690 το
1275 638 1497 704 τεθνηκος
1535 640 1677 690 αὐτοῦ
1715 644 1872 703 σῶμα,

286 722 418 771 ποῖος
463 719 693 783 νενίκηται
745 718 960 783 θάνατος,
1003 726 1096 772 ποῦ
1141 720 1188 772 δὲ
1231 719 1436 786 ἠτόνησε
1475 719 1529 772 τὸ
1570 724 1651 785 τῆς
1690 725 1873 790 φθορᾶς

288 798 486 865 κράτος;
537 801 589 851 οὐ
626 800 681 851 δι’
709 800 809 855 ἑνὸς
849 802 1169 857 ἀποθανόντος
1208 807 1302 854 τῶν
1340 808 1546 869 λογικῶν
1585 803 1870 867 κτισμάτων,

287 881 340 931 οὐ
365 884 539 949 ψυχῆς,
567 883 650 934 οὐκ
676 884 900 950 ἀγγέλου,
922 883 1034 949 μήτι
1060 908 1116 950 γε
1143 888 1217 935 καὶ
1244 886 1387 936 αὐτοῦ
1413 891 1496 936 τοῦ
1523 889 1648 936 Θεοῦ
1670 883 1831 951 Λόγου
1853 907 1866 947 ;

286 962 362 1014 ὅτε
401 964 558 1015 τοίνυν
586 967 694 1031 περὶ
729 965 875 1028 μόνον
909 966 963 1017 τὸ
1003 967 1282 1034 φθείρεσθαι
1319 966 1527 1036 πεφυκὸς
1566 966 1619 1018 τὸ
1658 973 1741 1018 τοῦ
1780 972 1865 1019 θα-
1894 987 1942 1011 10

287 1046 427 1097 νάτου
471 1047 646 1112 γίνεται
691 1046 876 1115 κράτος,
918 1048 1026 1116 περὶ
1075 1049 1188 1100 αὐτὸ
1239 1048 1296 1113 δὴ
1347 1048 1535 1103 πάντως
1584 1051 1660 1100 καὶ
1711 1050 1738 1114 ἡ
1789 1053 1871 1115 τῆς

286 1126 596 1183 ἀναστάσεως
620 1129 812 1192 δύναμις
839 1132 975 1182 νοοῖτ’
1005 1129 1062 1181 ἂν
1089 1130 1289 1194 εἰκότως,
1315 1131 1391 1182 ἵνα
1415 1133 1490 1182 καὶ
1520 1132 1548 1195 ἡ
1578 1137 1661 1183 τοῦ
1695 1155 1865 1198 τυραν-

286 1208 518 1273 νήσαντος
559 1211 861 1277 παραλύηται
906 1212 1110 1276 δύναμις.
1174 1212 1228 1263 τὸ
1275 1212 1323 1264 δὲ
1364 1217 1595 1264 εἰσελθεῖν
1633 1213 1712 1265 τῶν
1749 1212 1871 1283 θυρῶν

288 1290 608 1360 κεκλεισμένων
634 1292 715 1344 τὸν
744 1293 935 1361 Κύριον,
962 1299 1058 1348 τοῖς
1083 1294 1252 1348 ἄλλοις
1285 1294 1426 1346 αὐτοῦ
1460 1295 1670 1360 σημείοις
1695 1318 1866 1347 συντε-

241 1371 475 1441 ἀτάξεται
522 1372 653 1440 παρά
701 1397 753 1442 γε
805 1380 900 1430 τοῖς
949 1376 1193 1445 σώφροσι.
1264 1376 1613 1443 κατασπάζεται
1664 1376 1713 1429 δὲ
1763 1377 1870 1432 τοὺς
1895 1395 1939 1434 15

285 1455 446 1521 ἁγίους
479 1455 709 1522 μαθητάς.
765 1459 887 1526 εἰρήνη
923 1457 1016 1525 γὰρ
1054 1462 1152 1527 ὑμῖν
1179 1462 1344 1527 φησιν,
1372 1457 1536 1510 ἑαυτὸν
1565 1457 1676 1510 εἶναι
1714 1459 1871 1525 λέγων

283 1536 369 1601 τὴν
395 1538 593 1604 εἰρήνην.
651 1539 718 1594 οἷς
751 1540 844 1607 γὰρ
881 1539 939 1592 ἂν
964 1541 1131 1608 παρείη
1157 1540 1386 1607 Χριστὸς,
1414 1541 1593 1595 τούτοις
1621 1542 1786 1610 ἕψεται
1812 1541 1870 1606 δὴ

283 1619 473 1674 πάντως
511 1623 586 1671 καὶ
624 1621 678 1673 τὸ
721 1624 770 1673 ἐν
803 1623 1027 1692 ἀταράχῳ
1066 1626 1388 1689 διατηρεῖσθαι
1428 1623 1674 1685 πνεύματι.
1746 1623 1771 1675 ὃ
1812 1623 1869 1688 δὴ

284 1704 360 1753 καὶ
387 1707 585 1757 Παῦλος
612 1702 817 1773 ὑπάρξαι
847 1704 978 1772 παρὰ
1005 1709 1130 1756 Θεοῦ
1164 1710 1259 1759 τοῖς
1295 1709 1357 1759 εἰς
1392 1704 1534 1757 αὐτὸν
1560 1705 1870 1757 πιστεύουσιν

62 1786 150 1819 Phil.
166 1787 211 1819 iv.
285 1784 511 1852 ἐπηύχετο
556 1786 711 1851 λέγων
750 1793 778 1816 “
802 1787 868 1838 Ἡ
915 1786 1071 1854 εἰρήνη
1116 1793 1198 1838 τοῦ
1241 1791 1458 1854 Χριστοῦ
1501 1788 1529 1852 ἡ
1575 1787 1869 1855 ὑπερέχουσα
1891 1798 1940 1837 20

287 1872 313 1896 ‘⁶
338 1866 494 1918 πάντα
529 1873 638 1919 νοῦν
664 1867 925 1936 φρουρήσει
958 1867 1041 1924 τὰς
1077 1868 1266 1936 καρδίας
1300 1871 1430 1933 ὑμῶν
1455 1870 1529 1921 καὶ
1561 1868 1620 1920 τὰ
1659 1870 1870 1933 νοήματα

286 1955 312 1978 “
339 1950 512 2012 ὑμῶν’”
573 1949 758 2017 εἰρήνην
796 1954 1013 2018 Χριστοῦ
1049 1949 1135 2014 τὴν
1175 1951 1384 2003 ἐπέκεινα
1430 1957 1509 2003 νοῦ
1550 1951 1741 2010 παντὸς,
1783 1953 1869 2020 οὐχ

285 2032 444 2098 ἑτεραν
482 2030 596 2083 εἶναι
642 2033 797 2098 λε’γων
834 2032 965 2100 παρὰ
1010 2032 1065 2084 τὸ
1107 2038 1303 2097 Πνεῦμα
1343 2034 1502 2095 αὐτοῦ,
1545 2034 1687 2100 οὗπερ
1725 2034 1767 2085 εἴ
1799 2057 1869 2089 τις

283 2114 526 2183 μετάσχοι,
552 2113 729 2169 παντὸς
763 2115 1010 2169 ἀνάπλεως
1042 2115 1177 2167 ἔσται
1210 2121 1373 2166 καλοῦ.

490 2265 738 2323 ἘχάρΗσαν
776 2264 849 2309 οὖν
887 2265 925 2308 οἱ
963 2266 1150 2315 μαθηταὶ
1188 2265 1351 2308 ἰδόντες
1388 2266 1461 2308 τὸν
1502 2265 1663 2323 Κύριον.
1891 2283 1938 2321 25

61 2370 269 2406 1093A.a
360 2366 472 2416 Τοῖς
497 2369 579 2414 τοῦ
607 2366 827 2430 Σωτῆρος
857 2363 1066 2430 ῥήμασιν
1092 2365 1392 2431 ἐπιμαρτυρεῖ
1423 2362 1507 2428 τὴν
1531 2362 1756 2426 ἀλήθειαν
1781 2364 1868 2413 κάν

285 2443 434 2513 τούτῳ
480 2443 536 2508 δὴ
579 2444 726 2496 πάλιν
766 2446 791 2495 ὁ
834 2445 1059 2512 μακάριος
1101 2444 1479 2512 Εὐαγγελιστὴς,
1520 2445 1745 2509 θυμηδίας
1790 2445 1866 2495 καὶ

283 2531 432 2594 χαρᾶς
458 2528 827 2591 ἀναπεπλῆσθαι
853 2527 1006 2594 λε’γων
1033 2527 1140 2581 τοὺς
1170 2527 1397 2592 μαθητὰς,
1427 2528 1614 2593 ἐπείπερ
1638 2525 1758 2577 εἶδον
1783 2525 1866 2577 τὸν

282 2609 484 2672 Ἰησοῦν,
551 2608 822 2673 μεμνήμεθα
867 2608 960 2675 γὰρ
1011 2609 1081 2661 ὅτι
1131 2609 1249 2676 πρὸς
1299 2609 1464 2663 αὐτοὺς
1514 2611 1866 2672 αἰνιγματωδῶς

284 2690 391 2744 τοὺς
419 2692 525 2757 περὶ
550 2696 633 2742 τοῦ
660 2691 812 2753 τιμίου
837 2697 1046 2757 σταυροῦ
1072 2694 1146 2742 καὶ
1174 2695 1254 2755 τῆς
1281 2693 1329 2743 ἐκ
1357 2696 1530 2757 νεκρῶν
1557 2691 1865 2744 ἀναστάσεως
1886 2713 1935 2750 30

59 2768 197 2844 Ξζξῑῗό
285 2773 547 2842 ἐξυφαίνων
573 2772 746 2838 λόγους
773 2779 800 2801 “
824 2772 1011 2840 Μικρὸν
1037 2773 1142 2841 ἔφη,
1170 2775 1245 2824 καὶ
1272 2773 1421 2824 οὐκέτι
1453 2772 1667 2839 θεωρεῖτέ
1691 2795 1762 2835 με,
1790 2774 1865 2823 καὶ
1928 2776 1933 2781 ’

294 2916 296 2918 ,
331 2892 420 2960 4-9ὲ
435 2881 493 2972 ἵζηῆς
517 2879 908 2959 τοῦὸθανάτου-Λόγου
932 2879 1014 2914 citat
1037 2879 1192 2914 collectio
1210 2878 1409 2924 supradicta
1427 2879 1504 2914 cod.
1523 2877 1679 2924 ejusdem
1698 2878 1756 2913 fol.
1775 2890 1819 2923 49
1832 2890 1865 2913 v.

285 2928 317 2960 8.
345 2927 383 2960 οὐ
423 2942 433 2960 ι
484 2927 560 2972 οὐχὶ
595 2926 657 2972 ¹yr-
