2012 3272
526 143 847 185 EPISTOLAS
887 143 1282 185 CATI-IOLICAS.
1619 145 1701 183 451

111 255 275 299 παρόντος
302 254 381 294 βίου
408 256 660 300 περισπασμός·
690 254 709 298 ἡ
738 257 804 288 τῶν
823 257 991 298 κοσμικῶν
1010 254 1191 298 ἐπιθυμιῶν
1210 254 1399 299 χυδαιότης·
1424 252 1460 297 ἧς
1483 250 1535 303 [ἧς
1554 265 1706 288 el'asunl

112 319 156 353 ub
176 316 250 353 vid.
274 317 312 353 in
333 330 378 363 a.,
400 318 500 354 unde
520 317 649 354 omisit
671 315 752 368 CR]
783 319 959 362 ἐξίστησιν
987 319 1071 363 ἡμᾶς
1099 320 1117 351 ὁ
1138 321 1288 364 Χριστοῦ
1307 318 1454 363 μαθητὴς
1481 316 1567 352 οὕτω
1596 318 1706 364 λέγων

115 382 168 428 Μὴ
197 384 362 430 ἀγαπᾶτε
391 383 451 418 τὸν
478 382 613 431 κόσμον
637 381 728 431 μηδὲ
754 384 800 418 τὰ
829 382 866 418 ἓν
888 380 952 433 [τῷ
972 382 1079 419 addit
1110 382 1172 419 Cr.
1195 381 1318 419 invito
1339 379 1391 433 a.]
1429 381 1561 432 κόσμῳ,
1583 383 1634 416 καὶ
1665 384 1706 416 τὰ

115 444 231 493 ἑξῆς2;

719 501 798 536 Ἐὰν
818 502 836 546 ἡ
857 503 972 548 καρδία
993 502 1094 547 ἡμῶν.

164 589 185 613 a
207 576 268 613 fol.
295 589 370 625 230
392 590 426 613 V.
452 577 542 614 ’Ἕως
578 575 612 612 εἶ
638 578 719 612 κατὰ
752 579 809 612 τὸν
838 579 916 617 βίον
945 580 1076 622 τοῦτον,
1109 579 1187 614 ὁδὸς
1218 579 1285 625 γὰρ
1316 581 1334 612 ὁ
1364 579 1441 620 βίος
1474 579 1540 613 ὑπὸ
1574 579 1706 613 πάντων
1724 574 1927 605 eRS-Matt-

109 642 293 690 ἀνθρώπων
320 644 596 689 παροδευόμενος,
626 643 822 688 προσδέχου
852 644 904 677 καὶ
931 643 976 688 μὴ
1004 645 1236 689 παραλογίζου
1265 644 1324 688 τὴν
1352 644 1387 677 ἐκ
1420 646 1480 677 τοῦ
1512 644 1706 680 συνειδότος
1724 629 1754 649 ν’
1776 627 1823 658 25.

110 709 309 753 ὑπόμνησιν·
340 709 368 742 εἷ
388 709 423 743 δέ
448 708 666 754 παραλογίσῃ
695 709 748 742 καὶ
776 709 997 754 παραδράμῃς
1025 709 1082 743 τὸν
1100 709 1188 753 βίον,
1210 709 1290 742 αὐτὸ
1310 710 1348 742 τὸ
1369 709 1521 744 συνειδὸς
1539 708 1706 742 ἀντιδίκου

109 773 204 817 τάξιν
222 773 346 818 ἐπέχον
364 774 417 808 ἐπὶ
444 776 503 808 τοῦ
529 776 642 819 κριτοῦ
669 773 905 819 κατηγορήσει,
926 774 978 807 καὶ
1005 773 1070 807 ὑπὸ
1096 774 1156 818 τὴν
1175 774 1300 819 ψῆφον
1317 773 1454 817 ποιήσει
1475 787 1515 807 σε
1535 775 1594 807 τοῦ
1614 774 1705 807 δικάε-

110 839 233 882 ζοντος,
258 839 309 872 καὶ
328 837 549 884 παραδοθήσῃ
579 840 650 874 ταῖς
669 837 863 882 ἀνηκέστοις
883 839 1079 872 κολάσεσιν·
1110 837 1131 872 ἃ
1158 839 1217 872 οὐκ
1244 838 1283 872 ἂν
1302 839 1432 881 ἔπαθες,
1454 836 1522 884 ε’ίγε
1548 838 1629 872 κατὰ
1648 838 1706 882 τὴν

110 903 188 937 ὁδὸν
207 905 335 937 εὔνοιαν
354 902 483 946 ἐκτήσω
503 904 587 949 πρὸς
608 904 665 937 τὸν
684 903 862 947 ἀντίδικον,
883 903 959 939 τοὺς
989 902 1155 949 ἐλέγχους
1187 904 1229 939 ὡς
1258 902 1328 947 μετ’
1350 903 1478 938 εὐνοίας
1505 904 1704 949 προσφερο-

109 968 227 1012 μένους
246 969 516 1012 καταδεχόμενος.
558 971 658 1002 τοῦτο
679 969 745 1014 γὰρ
770 969 822 1002 καὶ
849 969 867 1001 ὁ
895 968 1079 1004 θεσπέσιος
1099 968 1354 1014 Εὗαγγελιστὴς
1373 967 1525 1011 Ἰωάννης
1543 966 1703 1003 ἐπιστέλ-

110 1025 181 1066 λων
203 1033 312 1078 φησὶν
340 1033 401 1067 ἐὰν
428 1033 450 1078 ἡ
482 1030 688 1079 συνείδησις
716 1033 815 1081 ἡμῶν
843 1032 892 1081 μὴ
925 1032 1176 1082 καταγινώσκῃ
1205 1033 1315 1081 ἡμῶν,
1336 1029 1545 1079 παρρησίαν
1574 1031 1705 1080 ἔχομεν

109 1097 200 1145 πρὸς
219 1097 280 1133 τὸν
299 1096 397 1133 Θεόν.

714 1151 764 1187 τίς
783 1151 822 1185 δέ
839 1151 935 1185 ἐστιν
955 1153 973 1184 ὁ
993 1153 1099 1187 νικῶν.

164 1238 186 1262 a
205 1225 268 1262 fol.
293 1238 366 1274 234
387 1239 422 1263 V.
453 1228 516 1262 Καὶ
535 1230 611 1262 οὔτε
631 1227 761 1271 ’Έλλην
780 1229 855 1262 οὕτε
874 1226 1035 1262 Ἰουδαῖος
1054 1228 1129 1261 οὕτε
1150 1228 1313 1272 αἱρετικὸς
1333 1226 1469 1261 δύναται
1488 1227 1572 1272 πρὸς
1591 1226 1702 1270 αὐτὴν,

109 1291 200 1336 ἅπαξ
219 1294 288 1328 τοῖς
307 1293 418 1339 ἔργοις
437 1293 477 1327 τὰ
497 1291 664 1339 νικητήρια
683 1294 742 1337 τῆς
761 1291 836 1327 καθ’
859 1292 943 1336 ἡμᾶς
961 1292 1110 1327 πίστεως
1129 1291 1403 1337 ἇπενεγκαμένης.

655 1400 701 1437 In
722 1399 760 1437 S.
778 1400 802 1437 J
806 1399 902 1437 udae
922 1398 1144 1448 Epistolam.

556 1488 821 1536 ἐπαγωνίζεσθαι
842 1491 881 1533 τῇ
903 1489 994 1533 ἅπαξ
1011 1487 1253 1534 παραδοθείσῃ.

165 1577 188 1601 a
206 1564 270 1601 fol.
295 1576 382 1612 239.
411 1565 516 1610 Ὀμοῦ
544 1565 606 1610 μὲν
635 1565 909 1611 ἀσφαλιζόμενος
937 1564 1020 1609 ἡμᾶς
1051 1564 1152 1611 [ἡμᾶς
1179 1576 1253 1599 om.
1274 1563 1355 1600 cod.
1378 1562 1533 1612 RaW1.]‚
1554 1566 1638 1609 ὁμοῦ
1665 1565 1702 1598 δὲ

111 1631 320 1673 καταστίζων
339 1630 416 1666 τοὺς
435 1630 628 1676 αἱρετικοὺς,
649 1630 753 1664 ταῦτά
773 1631 891 1675 φησιν.
930 1630 1049 1664 οὐκοῦν
1066 1630 1104 1663 οὐ
1125 1629 1296 1674 ξενιστέον
1314 1630 1369 1664 ἐπὶ
1388 1631 1427 1674 τῇ
1446 1633 1513 1664 τῶν
1530 1631 1703 1675 αἱρετικῶν

109 1696 220 1740 πλάνῃ
239 1710 276 1729 τε
295 1695 347 1730 καὶ
373 1693 582 1740 κακοπιστίᾳ,
604 1697 664 1729 τοῦ
682 1694 798 1741 “Αγιόυ
818 1693 1014 1739 Πνεύματος
1031 1693 1308 1740 προμηνύσαντος
1333 1694 1411 1738 ἡμῖν
1436 1695 1490 1728 διὰ
1515 1697 1582 1728 τῶν
1600 1694 1703 1740 ἁγίων

109 1761 294 1806 προφητῶν
321 1774 358 1793 τε
387 1761 440 1794 καὶ
468 1760 671 1795 ἀποστόλων
696 1759 755 1803 τὴν
780 1758 911 1794 τούτων
929 1760 1076 1806 ἔγερσιν·
1110 1761 1244 1804 μᾶλλον
1262 1760 1327 1806 γὰρ
1347 1759 1429 1804 ἡμᾶς
1450 1760 1503 1793 διὰ
1522 1759 1625 1803 τῆσδε
1645 1759 1704 1802 τῆς

109 1822 317 1870 προφητείας
354 1824 638 1871 ἀσφαλεστέρους
671 1824 828 1868 ἐποίησεν
861 1824 950 1858 ὥστε
988 1824 1032 1868 μὴ
1065 1825 1136 1860 ταῖς
1173 1822 1373 1870 σοφιστίαις
1405 1823 1533 1858 τούτων
1563 1825 1702 1857 ἁλῶναι.

111 1887 216 1925 Haec
243 1887 399 1926 exhibet
426 1892 465 1926 ef,
492 1892 621 1926 noster
649 1887 882 1925 Bodleianus
912 1887 992 1925 cod.
1015 1887 1136 1925 Rawl.
1157 1886 1205 1926 G.
1227 1896 1298 1936 157
1321 1901 1343 1925 e
1361 1887 1443 1925 cod.
1463 1886 1701 1924 Med-Lam.

111 1965 225 2002 supra
244 1953 307 1990 cit.
327 1953 428 1991 Plut.
448 1952 496 1991 vi.
521 1963 556 2001 5.
586 1953 678 1990 olim
698 1953 862 1991 avulsus.

153 2066 165 2084 ²
187 2067 309 2097 Verbis
332 2066 624 2106 ἀνοσιεύεται-ἧν,
643 2067 695 2098 Cr.
717 2075 787 2106 127.
807 2066 923 2107 24—26‚
943 2066 1176 2107 anepigraphis
1200 2068 1232 2097 ln
1250 2077 1269 2098 a
1285 2066 1340 2098 fol.
1360 2075 1431 2106 230,
1455 2066 1507 2097 tit.
1530 2066 1588 2097 τοῦ
1611 2065 1702 2106 ἁγίου

111 2109 261 2150 κυρίλλου
277 2111 414 2151 apponit
430 2121 467 2148 c.,
483 2121 566 2151 eque
583 2111 701 2151 Glaph.
726 2110 763 2141 16
780 2121 806 2141 e.
830 2113 909 2141 sunt
926 2110 1108 2151 desumpta.

854 3011 876 3051 3
905 3010 933 3036 M
959 3010 980 3037 ¹2
