2017 3252
300 127 384 166 538
607 124 655 165 B.
689 122 934 165 CYRILLI
967 121 1313 162 ALEXANDR.
1348 123 1572 165 FRAGM.

74 195 170 238 [486
186 196 267 238 M.]

76 303 160 334 Maii
177 304 240 353 Pa-
302 292 388 333 Τοῦ
410 291 528 340 ἁγίου
553 290 758 348 Κυρίλλου
784 290 831 331 ἐκ
857 292 931 331 τοῦ
953 288 1060 346 Πρὸς
1130 284 1278 339 Cyrilli
1317 284 1659 339 Archi-Episcopi
1703 285 1885 325 Alexan-

74 347 267 422 §gssggffll
363 368 678 425 Ἀλεξονὸρραο
698 368 1060 424 ΠροοφωνΗῃΚοῡ
1187 353 1300 393 driae
1321 368 1370 393 ex
1392 368 1576 394 sermone
1600 354 1649 393 de
1669 352 1749 392 fide
1773 352 1889 406 eujus

74 432 150 473 486.
369 447 495 494 >xes-ou
521 444 620 502 Περὶ
644 443 843 488 Πίστεως.
1188 420 1356 461 initium
1376 421 1454 461 hoe
1473 421 1741 474 prooemium.

375 541 505 606 Ἐγὼ
549 540 603 592 τὸ
645 537 1063 606 συγκεκραμμένον
1189 544 1283 598 Ego
1318 546 1672 597 contemperatum
1707 557 1791 583 non
1825 556 1890 582 re-

820 624 830 638 )
919 620 929 637 Ι

259 645 281 683 5
302 627 367 724 Οὐ]
406 624 736 692 Καταδέχομαι’
805 629 1062 687 αλλοτριον
1130 651 1248 705 cipio,
1290 650 1472 691 alienum
1512 663 1689 703 namque
1736 652 1798 689 est
1837 648 1889 688 ab

455 710 465 725 '
633 711 652 720 Α
755 708 765 723 j
1017 708 1036 716 Α

300 733 396 813 γίῗρ
443 732 547 760 εστι
597 732 680 812 ἵης
707 712 1064 805 Λαποσῖολικηῖ
1132 756 1373 811 Apostoliea
1397 755 1476 796 fide
1504 759 1546 796 et
1572 759 1683 796 recta
1705 754 1783 796 Dei
1804 759 1889 795 tra-

300 816 505 847 πιστεως
551 816 626 844 και
673 816 755 855 της·
806 814 889 841 του
940 794 1064 841 Θεου

302 879 444 944 ὀρθῆς
491 876 815 943 παραδόσεως.
894 874 921 938 ἡ
972 873 1065 939 γὰρ
1132 864 1302 905 ditione.
1382 861 1721 915 Contemperatio
1780 861 1891 901 enim

302 962 571 1028 σύγκρασις·
635 957 910 1027 ἀφανισμὸν
971 962 1066 1008 τῶν
1134 967 1426 1010 exterminium
1481 970 1673 1022 operatur
1722 970 1892 1007 natura-

361 1046 372 1062 Ι
525 1047 535 1061 ’
618 1044 630 1059 '
823 1044 833 1056 θ
895 1042 906 1059 ἱ
938 1042 958 1060 ²!
972 1044 981 1058 ⁵
999 1043 1009 1057 e

238 1070 286 1094 10
305 1052 498 1115 φυσεων
514 1045 767 1111 ἐργαζεται·
809 1067 836 1106 η
858 1045 907 1093 δε
924 1065 1066 1109 αρρη-
1133 1091 1239 1116 rum.
1301 1074 1531 1115 Ineffabffis
1588 1088 1684 1114 vero
1742 1073 1890 1123 unitio,

304 1153 383 1182 τος
418 1130 584 1182 ἕνωσις
623 1127 751 1193 παρὰ
789 1132 882 1178 τῶν
917 1128 1065 1191 ὀρθῶς
1568 1180 1576 1187 ⁶

306 1213 608 1281 φρονούντων
695 1210 1066 1276 ὁμολογουμεινή,
1135 1196 1259 1236 quam
1319 1184 1428 1221 recte
1492 1182 1697 1234 saplentes
1769 1178 1894 1219 eonfi-

305 1297 574 1366 ἀμφοτέρας
600 1296 738 1362 σώζει
770 1294 1067 1362 ἀσυγχύτους
1134 1291 1291 1338 tentur,
1315 1288 1456 1328 ambas
1484 1290 1655 1327 naturas
1681 1285 1894 1326 inconfuse

305 1381 388 1435 τὰς
415 1381 598 1449 φύσεις,
625 1383 700 1431 καὶ
734 1380 815 1430 ἕνα
848 1381 1073 1430 ἀποτελεῖ
1135 1398 1284 1437 servat,

367 1467 382 1485 X
441 1468 450 1482 )
540 1468 550 1482 ’
660 1469 679 1478 Α
770 1463 784 1479 x
871 1464 882 1479 5
973 1462 985 1478 Ι

242 1483 288 1521 15
308 1490 382 1517 και
428 1466 486 1535 εξ
524 1470 701 1532 αμφοιν
738 1487 821 1515 τον
861 1467 1067 1533 οφθεντα

308 1549 540 1615 Χριστὸν,
582 1547 706 1600 Θεόν
743 1571 792 1599 τε
831 1549 948 1612 ὁμοῦ
992 1549 1067 1598 καὶ

307 1634 558 1701 ἄνθρωπον
595 1632 843 1700 γενόμενον
872 1631 954 1682 τὸν
980 1633 1062 1682 αὐ·

308 1717 404 1780 τὸν,
454 1720 531 1769 καὶ
580 1719 634 1768 οὐ
685 1718 767 1768 δύο
830 1715 1068 1783 χριστοὺς,
1508 1779 1510 1781 ¹

311 1803 390 1853 ἕνα
435 1802 482 1853 δὲ
532 1801 677 1864 μόνον
723 1801 950 1852 ἑνωθέντα
993 1802 1070 1851 καὶ
1399 1821 1466 1863 [ex
1484 1819 1634 1860 eodem]

243 1916 292 1941 20
313 1887 365 1937 οὐ
405 1886 736 1952 κεκραμμένον·
792 1890 829 1935 εἰ
867 1885 960 1950 γὰρ
998 1885 1069 1935 κέ-
1197 1892 1241 1932 Si
1262 1892 1372 1932 enim
1394 1895 1565 1932 naturae
1585 1891 1627 1930 in
1650 1904 1778 1930 unum
1800 1903 1896 1929 eon-

312 1993 505 2037 κρανται
556 1974 601 2020 αἱ
651 1969 732 2020 δύο
788 1969 955 2036 φύσεις
1008 1971 1069 2021 εἷς
1136 1963 1389 2014 temperatae
1425 1963 1522 1999 sunt
1558 1958 1758 1999 mixtione
1793 1971 1897 2010 quae

1137 2032 1235 2068 sunt
1273 2029 1325 2068 ad
1364 2027 1543 2068 invicem
1582 2027 1763 2067 diversae
1803 2025 1896 2066 sub-

311 2055 440 2123 μίξιν
478 2056 602 2117 μίαν,
638 2053 921 2119 ἑτεροούσιοι
959 2076 1068 2118 τυγ’
1136 2095 1314 2137 stantiae

311 2139 556 2206 χάνουσαι,
588 2138 692 2189 οὐδὲ
731 2137 932 2203 ὁποτέρα
965 2137 1065 2187 σώ-

363 2252 459 2285 Haec
486 2251 624 2296 primus
650 2250 758 2284 edidit
782 2262 824 2284 ex
852 2249 997 2283 Leontio
1023 2248 1161 2283 Hieros.
1189 2254 1310 2283 contra
1336 2247 1620 2292 Monophysstas,
1642 2246 1792 2280 frustula
1814 2256 1897 2279 vero

314 2297 485 2343 quaedam
507 2309 548 2331 ex
566 2309 669 2342 opere
688 2297 729 2330 de
749 2297 992 2331 Incarnatione
1012 2296 1129 2329 Maius
1149 2294 1308 2339 (Scriptt.
1326 2295 1420 2328 Vett.
1437 2300 1463 2328 t.
1481 2294 1539 2328 vii.
1556 2299 1596 2327 ut
1614 2304 1717 2337 supra
1735 2304 1769 2337 p.
1788 2293 1895 2335 420):

314 2344 409 2379 unde
435 2350 467 2377 et
492 2345 618 2378 iterum
644 2344 782 2388 collegit
809 2343 952 2377 Patrum
981 2342 1072 2376 Bibl.
1100 2342 1202 2375 Nova
1227 2342 1260 2375 ii.
1280 2341 1360 2384 486.
1412 2340 1662 2385 [Homiliarum
1689 2339 1780 2372 inter
1803 2339 1896 2382 frag-

315 2397 432 2424 menta
457 2391 598 2424 exhibet
624 2391 673 2433 (x.
690 2401 702 2423 1
714 2401 725 2423 1
737 2401 749 2423 1
761 2389 793 2434 1)
814 2390 947 2433 Migne,
974 2388 1034 2422 sed
1052 2394 1091 2422 ut
1116 2388 1203 2422 mihi
1221 2387 1360 2421 videtur
1376 2395 1428 2420 est
1445 2389 1552 2431 λόγου
1571 2385 1716 2431 [videsis
1734 2383 1894 2429 titulum]

315 2448 386 2470 non
408 2436 581 2470 Homiliae
598 2437 833 2481 fragmentum
860 2436 904 2470 cf.
922 2442 955 2468 et
980 2435 1099 2469 titulos
1125 2435 1225 2468 infra.
1278 2434 1440 2467 Frustula
1465 2445 1504 2466 ca
1529 2444 1617 2477 quae
1642 2431 1781 2465 exhibet
1805 2443 1895 2475 opus

316 2482 358 2516 de
385 2483 632 2523 incarnatione,
659 2482 826 2516 exhibent
850 2488 884 2515 et
909 2482 944 2514 in
973 2481 1063 2514 Bibl.
1090 2486 1210 2514 nostra
1237 2479 1426 2513 Bodleiana
1453 2478 1541 2512 Cod.
1560 2478 1664 2512 Misc.
1686 2478 1750 2519 184
1776 2478 1896 2522 (quem

316 2541 336 2562 a
358 2535 398 2562 ut
420 2540 524 2572 supra
542 2541 575 2572 p.
593 2540 663 2570 420
680 2529 831 2572 signavi)
849 2534 882 2561 et
900 2527 1122 2571 Nicephorus
1143 2527 1177 2560 in
1197 2525 1427 2559 antirrheticis
1445 2530 1567 2559 contra
1584 2524 1714 2558 Euseb.
1733 2524 1769 2557 in
1788 2523 1896 2557 Dom.

318 2575 411 2608 Pitra
426 2575 545 2619 Spicil.
561 2574 772 2608 Solesmensi
790 2575 812 2608 i.
827 2583 907 2619 479,
926 2573 992 2607 Sub
1009 2573 1111 2607 titulo
1129 2573 1164 2606 ἐκ
1178 2575 1237 2606 τοῦ
1249 2573 1334 2616 πρὸς
1350 2571 1586 2615 Ἀλεξανδρεῖς
1597 2571 1896 2615 προσφωνητικοῦ.

316 2621 474 2654 Titulum
492 2623 552 2655 τοῦ
570 2621 671 2655 αὐτοῦ
689 2621 724 2654 ἐκ
745 2623 804 2653 τοῦ
830 2621 1115 2664 προσφωνητικοῦ
1131 2620 1216 2662 πρὸς
1238 2618 1463 2662 ἆλεξανδρέας
1479 2618 1556 2661 περὶ
1575 2618 1723 2652 πίστεως
1739 2618 1847 2661 λόγου
1864 2627 1895 2650 a.

318 2667 378 2701 fol.
396 2668 440 2709 48
458 2668 635 2700 etiterum
654 2667 762 2700 citans
784 2667 946 2710 κυρίλλου
971 2665 1006 2698 ἐκ
1032 2667 1092 2708 τῆς
1117 2666 1201 2708 πρὸς
1222 2663 1447 2708 ἀλεξανδρὲας
1471 2664 1655 2707 ἐπιστολῆς
1680 2675 1699 2697 a
1724 2663 1782 2696 fol.
1802 2671 1845 2707 73
1863 2675 1897 2696 v.

318 2713 470 2748 exhibet.
517 2713 548 2746 T
550 2713 675 2746 itulum
701 2718 733 2746 et
758 2713 955 2756 fragmenta
982 2711 1103 2744 Latina
1128 2723 1146 2744 e
1172 2710 1347 2756 Synodico
1373 2722 1392 2744 a
1418 2710 1519 2755 Lupo
1542 2710 1767 2754 transcripto,
1793 2720 1899 2754 opera

317 2766 343 2793 t.
363 2760 419 2794 vii.
438 2771 472 2804 p.
491 2760 571 2804 378,
589 2765 667 2803 post
686 2759 820 2792 Maium
839 2764 871 2791 et
890 2758 1012 2802 Migne
1030 2757 1189 2791 exhibeo.

366 2817 470 2849 4-14.
496 2806 635 2839 exhibet
654 2817 683 2839 a.
702 2805 761 2838 fol.
780 2805 836 2847 48.
1034 2804 1137 2845 8—14.
1164 2803 1271 2836 citant
1296 2809 1329 2837 et
1356 2803 1543 2837 Choniates
1569 2809 1602 2837 et
1629 2801 1854 2847 Euthymiu8‚
1879 2813 1898 2834 e

321 2851 502 2886 Choniatis
515 2852 603 2886 Cod.
618 2851 865 2885 Lam-florent.
879 2850 1019 2884 exhibet
1037 2850 1196 2894 (Patrum
1212 2849 1303 2884 Bibl.
1323 2849 1437 2890 Nova,
1454 2850 1501 2883 iii.
1518 2850 1582 2894 287
1602 2849 1709 2893 partis
1728 2848 1897 2890 Latinae),

321 2899 448 2939 Maius,
467 2899 561 2934 unde
585 2898 707 2944 repetit
732 2898 857 2931 iterum
880 2897 1013 2941 Migne.
1229 2907 1355 2941 20—p.
1373 2905 1455 2941 539,
1475 2907 1505 2930 2.
1531 2896 1671 2930 exhibet
1688 2901 1758 2929 eta
1775 2894 1834 2928 fol.
1852 2894 1897 2936 48

320 2945 386 2978 sub
405 2945 464 2978 fin.
655 2955 709 2988 23.
735 2945 893 2988 ὁπότεροι
911 2944 1075 2985 σώζονται
1092 2954 1122 2977 a.
