2012 3272
432 140 501 182 IN
538 139 884 182 EPISTOLAM
926 139 1008 180 AD
1052 139 1384 181 HEBRAEOS.
1621 142 1704 182 423

113 248 299 316 ἕΧονϊος
349 251 426 300 καὶ
474 250 585 313 ἡμῖν
634 247 875 315 ἀραρότως
925 253 1008 299 τοῦ
1057 250 1134 299 καὶ
1185 250 1506 317 ἐμψυχῶσθαι
1562 205 1818 317 ψυχῇ[486
1836 205 1917 246 M.]

115 332 285 398 λογικῇ
324 329 406 382 τὸν
444 331 673 382 ἑνωθέντα
712 334 777 400 τῷ
818 329 963 400 Λόγῳ
1003 329 1132 381 ναόν.

186 501 391 559 Κυρίλλου
429 502 476 544 ἐκ
512 505 589 544 wic
625 501 855 559 ἑρμΗνείαε
893 505 970 543 τῆς
1007 500 1115 558 Πρὸς
1152 501 1351 559 ἑβραίουε
1387 503 1634 544 ἐπιστολῆς.

195 616 272 666 Οὐ
298 614 391 681 γὰρ
417 614 474 679 ἧν
499 615 751 682 ἀνθρώπου
776 619 928 684 ψιλοῦ
960 617 1035 666 καὶ
1070 620 1164 667 τῶν
1192 617 1299 666 καθ’
1334 617 1454 680 ἡμᾶς
1486 615 1599 680 ἑνὸς,
1627 619 1708 680 τῆς

73 715 95 754 5
117 720 236 748 κατα
275 697 424 765 φύσιν
463 697 580 763 ζωῆς
619 698 945 764 ἀποπεραίνειν
978 697 1210 749 δύνασθαι
1243 698 1329 762 τὴν
1360 699 1605 764 ἐνέργειαν,
1634 697 1709 749 διὰ

286 785 314 808 66

116 784 255 830 τοῦτο
334 778 490 845 χάριτι
519 782 644 829 Θεοῦ
662 780 685 794 ”
720 781 796 829 καὶ
824 776 938 829 αὐτὸ
970 778 1024 829 τὸ
1057 783 1202 843 σῶμα
1231 785 1314 830 τοῦ
1346 781 1399 830 δι’
1431 780 1550 843 ἡμᾶς
1579 782 1708 830 ἐναν-
1728 801 1907 843 11011119.

118 859 461 926 θρωπήσαντος
483 859 658 925 Λόγου,
679 860 828 910 καίτοι
855 859 974 910 κατὰ
995 859 1145 927 φύσιν
1172 859 1305 914 ὄντος
1333 859 1463 926 ζωῆς,
1486 860 1601 927 ὑπὲρ
1626 864 1708 925 τῆς

117 940 338 993 ἁπάντων
376 942 614 1007 σωτηρίας
654 941 885 1006 ἐγεύσατο
924 942 1143 1004 θανάτου,
1171 942 1293 992 καθά
1330 948 1482 1011 φησιν
1513 941 1651 995 αὐτὸς
1683 943 1707 992 ὁ

119 1023 364 1089 ἱερώτατος
392 1027 603 1086 Παῦλος,
629 1023 704 1074 ἵνα
737 1021 803 1087 μὴ
834 1028 917 1073 τοῦ
951 1023 1116 1088 γηΐνου
1155 1023 1377 1087 σώματος
1417 1024 1556 1090 ἔργον
1594 1022 1709 1074 εἶναι

51 1136 101 1161 10
120 1106 363 1169 νομισθείη
389 1104 442 1156 τὸ
469 1107 767 1171 καταργῆσαι
793 1104 1010 1166 θάνατον,
1039 1105 1181 1156 αὐτοῦ
1220 1105 1268 1156 δὲ
1308 1105 1364 1169 δὴ
1403 1110 1594 1169 μᾶλλον
1625 1111 1709 1157 τοῦ

120 1187 367 1241 ἑνωθέντος
393 1188 517 1256 αὐτῷ
549 1189 625 1238 καὶ
650 1188 764 1253 παρ’
793 1186 906 1237 αὐτὸ
933 1186 1092 1253 ἑτέρου
1120 1186 1239 1238 κατὰ
1279 1187 1431 1255 φύσιν
1470 1187 1708 1256 ὑπάρχον-

120 1292 201 1324 τος
230 1269 408 1335 Λόγου.

172 1419 202 1443 1.
229 1423 282 1443 και
298 1409 395 1453 prius
414 1414 637 1453 assumptum
655 1420 695 1442 ex
714 1420 744 1443 a.
817 1409 870 1442 καὶ
888 1409 946 1442 alt.
965 1419 1035 1443 om.
1056 1407 1291 1454 Nicephorus.
1542 1420 1573 1443 2.
1599 1408 1708 1454 vada]

123 1454 365 1500 Sequebatur
358 1467 394 1489 ln
413 1455 479 1489 Ed.
499 1455 656 1489 scholion
673 1453 767 1489 aliud
786 1456 850 1489 Καὶ
868 1456 906 1489 οὐ
924 1455 1391 1500 διαιρετέον-διατηροῦντες
1404 1455 1517 1496 αὐτάς,
1529 1467 1546 1490 e
1559 1456 1709 1490 Scholils

123 1501 166 1536 de
182 1501 426 1536 Incarnatione
444 1502 616 1546 unigeniti
632 1513 711 1546 cap.
725 1513 766 1546 13
786 1501 1027 1546 desumptum
1092 1513 1125 1546 3.
1147 1502 1226 1535 Hoc
1246 1502 1405 1536 scholion
1422 1502 1524 1536 nobis
1544 1502 1710 1547 suppedi-

122 1553 173 1582 tat
197 1560 228 1582 a.
246 1548 306 1582 fol.
324 1559 369 1592 90
387 1560 419 1582 v.
443 1560 581 1582 necnon
599 1548 718 1582 Maius
742 1548 793 1592 (in
820 1559 923 1592 opere
952 1547 994 1582 de
1022 1547 1266 1582 Incarnatione
1293 1548 1436 1594 Scriptt.
1455 1548 1550 1582 Vett.
1576 1555 1602 1583 t.
1621 1548 1710 1592 vii..)

125 1594 263 1628 Citatur
282 1600 316 1628 et
340 1595 376 1628 in
396 1594 525 1628 Codice
544 1594 793 1639 Vatopediensi
812 1595 887 1637 (τοῦ
903 1594 1164 1635 βατοπαιδίου’
1147 1609 1182 1628 εν
1198 1594 1268 1638 ὅρει
1286 1595 1369 1642 ἁγίω
1388 1594 1466 1630 cod.
1486 1595 1530 1640 76
1548 1607 1615 1629 sec.
1634 1595 1710 1639 xii.)

124 1640 296 1675 Niketae
289 1653 325 1674 1n
344 1640 380 1675 S.
394 1640 526 1675 Lucam
542 1640 693 1674 Catenae
710 1646 844 1686 partem
861 1641 998 1674 tertiam
1017 1641 1219 1683 continenti,
1238 1641 1309 1675 soll.
1328 1631 1408 1686 498,
1424 1654 1504 1687 499,
1524 1641 1589 1676 sub
1607 1642 1711 1675 titulo

123 1687 320 1731 κυρίλλου
304 1701 341 1721 εκ
358 1691 425 1722 τῶν
440 1688 526 1731 πρὸς
543 1687 712 1731 ἑβραίους.
844 1687 1071 1730 4.Inc.Ot')1<
1089 1686 1128 1731 ἦν
1145 1688 1182 1721 δέ
1201 1687 1710 1733 Ν11ςθῐξ18.10.νομισθῇ

123 1733 205 1768 Nic.
269 1734 310 1778 δὴ
327 1745 397 1768 0111.
416 1733 502 1768 Nik.

171 1830 264 1866 Sunt
288 1835 462 1875 praeterea
486 1830 682 1874 fragmenta
708 1841 818 1874 pauca
842 1829 1015 1876 quaedam
1033 1830 1156 1864 Latine
1182 1830 1347 1864 extantia.
1399 1830 1518 1864 Maius
1544 1830 1581 1864 in
1602 1830 1711 1875 praef.

123 1877 166 1911 ad
184 1877 379 1922 fragmenta
396 1876 585 1911 Niketiana
606 1877 643 1910 in
661 1877 856 1921 Epistolam
876 1876 919 1910 ad
941 1877 1121 1911 Hebraeos
1146 1876 1188 1911 de
1205 1876 1409 1911 auctoribus
1429 1877 1465 1910 S.
1486 1877 1658 1922 Cyrillum
1675 1878 1712 1911 in

124 1924 318 1968 Epistolam
343 1923 580 1968 supradictam
605 1923 881 1957 memorantibus
908 1923 1107 1958 Fabricium
1122 1923 1181 1963 (Β
1201 1923 1244 1957 G.
1264 1923 1319 1957 ed.
1338 1935 1419 1958 nov.
1438 1923 1480 1957 T.
1499 1923 1545 1957 ix.
1572 1936 1605 1968 p.
1625 1923 1710 1968 495)

124 1971 235 2005 citans
262 1969 356 2010 dicit,
402 1969 524 2010 ,Sunt
552 1974 668 2003 autem
695 1969 882 2004 Facundus
919 1969 1196 2010 Hermianensis,
1222 1969 1478 2010 Theodoretus‚
1503 1969 1712 2004 Theodorus

123 2016 357 2059 ‚,Abucaras,
376 2016 609 2060 Ephraemius
627 2015 869 2056 antiochenus,
882 2016 1081 2050 Alexandel
1100 2016 1397 2060 Hierapolitanus‚
1416 2022 1538 2050 auctor
1555 2016 1712 2061 synodici

138 2068 286 2104 ,contra
310 2062 467 2107 tragoed.
487 2062 591 2102 Iren„
610 2062 820 2096 Anastasius
846 2062 970 2096 sinaita
994 2063 1030 2096 in
1054 2062 1172 2106 hodeg
1174 2074 1206 2096 o.
1212 2063 1234 2077 '⁹
1285 2062 1340 2096 Ex
1365 2062 1420 2097 his
1446 2068 1528 2102 tres,
1547 2029 1711 2097 T5heodo-

124 2115 238 2143 retum
255 2121 392 2153 nempe,
411 2089 655 2152 Ephraimium
678 2110 775 2149 Ant„
794 2109 1021 2143 Anastasium
1048 2108 1123 2143 Sin.
1144 2108 1274 2143 Graece
1299 2109 1517 2143 scribentes'
1505 2121 1577 2161 Jam
1597 2109 1710 2143 citavi.

71 2188 77 2192 .
124 2155 181 2190 De
196 2155 384 2190 Theodoro
406 2155 494 2188 nihil
518 2155 630 2189 habeo
656 2161 885 2199 compertum.
937 2155 1032 2189 Dicit
1058 2155 1236 2189 Fabricius
1262 2180 1283 2198 „
1299 2161 1332 2189 et
1348 2154 1534 2189 Theodoro
1560 2155 1597 2188 in
1621 2155 1711 2189 libro

123 2228 147 2243 ‚,
166 2201 217 2237 ὅτι
242 2203 260 2235 6
284 2201 394 2246 πατὴρ
420 2201 471 2235 ἀεὶ
495 2204 606 2246 γεννᾷ.
609 2200 627 2212 ”
653 2201 748 2235 unde
767 2201 885 2235 Maius
910 2201 947 2235 in
972 2201 1183 2246 praefatione
1208 2201 1457 2241 „Theodorus
1488 2201 1711 2235 Abucarasss'

126 2248 196 2282 Sed
225 2248 314 2282 inter
342 2259 447 2291 opera
471 2247 648 2281 Theodori
677 2247 860 2281 Abucarae
885 2259 973 2293 quae
999 2253 1148 2287 exstant,
1174 2258 1246 2281 non
1271 2247 1442 2281 habemus
1468 2247 1535 2280 nisi
1559 2247 1712 2291 διάλεξιν

127 2293 216 2333 [non
227 2293 414 2339 librum]
395 2308 447 2328 οτι
464 2296 482 2327 6
499 2294 609 2338 πατὴρ
626 2294 677 2327 ἀεὶ
694 2296 806 2338 γεννᾷ,
822 2305 885 2328 nec
904 2294 1030 2328 citatur
1048 2292 1100 2338 Cy
1093 2294 1213 2327 rillus.
1245 2293 1442 2328 Fabricium
1461 2294 1551 2327 inter
1567 2294 1711 2328 investi-

124 2341 281 2385 gationes
307 2346 422 2374 tantas
450 2340 621 2374 librorum
648 2346 721 2374 tam
747 2340 1000 2384 impressorum
1030 2351 1135 2385 quam
1162 2341 1482 2384 manuscriptorum
1511 2340 1710 2375 citationem

123 2387 215 2421 hanc
231 2386 371 2426 vidisse,
390 2386 573 2420 verisimile
590 2392 654 2426 est,
673 2385 733 2420 sed
751 2386 823 2427 ubi,
842 2392 902 2420 aut
920 2386 1104 2430 cujusnam
1128 2386 1306 2420 Theodori
1331 2386 1458 2420 nescio.
1519 2385 1710 2421 Citationes

124 2445 143 2467 e
167 2433 325 2467 versione
342 2432 468 2467 Latina
491 2444 509 2467 e
530 2431 696 2468 Facundo
720 2432 978 2473 Hermianensi,
996 2432 1151 2467 Auctore
1170 2432 1348 2479 Synodici,
1365 2431 1567 2467 Alexandro
1587 2433 1710 2467 Hiera-

124 2479 279 2525 politano
297 2484 503 2525 sequuntur.
