1981 3267
268 130 322 171 78
660 131 710 173 Β.
745 130 1027 172 CYRILLI
1069 131 1451 173 ALEXANDR.
1684 130 1852 183 xix.15.

340 237 582 306 Ἐπιτήρει
609 240 657 291 δὲ
682 239 830 292 πάλιν
855 241 904 291 ἐν
929 240 1110 295 τούτοις
1145 247 1228 292 τοῦ
1262 242 1582 309 συγγραφέως
1608 240 1694 304 τὴν
1717 239 1848 305 ἀκρί·

267 325 415 381 βειαν.
486 323 539 372 οὐ
580 321 674 388 γὰρ
717 321 801 373 τὸν
842 325 993 386 δῆμον
1032 322 1124 390 ε”φη
1168 325 1251 387 τῆς
1296 325 1418 374 οὕτω
1463 321 1856 384 δυσσεβεστάτης

268 402 498 472 κατάρξαι
533 408 707 471 φωνῆς,
736 404 867 455 ἀλλά
901 404 1050 456 πάλιν
1076 403 1242 459 αὐτοὺς
1277 404 1384 459 τοῦς
1418 406 1636 471 ἡγεῖσθαι
1672 404 1854 472 λαχόν-

267 508 367 538 τας.
424 485 712 556 ἐκραύγασαν
739 484 846 552 γὰρ,
874 489 1040 555 φησὶν,
1070 493 1105 537 οἱ
1131 490 1357 556 ἀρχιερεῖς,
1386 493 1630 554 πανταχοῦ
1660 486 1854 548 δεικνὺς,

269 566 341 618 ὅτι
375 573 471 621 τοῖς
506 566 782 633 ἡγουμένοις
817 572 1202 619 κατακολουθοῦν
1226 566 1281 619 τὸ
1311 567 1515 633 ὑπήκοον
1540 569 1713 636 ἠνέχθη
1741 567 1858 620 κατὰ
1877 581 1899 620 5

230 653 467 715 θπετρῶν,
508 652 584 700 καὶ
636 653 699 704 εἷς
750 647 803 701 τὸ
855 652 938 714 τῆς
987 651 1225 704 ἀπωλείας
1273 651 1545 702 κατώλισθε
1596 650 1856 718 βάραθρον.

270 730 539 782 εὐθύνονται
565 731 721 783 τοίνυν
747 735 789 782 οὶ
814 733 1054 799 ἀρχιερεῖς,
1081 734 1145 786 ὡς
1176 733 1230 783 οὑ
1260 730 1406 796 μόνον
1431 732 1516 787 τὰς
1552 734 1669 786 ἰδίας
1703 734 1856 784 ἀπολ-

268 811 435 867 λύντες
462 813 640 882 ψυχὰς,
664 811 798 864 ἀλλὰ
823 815 900 864 καὶ
930 819 1026 868 τοῖς
1064 813 1154 865 ὑπὸ
1190 819 1324 882 χεῖρα
1358 818 1493 868 λαοῖς
1526 817 1609 879 τῆς
1643 814 1861 880 ὀλεθρίου

268 897 537 964 μιαιφονίας
589 897 721 947 αὐτοὶ
771 894 1017 962 γεγονότες
1067 895 1291 962 ἡγεμόνες
1340 899 1417 948 καὶ
1473 899 1735 964 στρατηγοὶ
1785 899 1861 948 καὶ

268 979 521 1044 παραίτιοι,
550 978 760 1045 καθάπερ
786 978 949 1043 ἀμέλει
975 980 1051 1029 καὶ
1083 980 1108 1029 ὁ
1143 978 1394 1047 προφήτης
1420 978 1586 1033 αὐτοὺς
1612 983 1862 1047 κατῃτιᾶτο
1883 993 1933 1019 10
1979 969 1981 989 ἦ

270 1064 399 1121 βοῶν
439 1059 600 1111 ““Οτι
637 1065 781 1127 παγὶς
823 1059 1071 1127 ἐγενήθητε
1114 1065 1174 1129 τῇ
1221 1066 1416 1130 σκοπιᾷ,
1458 1064 1534 1112 καὶ
1575 1064 1637 1116 ὡς
1678 1062 1862 1112 δίκτυον

271 1149 299 1172 “
323 1142 623 1206 ἐκτεταμένον
659 1144 733 1194 ἐπὶ
766 1141 820 1194 τὸ
859 1142 1114 1209 ἱταβύριον,
1151 1141 1176 1194 ὃ
1212 1147 1255 1194 οἱ
1288 1143 1564 1210 ἀγρεύοντες
1597 1143 1684 1208 τὴν
1714 1142 1864 1210 θήραν

272 1231 299 1254 “
325 1223 641 1293 κατέπηξανρ
691 1223 899 1276 σκοπιάν
937 1224 1031 1291 γὰρ
1069 1226 1117 1275 ἐν
1154 1224 1336 1279 τούτοις
1378 1227 1612 1277 ἀποκαλεῖ
1647 1225 1732 1290 τὴν
1769 1230 1864 1276 τῶν

47 1061 130 1092 Hos.
144 1072 175 1092 v.

273 1304 363 1356 ὑπὸ
403 1311 536 1373 χεῖρα
573 1305 779 1370 πληθὺν,
811 1306 1101 1373 τεταγμένην
1138 1306 1301 1374 ὥσπερ
1338 1307 1425 1372 τὴν
1462 1313 1557 1359 τῶν
1596 1308 1865 1374 ἡγουμένων

275 1388 690 1439 κατασκέπτεσθαι
716 1389 974 1451 πολιτείαν,
1005 1388 1309 1441 διαπλάττειν
1335 1389 1383 1440 δὲ
1410 1391 1532 1441 οὕτω
1557 1389 1642 1454 τὴν
1668 1392 1857 1441 ἑαυτῶν.
1886 1408 1934 1446 15
1978 1431 1981 1442 ,

47 1473 448 1523 1056Α.3σκοποὶ
488 1470 582 1538 γὰρ
622 1470 698 1522 διὰ
739 1477 879 1522 τοῦτο
922 1471 1053 1538 παρὰ
1098 1477 1194 1526 τοῖς
1234 1472 1385 1537 ἁγίοις
1423 1473 1673 1538 κέκληνται
1712 1472 1865 1538 γράμ-

275 1576 426 1617 μασιν
461 1556 503 1604 οὶ
543 1558 674 1604 λαῶν
705 1553 1086 1621 προτεταγμένοι.
1139 1556 1283 1619 παγὶς
1321 1555 1403 1604 οῦν
1437 1555 1529 1622 ἄρα
1567 1558 1644 1606 καὶ
1681 1555 1867 1606 δίκτυον

271 1640 330 1702 τῇ
368 1639 548 1703 σκοπιᾷ
585 1635 846 1700 γεγόνασιν
887 1642 922 1686 οἱ
961 1639 1173 1706 ἀρχιερεῖς
1215 1636 1346 1687 αὐτοὶ
1385 1638 1460 1687 καὶ
1501 1640 1584 1701 τῆς
1625 1637 1867 1704 ἀρνήσεως

273 1716 542 1785 ἀρξάμενοι,
570 1719 645 1767 καὶ
673 1716 781 1771 τοὺς
807 1717 987 1771 ἄλλους
1014 1715 1225 1771 ἅπαντας
1251 1720 1684 1774 συναναπείσαντες
1711 1720 1866 1786 λέγειν

272 1803 372 1851 Οὐκ
420 1799 577 1867 ἔχομεν
622 1799 831 1860 βασιλέα
877 1805 910 1851 εἰ
954 1798 1016 1867 μὴ
1061 1802 1291 1868 Καίσαρα.
1359 1805 1579 1861 τολμῶσι
1630 1801 1678 1852 δὲ
1728 1808 1866 1853 τοῦτο
1888 1825 1938 1848 20
1977 1841 1980 1850 .

273 1881 428 1947 λέγειν
459 1884 501 1932 οἱ
541 1882 751 1945 δείλαιοι,
778 1881 926 1933 καίτοι
966 1888 1048 1933 τοῦ
1085 1886 1209 1933 Θεοῦ
1248 1885 1324 1933 καὶ
1360 1883 1553 1949 Πατρὸς
1591 1883 1667 1934 διὰ
1706 1888 1867 1952 φωνῆς

274 1968 357 2014 τοῦ
390 1963 640 2033 προφήτου
675 1963 761 2028 τὴν
793 1970 876 2015 τοῦ
914 1967 1134 2030 Σωτῆρος
1171 1966 1326 2018 αὐτοῖς
1357 1966 1868 2032 προκαταγγέλλοντος

274 2047 455 2116 ἄφιξιν,
495 2049 615 2099 οὕτω
656 2072 706 2100 τε
747 2053 956 2110 βοῶντος
995 2053 1191 2116 (ίΧαῖρε
1238 2049 1433 2116 σφόδρα
1474 2049 1677 2115 θύγατερ
1720 2048 1864 2111 Σιὼν,

274 2137 301 2159 66

50 2047 149 2078 Zac-h.
165 2047 208 2077 ix.

328 2130 523 2196 κήρυττε
551 2131 754 2198 θύγατερ
782 2130 1117 2198 Ἰερουσαλήμ·
1160 2130 1259 2182 ἰδοῦ
1285 2132 1310 2181 ὁ
1341 2131 1571 2191 βασιλεύς
1606 2154 1698 2182 σου
1731 2131 1861 2198 ἔρχε-

276 2301 302 2324 “
329 2296 402 2345 ἐπὶ
428 2295 678 2361 ὑποζύγιον
704 2298 780 2345 καὶ
806 2300 973 2346 πῶλον
999 2295 1148 2346 νέον.”
1191 2299 1235 2346 οἱ
1266 2294 1314 2346 δὲ
1345 2296 1493 2346 καίτοι
1520 2299 1585 2364 τῷ
1609 2296 1759 2365 πώλῳ
1785 2298 1867 2359 τῆς

226 2217 253 2258 b
275 2219 302 2241 ‘⁶
327 2213 408 2263 ταί
442 2236 521 2263 σοι
561 2214 733 2266 δίκαιος
768 2216 843 2264 καὶ
879 2212 1060 2278 σώζων,
1093 2212 1233 2266 αὐτὸς
1270 2212 1423 2279 πραῢς
1461 2216 1536 2263 καὶ
1575 2213 1866 2277 ἐπιβεβηκὼς
1889 2234 1937 2273 25
1974 2195 1981 2286 ξ

1974 2292 1981 2370 ἓ

276 2374 386 2426 ὄνου
417 2374 500 2426 τὸν
526 2378 717 2440 Ἰησοῦν
744 2377 1060 2444 ἐποχούμενον
1087 2377 1409 2443 ἀνενεγκόντες
1444 2381 1505 2431 εἷς
1530 2377 1864 2444 Ἱεροσόλυμα,
1975 2374 1979 2387 ’

275 2458 488 2520 πανδημί
510 2480 559 2508 τε
588 2459 767 2521 νηπίοις
793 2459 911 2522 ὁμοῦ
937 2463 1038 2511 ταῖς
1065 2460 1180 2525 ὑπὲρ
1207 2459 1456 2526 ἄνθρωπον
1481 2459 1869 2527 καταστέψαντες

276 2539 536 2607 εὐφημίαις,
564 2539 780 2607 ἔφασκον
807 2539 900 2605 γάρ
928 2547 955 2569 “
977 2541 1312 2606 Εὐλογημένος
1348 2542 1372 2591 ὁ
1406 2541 1655 2608 ἐρχόμενος
1680 2543 1728 2592 ἐν
1757 2542 1863 2592 ὀνό-

276 2628 303 2650 “
329 2643 442 2683 ματι
484 2620 700 2687 Κυριόυ,”
734 2626 1010 2683 καταβοῶσι
1049 2624 1162 2685 νυνὶ,
1197 2621 1346 2686 μόνην
1379 2621 1746 2692 ἐπιγραφόμενοι
1784 2623 1869 2687 τὴν
1889 2645 1939 2681 3ο
1976 2629 1981 2690 ᾗ

275 2703 524 2766 Ῥωμαίων
562 2702 726 2771 ἀρχὴν,
768 2705 844 2753 καὶ
883 2706 966 2767 τῆς
1010 2705 1100 2755 ὑπὸ
1140 2708 1249 2773 Θεῷ
1288 2706 1540 2765 βασιλείας
1584 2705 1666 2756 τὸν
1704 2710 1870 2758 οἰκεῖον
1978 2701 1979 2707 ¹

51 2544 212 2594 SMatth.

52 2599 119 2619 xm.
132 2598 162 2630 9.

328 2891 380 2914 11.
408 2880 605 2925 ἐγεννήθητε
624 2880 665 2914 Ε.
807 2892 860 2915 12.
889 2882 1134 2927 ἐκτεταμμένον
1152 2883 1192 2918 Ε.
1266 2883 1435 2929 ἷτακὺριον
1453 2884 1495 2919 Ε.
1641 2886 1696 2920 28.
1722 2885 1871 2930 πανδημί

279 2927 319 2961 Ε.
338 2928 492 2972 πανδημῆ
511 2928 606 2962 Aub.
625 2928 791 2973 πανδημεί
810 2928 945 2975 Migne.
