<?xml version="1.0" encoding="UTF-8"?>
<!DOCTYPE html PUBLIC "-//W3C//DTD XHTML 1.0 Transitional//EN"
    "http://www.w3.org/TR/xhtml1/DTD/xhtml1-transitional.dtd">
<html xmlns="http://www.w3.org/1999/xhtml" xml:lang="en" lang="en">
 <head>
  <title>
</title>
<meta http-equiv="Content-Type" content="text/html;charset=utf-8" />
  <meta name='ocr-system' content='tesseract 3.04.00' />
  <meta name='ocr-capabilities' content='ocr_page ocr_carea ocr_par ocr_line ocrx_word'/>
</head>
<body>
  <div class='ocr_page' id='page_1' title='image "./operacyrilli05cyriuoft/operacyrilli05cyriuoft_0064.png"; bbox 0 0 1981 3267; ppageno 0'>
   <div class='ocr_carea' id='block_1_1' title="bbox 286 137 1866 193">
    <p class='ocr_par' dir='ltr' id='par_1_1' title="bbox 286 137 1866 193">
     <span class='ocr_line' id='line_1_1' title="bbox 286 137 1866 193; baseline 0 -15"><span class='ocrx_word' id='word_1_1' title='bbox 286 140 340 178; x_wconf 85' lang='lat'>50</span> <span class='ocrx_word' id='word_1_2' title='bbox 688 139 737 179; x_wconf 85' lang='grc' dir='ltr'>Β.</span> <span class='ocrx_word' id='word_1_3' title='bbox 772 137 1041 178; x_wconf 88' lang='lat' dir='ltr'>CYRILLI</span> <span class='ocrx_word' id='word_1_4' title='bbox 1084 138 1465 178; x_wconf 88' lang='lat' dir='ltr'><strong>ALEXANDR.</strong></span> <span class='ocrx_word' id='word_1_5' title='bbox 1583 138 1780 192; x_wconf 58' lang='lat' dir='ltr'>xviii.3‘1‚</span> <span class='ocrx_word' id='word_1_6' title='bbox 1801 151 1866 193; x_wconf 84' lang='lat'>32.</span> 
     </span>
    </p>
   </div>
   <div class='ocr_carea' id='block_1_2' title="bbox 285 245 1870 312">
    <p class='ocr_par' dir='ltr' id='par_1_2' title="bbox 285 245 1870 312">
     <span class='ocr_line' id='line_1_2' title="bbox 285 245 1870 312; baseline 0 -16"><span class='ocrx_word' id='word_1_7' title='bbox 285 254 312 275; x_wconf 76' lang='lat'>‘⁶</span> <span class='ocrx_word' id='word_1_8' title='bbox 338 246 409 297; x_wconf 81' lang='grc' dir='ltr'>ὅτι</span> <span class='ocrx_word' id='word_1_9' title='bbox 443 246 694 311; x_wconf 81' lang='grc' dir='ltr'>ἠσεβησαν</span> <span class='ocrx_word' id='word_1_10' title='bbox 721 251 782 300; x_wconf 79' lang='grc' dir='ltr'>εἷς</span> <span class='ocrx_word' id='word_1_11' title='bbox 816 247 911 310; x_wconf 79' lang='grc' dir='ltr'>ἐμέ·</span> <span class='ocrx_word' id='word_1_12' title='bbox 953 245 1046 311; x_wconf 80' lang='grc' dir='ltr'>ἐγὼ</span> <span class='ocrx_word' id='word_1_13' title='bbox 1082 245 1128 296; x_wconf 79' lang='grc' dir='ltr'>δὲ</span> <span class='ocrx_word' id='word_1_14' title='bbox 1163 246 1508 312; x_wconf 84' lang='grc' dir='ltr'>ἐλυτρωσάμην</span> <span class='ocrx_word' id='word_1_15' title='bbox 1535 247 1713 308; x_wconf 84' lang='grc' dir='ltr'>αὐτους,</span> <span class='ocrx_word' id='word_1_16' title='bbox 1741 247 1870 296; x_wconf 79' lang='grc' dir='ltr'>αὐτοὶ</span> 
     </span>
    </p>
   </div>
   <div class='ocr_carea' id='block_1_3' title="bbox 283 326 1241 393">
    <p class='ocr_par' dir='ltr' id='par_1_3' title="bbox 283 326 1241 393">
     <span class='ocr_line' id='line_1_3' title="bbox 283 326 1241 393; baseline -0.003 -13"><span class='ocrx_word' id='word_1_17' title='bbox 283 336 310 357; x_wconf 85' lang='grc'><strong>“</strong></span> <span class='ocrx_word' id='word_1_18' title='bbox 337 327 386 379; x_wconf 79' lang='grc' dir='ltr'>δὲ</span> <span class='ocrx_word' id='word_1_19' title='bbox 413 327 752 393; x_wconf 86' lang='grc' dir='ltr'>κατελάλησαν</span> <span class='ocrx_word' id='word_1_20' title='bbox 777 327 875 379; x_wconf 88' lang='grc' dir='ltr'>κατ’</span> <span class='ocrx_word' id='word_1_21' title='bbox 903 329 1015 391; x_wconf 83' lang='grc' dir='ltr'>ἐμοῦ</span> <span class='ocrx_word' id='word_1_22' title='bbox 1040 326 1241 393; x_wconf 80' lang='grc' dir='ltr'>ψευδῆ.”</span> 
     </span>
    </p>
   </div>
   <div class='ocr_carea' id='block_1_4' title="bbox 216 473 1828 528">
    <p class='ocr_par' dir='ltr' id='par_1_4' title="bbox 216 473 1828 528">
     <span class='ocr_line' id='line_1_4' title="bbox 216 473 1828 528; baseline -0.001 -10"><span class='ocrx_word' id='word_1_23' title='bbox 216 493 261 528; x_wconf 84' lang='lat'>31</span> <span class='ocrx_word' id='word_1_24' title='bbox 335 474 462 520; x_wconf 75' lang='grc' dir='ltr'>Εἶπεν</span> <span class='ocrx_word' id='word_1_25' title='bbox 501 476 573 519; x_wconf 78' lang='grc' dir='ltr'>οὖν</span> <span class='ocrx_word' id='word_1_26' title='bbox 613 474 757 518; x_wconf 68' lang='grc' dir='ltr'>αὐτοῖς</span> <span class='ocrx_word' id='word_1_27' title='bbox 794 478 817 518; x_wconf 87' lang='grc' dir='ltr'>ὁ</span> <span class='ocrx_word' id='word_1_28' title='bbox 854 477 1042 517; x_wconf 74' lang='grc' dir='ltr'>Πιλάτοο</span> <span class='ocrx_word' id='word_1_29' title='bbox 1079 476 1237 526; x_wconf 79' lang='grc' dir='ltr'>Λάβετε</span> <span class='ocrx_word' id='word_1_30' title='bbox 1275 477 1404 519; x_wconf 80' lang='grc' dir='ltr'>αὐτὸν</span> <span class='ocrx_word' id='word_1_31' title='bbox 1443 473 1575 527; x_wconf 71' lang='grc' dir='ltr'>ὑμεῖς,</span> <span class='ocrx_word' id='word_1_32' title='bbox 1615 476 1684 517; x_wconf 78' lang='grc' dir='ltr'>καὶ</span> <span class='ocrx_word' id='word_1_33' title='bbox 1722 476 1828 518; x_wconf 79' lang='grc' dir='ltr'>κατὰ</span> 
     </span>
    </p>
   </div>
   <div class='ocr_carea' id='block_1_5' title="bbox 682 558 1475 616">
    <p class='ocr_par' dir='ltr' id='par_1_5' title="bbox 682 558 1475 616">
     <span class='ocr_line' id='line_1_5' title="bbox 682 558 1475 616; baseline 0.003 -16"><span class='ocrx_word' id='word_1_34' title='bbox 682 559 755 601; x_wconf 83' lang='grc' dir='ltr'>τὸν</span> <span class='ocrx_word' id='word_1_35' title='bbox 795 559 925 607; x_wconf 79' lang='grc' dir='ltr'>νόμον</span> <span class='ocrx_word' id='word_1_36' title='bbox 964 559 1083 607; x_wconf 81' lang='grc' dir='ltr'>ὑμῶν</span> <span class='ocrx_word' id='word_1_37' title='bbox 1122 558 1291 616; x_wconf 81' lang='grc' dir='ltr'><em>κρίνατε</em></span> <span class='ocrx_word' id='word_1_38' title='bbox 1330 559 1475 603; x_wconf 80' lang='grc' dir='ltr'>αὐτόν.</span> 
     </span>
    </p>
   </div>
   <div class='ocr_carea' id='block_1_6' title="bbox 238 666 1943 1475">
    <p class='ocr_par' dir='ltr' id='par_1_6' title="bbox 283 666 1915 899">
     <span class='ocr_line' id='line_1_6' title="bbox 357 666 1915 736; baseline 0.001 -18"><span class='ocrx_word' id='word_1_39' title='bbox 357 667 456 718; x_wconf 87' lang='grc' dir='ltr'>Τὸν</span> <span class='ocrx_word' id='word_1_40' title='bbox 501 669 570 719; x_wconf 84' lang='grc' dir='ltr'>ἐπ’</span> <span class='ocrx_word' id='word_1_41' title='bbox 615 669 779 730; x_wconf 76' lang='grc' dir='ltr'>οὐδενὶ,</span> <span class='ocrx_word' id='word_1_42' title='bbox 824 669 961 736; x_wconf 80' lang='grc' dir='ltr'>φησὶ,</span> <span class='ocrx_word' id='word_1_43' title='bbox 1004 671 1098 717; x_wconf 79' lang='grc' dir='ltr'>τῶν</span> <span class='ocrx_word' id='word_1_44' title='bbox 1138 666 1328 718; x_wconf 80' lang='grc' dir='ltr'>ἀτόπων</span> <span class='ocrx_word' id='word_1_45' title='bbox 1365 668 1693 732; x_wconf 80' lang='grc' dir='ltr'>ἐληλεγμένον,</span> <span class='ocrx_word' id='word_1_46' title='bbox 1735 667 1868 717; x_wconf 84' lang='grc' dir='ltr'>ἀδιά-</span> <span class='ocrx_word' id='word_1_47' title='bbox 1893 681 1915 719; x_wconf 89' lang='grc'><em>5</em></span> 
     </span>
     <span class='ocr_line' id='line_1_7' title="bbox 283 748 1872 816; baseline -0.002 -15"><span class='ocrx_word' id='word_1_48' title='bbox 283 774 441 816; x_wconf 91' lang='grc' dir='ltr'>κριτον</span> <span class='ocrx_word' id='word_1_49' title='bbox 481 749 528 801; x_wconf 78' lang='grc' dir='ltr'>δὲ</span> <span class='ocrx_word' id='word_1_50' title='bbox 566 751 676 815; x_wconf 89' lang='grc' dir='ltr'>παρ’</span> <span class='ocrx_word' id='word_1_51' title='bbox 719 751 848 813; x_wconf 81' lang='grc' dir='ltr'>ὑμῶν</span> <span class='ocrx_word' id='word_1_52' title='bbox 887 749 1181 813; x_wconf 77' lang='grc' dir='ltr'>ὑπομένοντα</span> <span class='ocrx_word' id='word_1_53' title='bbox 1225 749 1310 814; x_wconf 84' lang='grc' dir='ltr'>τὴν</span> <span class='ocrx_word' id='word_1_54' title='bbox 1350 748 1641 816; x_wconf 83' lang='grc' dir='ltr'>κατάῤῥησιν</span> <span class='ocrx_word' id='word_1_55' title='bbox 1679 753 1779 803; x_wconf 83' lang='grc' dir='ltr'>ταῖς</span> <span class='ocrx_word' id='word_1_56' title='bbox 1823 750 1872 799; x_wconf 81' lang='grc' dir='ltr'>ἐκ</span> 
     </span>
     <span class='ocr_line' id='line_1_8' title="bbox 284 830 1872 899; baseline -0.001 -17"><span class='ocrx_word' id='word_1_57' title='bbox 284 832 439 895; x_wconf 86' lang='grc' dir='ltr'>νόμων</span> <span class='ocrx_word' id='word_1_58' title='bbox 490 834 729 883; x_wconf 79' lang='grc' dir='ltr'>ὑποθεῖναι</span> <span class='ocrx_word' id='word_1_59' title='bbox 778 836 975 893; x_wconf 78' lang='grc' dir='ltr'>ποιναῖς,</span> <span class='ocrx_word' id='word_1_60' title='bbox 1020 832 1119 894; x_wconf 78' lang='grc' dir='ltr'>ἐμοὶ</span> <span class='ocrx_word' id='word_1_61' title='bbox 1172 831 1256 895; x_wconf 78' lang='grc' dir='ltr'>μὲν</span> <span class='ocrx_word' id='word_1_62' title='bbox 1307 832 1360 881; x_wconf 82' lang='grc' dir='ltr'>οὐ</span> <span class='ocrx_word' id='word_1_63' title='bbox 1411 832 1552 894; x_wconf 78' lang='grc' dir='ltr'>θέμις,</span> <span class='ocrx_word' id='word_1_64' title='bbox 1609 832 1774 899; x_wconf 75' lang='grc' dir='ltr'>κρίνατε</span> <span class='ocrx_word' id='word_1_65' title='bbox 1824 830 1872 881; x_wconf 78' lang='grc' dir='ltr'>δὲ</span> 
     </span>
    </p>

    <p class='ocr_par' dir='ltr' id='par_1_7' title="bbox 238 912 1943 1475">
     <span class='ocr_line' id='line_1_9' title="bbox 238 912 1869 981; baseline -0.002 -16"><span class='ocrx_word' id='word_1_66' title='bbox 238 918 474 978; x_wconf 71' lang='grc' dir='ltr'>(ἱμᾶλλον</span> <span class='ocrx_word' id='word_1_67' title='bbox 520 915 650 964; x_wconf 75' lang='grc' dir='ltr'>αὐτοὶ</span> <span class='ocrx_word' id='word_1_68' title='bbox 694 912 819 964; x_wconf 61' lang='grc' dir='ltr'>κατα</span> <span class='ocrx_word' id='word_1_69' title='bbox 859 914 924 964; x_wconf 65' lang='grc' dir='ltr'>τὶν</span> <span class='ocrx_word' id='word_1_70' title='bbox 972 913 1192 979; x_wconf 76' lang='grc' dir='ltr'>ὑμέτερον</span> <span class='ocrx_word' id='word_1_71' title='bbox 1234 914 1366 981; x_wconf 75' lang='grc' dir='ltr'>νόμον,</span> <span class='ocrx_word' id='word_1_72' title='bbox 1408 912 1534 978; x_wconf 71' lang='grc' dir='ltr'>ε’ίπερ</span> <span class='ocrx_word' id='word_1_73' title='bbox 1580 913 1684 977; x_wconf 76' lang='grc' dir='ltr'>ἄρα,</span> <span class='ocrx_word' id='word_1_74' title='bbox 1729 914 1869 981; x_wconf 74' lang='grc' dir='ltr'>φησὶ,</span> 
     </span>
     <span class='ocr_line' id='line_1_10' title="bbox 282 993 1868 1061; baseline -0.001 -15"><span class='ocrx_word' id='word_1_75' title='bbox 282 997 358 1046; x_wconf 77' lang='grc' dir='ltr'>καὶ</span> <span class='ocrx_word' id='word_1_76' title='bbox 403 995 486 1046; x_wconf 83' lang='grc' dir='ltr'>τὸν</span> <span class='ocrx_word' id='word_1_77' title='bbox 531 996 804 1046; x_wconf 85' lang='grc' dir='ltr'>ἀνυπαίτιον</span> <span class='ocrx_word' id='word_1_78' title='bbox 848 999 1094 1048; x_wconf 74' lang='grc' dir='ltr'>παντελῶς</span> <span class='ocrx_word' id='word_1_79' title='bbox 1140 994 1424 1060; x_wconf 74' lang='grc' dir='ltr'>κολάζεσθαι</span> <span class='ocrx_word' id='word_1_80' title='bbox 1471 997 1565 1045; x_wconf 83' lang='grc' dir='ltr'>δεῖν</span> <span class='ocrx_word' id='word_1_81' title='bbox 1606 993 1868 1061; x_wconf 78' lang='grc' dir='ltr'>διετάξατο.</span> 
     </span>
     <span class='ocr_line' id='line_1_11' title="bbox 281 1076 1943 1143; baseline 0 -15"><span class='ocrx_word' id='word_1_82' title='bbox 281 1076 435 1142; x_wconf 71' lang='grc' dir='ltr'>γέλως</span> <span class='ocrx_word' id='word_1_83' title='bbox 480 1076 528 1128; x_wconf 78' lang='grc' dir='ltr'>δὲ</span> <span class='ocrx_word' id='word_1_84' title='bbox 573 1076 718 1130; x_wconf 80' lang='grc' dir='ltr'>ὅντως</span> <span class='ocrx_word' id='word_1_85' title='bbox 764 1078 817 1127; x_wconf 84' lang='grc' dir='ltr'>οὐ</span> <span class='ocrx_word' id='word_1_86' title='bbox 863 1076 1040 1142; x_wconf 81' lang='grc' dir='ltr'>μικρὸς,</span> <span class='ocrx_word' id='word_1_87' title='bbox 1086 1081 1278 1140; x_wconf 83' lang='grc' dir='ltr'>μᾶλλον</span> <span class='ocrx_word' id='word_1_88' title='bbox 1325 1077 1373 1127; x_wconf 78' lang='grc' dir='ltr'>δὲ</span> <span class='ocrx_word' id='word_1_89' title='bbox 1419 1076 1594 1143; x_wconf 86' lang='grc' dir='ltr'>θρήνου</span> <span class='ocrx_word' id='word_1_90' title='bbox 1639 1079 1873 1141; x_wconf 81' lang='grc' dir='ltr'>διηνεκοῦς</span> <span class='ocrx_word' id='word_1_91' title='bbox 1896 1099 1943 1124; x_wconf 89' lang='lat'>10</span> 
     </span>
     <span class='ocr_line' id='line_1_12' title="bbox 281 1156 1868 1227; baseline 0 -18"><span class='ocrx_word' id='word_1_92' title='bbox 281 1159 430 1227; x_wconf 71' lang='grc' dir='ltr'>ἄξιον,</span> <span class='ocrx_word' id='word_1_93' title='bbox 457 1162 494 1209; x_wconf 79' lang='grc' dir='ltr'>εἷ</span> <span class='ocrx_word' id='word_1_94' title='bbox 531 1163 572 1210; x_wconf 82' lang='grc' dir='ltr'>οἱ</span> <span class='ocrx_word' id='word_1_95' title='bbox 607 1158 692 1223; x_wconf 73' lang='grc' dir='ltr'>μὲν</span> <span class='ocrx_word' id='word_1_96' title='bbox 726 1160 835 1225; x_wconf 87' lang='grc' dir='ltr'>παρ’</span> <span class='ocrx_word' id='word_1_97' title='bbox 855 1156 1074 1222; x_wconf 56' lang='grc' dir='ltr'>“Έλλησι</span> <span class='ocrx_word' id='word_1_98' title='bbox 1115 1161 1345 1209; x_wconf 84' lang='grc' dir='ltr'>δικαιοῦσι</span> <span class='ocrx_word' id='word_1_99' title='bbox 1387 1157 1519 1221; x_wconf 88' lang='grc' dir='ltr'>νόμοι</span> <span class='ocrx_word' id='word_1_100' title='bbox 1558 1157 1641 1209; x_wconf 83' lang='grc' dir='ltr'>τὸν</span> <span class='ocrx_word' id='word_1_101' title='bbox 1670 1157 1868 1224; x_wconf 82' lang='grc' dir='ltr'>Κύριον,</span> 
     </span>
     <span class='ocr_line' id='line_1_13' title="bbox 282 1238 1872 1307; baseline 0 -15"><span class='ocrx_word' id='word_1_102' title='bbox 282 1244 344 1294; x_wconf 86' lang='grc' dir='ltr'>ὡς</span> <span class='ocrx_word' id='word_1_103' title='bbox 379 1243 453 1292; x_wconf 75' lang='grc' dir='ltr'>καὶ</span> <span class='ocrx_word' id='word_1_104' title='bbox 488 1240 701 1307; x_wconf 74' lang='grc' dir='ltr'>κολάζειν</span> <span class='ocrx_word' id='word_1_105' title='bbox 732 1241 932 1304; x_wconf 82' lang='grc' dir='ltr'>ὀκνῆσαι</span> <span class='ocrx_word' id='word_1_106' title='bbox 967 1240 1183 1290; x_wconf 82' lang='grc' dir='ltr'>Πιλάτον</span> <span class='ocrx_word' id='word_1_107' title='bbox 1214 1238 1357 1291; x_wconf 73' lang='grc' dir='ltr'>αὐτὸν</span> <span class='ocrx_word' id='word_1_108' title='bbox 1391 1241 1459 1291; x_wconf 87' lang='grc' dir='ltr'>ἐπ’</span> <span class='ocrx_word' id='word_1_109' title='bbox 1489 1240 1691 1304; x_wconf 79' lang='grc' dir='ltr'>ἀσήμοις</span> <span class='ocrx_word' id='word_1_110' title='bbox 1726 1241 1872 1292; x_wconf 74' lang='grc' dir='ltr'>οὕτως</span> 
     </span>
     <span class='ocr_line' id='line_1_14' title="bbox 281 1321 1868 1390; baseline -0.001 -17"><span class='ocrx_word' id='word_1_111' title='bbox 281 1323 551 1388; x_wconf 86' lang='grc' dir='ltr'>ἐγκλήμασι</span> <span class='ocrx_word' id='word_1_112' title='bbox 581 1323 932 1388; x_wconf 79' lang='grc' dir='ltr'>προσηγμένον,</span> <span class='ocrx_word' id='word_1_113' title='bbox 965 1326 1007 1373; x_wconf 77' lang='grc' dir='ltr'>οἱ</span> <span class='ocrx_word' id='word_1_114' title='bbox 1046 1321 1094 1372; x_wconf 76' lang='grc' dir='ltr'>δὲ</span> <span class='ocrx_word' id='word_1_115' title='bbox 1135 1325 1209 1373; x_wconf 81' lang='grc' dir='ltr'>καὶ</span> <span class='ocrx_word' id='word_1_116' title='bbox 1249 1325 1344 1373; x_wconf 82' lang='grc' dir='ltr'>δεῖν</span> <span class='ocrx_word' id='word_1_117' title='bbox 1376 1321 1690 1373; x_wconf 84' lang='grc' dir='ltr'>ἀποτεθνάναι</span> <span class='ocrx_word' id='word_1_118' title='bbox 1723 1323 1868 1390; x_wconf 80' lang='grc' dir='ltr'>φασὶ,</span> 
     </span>
     <span class='ocr_line' id='line_1_15' title="bbox 282 1404 1720 1475; baseline -0.001 -19"><span class='ocrx_word' id='word_1_119' title='bbox 282 1406 429 1456; x_wconf 87' lang='grc' dir='ltr'>καίτοι</span> <span class='ocrx_word' id='word_1_120' title='bbox 456 1404 584 1474; x_wconf 74' lang='grc' dir='ltr'>νόμῳ</span> <span class='ocrx_word' id='word_1_121' title='bbox 611 1408 677 1474; x_wconf 71' lang='grc' dir='ltr'>τῷ</span> <span class='ocrx_word' id='word_1_122' title='bbox 703 1406 810 1475; x_wconf 74' lang='grc' dir='ltr'>θείῳ</span> <span class='ocrx_word' id='word_1_123' title='bbox 836 1407 1242 1470; x_wconf 79' lang='grc' dir='ltr'>παιδαγωγεῖσθαι</span> <span class='ocrx_word' id='word_1_124' title='bbox 1268 1405 1720 1472; x_wconf 83' lang='grc' dir='ltr'>μεγαλαυχούμενοι.</span> 
     </span>
    </p>
   </div>
   <div class='ocr_carea' id='block_1_7' title="bbox 214 1551 1941 1694">
    <p class='ocr_par' dir='ltr' id='par_1_8' title="bbox 214 1551 1941 1694">
     <span class='ocr_line' id='line_1_16' title="bbox 285 1551 1941 1609; baseline -0.002 -13"><span class='ocrx_word' id='word_1_125' title='bbox 285 1551 415 1597; x_wconf 76' lang='grc' dir='ltr'>Εἶπον</span> <span class='ocrx_word' id='word_1_126' title='bbox 467 1553 539 1596; x_wconf 74' lang='grc' dir='ltr'>οὖν</span> <span class='ocrx_word' id='word_1_127' title='bbox 590 1555 707 1609; x_wconf 77' lang='grc' dir='ltr'>αὐτῷ</span> <span class='ocrx_word' id='word_1_128' title='bbox 757 1553 794 1595; x_wconf 81' lang='grc' dir='ltr'>οἱ</span> <span class='ocrx_word' id='word_1_129' title='bbox 838 1551 1043 1595; x_wconf 73' lang='grc' dir='ltr'>Ἰουδαῖοι</span> <span class='ocrx_word' id='word_1_130' title='bbox 1085 1553 1214 1602; x_wconf 72' lang='grc' dir='ltr'>“Ημῖν</span> <span class='ocrx_word' id='word_1_131' title='bbox 1269 1554 1345 1594; x_wconf 82' lang='grc' dir='ltr'>οὐκ</span> <span class='ocrx_word' id='word_1_132' title='bbox 1399 1554 1563 1597; x_wconf 73' lang='grc' dir='ltr'>ἔξεστιν</span> <span class='ocrx_word' id='word_1_133' title='bbox 1619 1551 1941 1603; x_wconf 79' lang='grc' dir='ltr'>ἁποκτεῖναιῐ5</span> 
     </span>
     <span class='ocr_line' id='line_1_17' title="bbox 214 1632 1868 1694; baseline -0.001 -15"><span class='ocrx_word' id='word_1_134' title='bbox 214 1651 260 1687; x_wconf 83' lang='grc'>32</span> <span class='ocrx_word' id='word_1_135' title='bbox 349 1638 517 1689; x_wconf 70' lang='grc' dir='ltr'>οὐδένα,</span> <span class='ocrx_word' id='word_1_136' title='bbox 555 1638 624 1679; x_wconf 78' lang='grc' dir='ltr'>ἵνα</span> <span class='ocrx_word' id='word_1_137' title='bbox 662 1638 684 1680; x_wconf 85' lang='grc' dir='ltr'>ὁ</span> <span class='ocrx_word' id='word_1_138' title='bbox 723 1638 850 1685; x_wconf 57' lang='lat' dir='ltr'>&gt;xm-oc</span> <span class='ocrx_word' id='word_1_139' title='bbox 887 1640 960 1679; x_wconf 82' lang='grc' dir='ltr'>τοῦ</span> <span class='ocrx_word' id='word_1_140' title='bbox 990 1637 1130 1679; x_wconf 80' lang='grc' dir='ltr'>ἸΗσοῦ</span> <span class='ocrx_word' id='word_1_141' title='bbox 1169 1640 1394 1694; x_wconf 60' lang='grc' dir='ltr'>Πλι-ιρωθῇ,</span> <span class='ocrx_word' id='word_1_142' title='bbox 1430 1638 1478 1678; x_wconf 81' lang='grc' dir='ltr'>ὃν</span> <span class='ocrx_word' id='word_1_143' title='bbox 1517 1632 1610 1677; x_wconf 76' lang='grc' dir='ltr'>εἷπε</span> <span class='ocrx_word' id='word_1_144' title='bbox 1649 1636 1868 1685; x_wconf 82' lang='grc' dir='ltr'>σΗμαίνων</span> 
     </span>
    </p>
   </div>
   <div class='ocr_carea' id='block_1_8' title="bbox 242 1706 1231 1775">
    <p class='ocr_par' dir='ltr' id='par_1_9' title="bbox 242 1706 1231 1775">
     <span class='ocr_line' id='line_1_18' title="bbox 242 1706 1231 1775; baseline 0.001 -13"><span class='ocrx_word' id='word_1_145' title='bbox 242 1706 263 1732; x_wconf 70' lang='lat' dir='ltr'>e</span> <span class='ocrx_word' id='word_1_146' title='bbox 348 1722 459 1775; x_wconf 81' lang='grc' dir='ltr'>Ποίῳ</span> <span class='ocrx_word' id='word_1_147' title='bbox 498 1722 668 1774; x_wconf 79' lang='grc' dir='ltr'>Θανάτῳ</span> <span class='ocrx_word' id='word_1_148' title='bbox 707 1721 892 1769; x_wconf 55' lang='grc' dir='ltr'>ἔμελλεν</span> <span class='ocrx_word' id='word_1_149' title='bbox 930 1720 1231 1764; x_wconf 60' lang='grc' dir='ltr'>ἀποθνήσκειν.</span> 
     </span>
    </p>
   </div>
   <div class='ocr_carea' id='block_1_9' title="bbox 56 1826 1940 2894">
    <p class='ocr_par' dir='ltr' id='par_1_10' title="bbox 276 1826 1940 2306">
     <span class='ocr_line' id='line_1_19' title="bbox 356 1826 1869 1896; baseline -0.001 -16"><span class='ocrx_word' id='word_1_150' title='bbox 356 1830 572 1892; x_wconf 84' lang='grc' dir='ltr'>Κώλυμα</span> <span class='ocrx_word' id='word_1_151' title='bbox 600 1829 821 1894; x_wconf 82' lang='grc' dir='ltr'>γενέσθαι</span> <span class='ocrx_word' id='word_1_152' title='bbox 848 1830 1000 1896; x_wconf 82' lang='grc' dir='ltr'>φασὶν</span> <span class='ocrx_word' id='word_1_153' title='bbox 1027 1829 1195 1890; x_wconf 79' lang='grc' dir='ltr'>αὐτοῖς,</span> <span class='ocrx_word' id='word_1_154' title='bbox 1224 1831 1298 1879; x_wconf 83' lang='grc' dir='ltr'>καὶ</span> <span class='ocrx_word' id='word_1_155' title='bbox 1325 1828 1488 1893; x_wconf 80' lang='grc' dir='ltr'>ὥσπερ</span> <span class='ocrx_word' id='word_1_156' title='bbox 1522 1851 1567 1879; x_wconf 91' lang='grc' dir='ltr'>τι</span> <span class='ocrx_word' id='word_1_157' title='bbox 1596 1826 1869 1889; x_wconf 82' lang='grc' dir='ltr'>βιαιότατον</span> 
     </span>
     <span class='ocr_line' id='line_1_20' title="bbox 277 1908 1869 1977; baseline -0.001 -15"><span class='ocrx_word' id='word_1_158' title='bbox 277 1911 623 1977; x_wconf 87' lang='grc' dir='ltr'>παραπόδισμα</span> <span class='ocrx_word' id='word_1_159' title='bbox 650 1914 732 1975; x_wconf 79' lang='grc' dir='ltr'>τῆς</span> <span class='ocrx_word' id='word_1_160' title='bbox 758 1911 954 1961; x_wconf 79' lang='grc' dir='ltr'>ἀνοσίου</span> <span class='ocrx_word' id='word_1_161' title='bbox 985 1912 1270 1977; x_wconf 76' lang='grc' dir='ltr'>μιαιφονίας,</span> <span class='ocrx_word' id='word_1_162' title='bbox 1297 1908 1379 1961; x_wconf 82' lang='grc' dir='ltr'>τὸν</span> <span class='ocrx_word' id='word_1_163' title='bbox 1405 1911 1480 1961; x_wconf 83' lang='grc' dir='ltr'>ἐπι</span> <span class='ocrx_word' id='word_1_164' title='bbox 1511 1916 1595 1961; x_wconf 88' lang='grc' dir='ltr'>τοῦ</span> <span class='ocrx_word' id='word_1_165' title='bbox 1625 1909 1869 1975; x_wconf 80' lang='grc' dir='ltr'>προβάτου</span> 
     </span>
     <span class='ocr_line' id='line_1_21' title="bbox 278 1991 1940 2061; baseline -0.002 -17"><span class='ocrx_word' id='word_1_166' title='bbox 278 1996 451 2061; x_wconf 81' lang='grc' dir='ltr'>σφαγῇ</span> <span class='ocrx_word' id='word_1_167' title='bbox 476 1992 807 2058; x_wconf 87' lang='grc' dir='ltr'>πληρουμενον</span> <span class='ocrx_word' id='word_1_168' title='bbox 833 1991 1084 2058; x_wconf 86' lang='grc' dir='ltr'>ἁγνισμον,</span> <span class='ocrx_word' id='word_1_169' title='bbox 1112 1992 1239 2058; x_wconf 80' lang='grc' dir='ltr'>εἴπερ</span> <span class='ocrx_word' id='word_1_170' title='bbox 1265 2015 1335 2046; x_wconf 78' lang='grc' dir='ltr'>τις</span> <span class='ocrx_word' id='word_1_171' title='bbox 1365 1991 1422 2056; x_wconf 83' lang='grc' dir='ltr'>ἧν</span> <span class='ocrx_word' id='word_1_172' title='bbox 1449 1991 1574 2045; x_wconf 79' lang='grc' dir='ltr'>ὅλως</span> <span class='ocrx_word' id='word_1_173' title='bbox 1608 1991 1737 2058; x_wconf 80' lang='grc' dir='ltr'>παρὰ</span> <span class='ocrx_word' id='word_1_174' title='bbox 1773 1996 1868 2045; x_wconf 87' lang='grc' dir='ltr'>τοῖς</span> <span class='ocrx_word' id='word_1_175' title='bbox 1892 2015 1940 2040; x_wconf 82' lang='lat'>20</span> 
     </span>
     <span class='ocr_line' id='line_1_22' title="bbox 279 2073 1862 2142; baseline -0.001 -17"><span class='ocrx_word' id='word_1_176' title='bbox 279 2076 426 2126; x_wconf 84' lang='grc' dir='ltr'>ἐκεῖνα</span> <span class='ocrx_word' id='word_1_177' title='bbox 463 2074 824 2140; x_wconf 77' lang='grc' dir='ltr'>τετολμηκόσιν.</span> <span class='ocrx_word' id='word_1_178' title='bbox 879 2074 1040 2142; x_wconf 80' lang='grc' dir='ltr'>ηγάρ</span> <span class='ocrx_word' id='word_1_179' title='bbox 1080 2073 1136 2125; x_wconf 87' lang='grc' dir='ltr'>ἀν</span> <span class='ocrx_word' id='word_1_180' title='bbox 1169 2078 1243 2125; x_wconf 81' lang='grc' dir='ltr'>καὶ</span> <span class='ocrx_word' id='word_1_181' title='bbox 1281 2075 1391 2125; x_wconf 85' lang='grc' dir='ltr'>λίαν</span> <span class='ocrx_word' id='word_1_182' title='bbox 1423 2075 1617 2137; x_wconf 81' lang='grc' dir='ltr'>ἑτοιμως</span> <span class='ocrx_word' id='word_1_183' title='bbox 1652 2078 1713 2127; x_wconf 77' lang='grc' dir='ltr'>εἷς</span> <span class='ocrx_word' id='word_1_184' title='bbox 1750 2073 1862 2124; x_wconf 82' lang='grc' dir='ltr'>ἀσέ-</span> 
     </span>
     <span class='ocr_line' id='line_1_23' title="bbox 276 2155 1868 2223; baseline 0.001 -16"><span class='ocrx_word' id='word_1_185' title='bbox 276 2162 411 2217; x_wconf 79' lang='grc' dir='ltr'>βειαν</span> <span class='ocrx_word' id='word_1_186' title='bbox 458 2155 586 2221; x_wconf 79' lang='grc' dir='ltr'>ἦσαν</span> <span class='ocrx_word' id='word_1_187' title='bbox 642 2159 905 2223; x_wconf 84' lang='grc' dir='ltr'>αὐτουργοι,</span> <span class='ocrx_word' id='word_1_188' title='bbox 955 2161 1037 2221; x_wconf 82' lang='grc' dir='ltr'>τῆς</span> <span class='ocrx_word' id='word_1_189' title='bbox 1094 2157 1251 2223; x_wconf 81' lang='grc' dir='ltr'>ἑτέρου</span> <span class='ocrx_word' id='word_1_190' title='bbox 1310 2157 1578 2220; x_wconf 78' lang='grc' dir='ltr'>συμπνοίας·</span> <span class='ocrx_word' id='word_1_191' title='bbox 1632 2155 1868 2220; x_wconf 79' lang='grc' dir='ltr'>δεηθεντες</span> 
     </span>
     <span class='ocr_line' id='line_1_24' title="bbox 278 2236 1867 2306; baseline -0.001 -16"><span class='ocrx_word' id='word_1_192' title='bbox 278 2241 508 2302; x_wconf 80' lang='grc' dir='ltr'>οὐδαμῶς.</span> <span class='ocrx_word' id='word_1_193' title='bbox 573 2239 911 2293; x_wconf 80' lang='grc' dir='ltr'>εὐπετέστατος</span> <span class='ocrx_word' id='word_1_194' title='bbox 949 2238 1043 2306; x_wconf 76' lang='grc' dir='ltr'>γὰρ</span> <span class='ocrx_word' id='word_1_195' title='bbox 1083 2243 1178 2290; x_wconf 81' lang='grc' dir='ltr'>τῶν</span> <span class='ocrx_word' id='word_1_196' title='bbox 1214 2239 1452 2290; x_wconf 88' lang='grc' dir='ltr'>Ἰουδαίων</span> <span class='ocrx_word' id='word_1_197' title='bbox 1492 2239 1516 2289; x_wconf 85' lang='grc' dir='ltr'>ὁ</span> <span class='ocrx_word' id='word_1_198' title='bbox 1556 2243 1663 2292; x_wconf 78' lang='grc' dir='ltr'>νοῦς</span> <span class='ocrx_word' id='word_1_199' title='bbox 1707 2242 1768 2291; x_wconf 81' lang='grc' dir='ltr'>εἰς</span> <span class='ocrx_word' id='word_1_200' title='bbox 1812 2236 1867 2288; x_wconf 82' lang='grc' dir='ltr'>τὸ</span> 
     </span>
    </p>

    <p class='ocr_par' dir='ltr' id='par_1_11' title="bbox 56 2319 1937 2471">
     <span class='ocr_line' id='line_1_25' title="bbox 56 2319 1867 2389; baseline 0 -20"><span class='ocrx_word' id='word_1_201' title='bbox 56 2335 261 2370; x_wconf 85' lang='lat' dir='ltr'>1036A.a</span> <span class='ocrx_word' id='word_1_202' title='bbox 278 2325 373 2372; x_wconf 84' lang='grc' dir='ltr'>πᾶν</span> <span class='ocrx_word' id='word_1_203' title='bbox 401 2323 555 2372; x_wconf 83' lang='grc' dir='ltr'>ὁτιοῦν</span> <span class='ocrx_word' id='word_1_204' title='bbox 581 2320 859 2388; x_wconf 72' lang='grc' dir='ltr'>ἐργάζεσθαι</span> <span class='ocrx_word' id='word_1_205' title='bbox 886 2320 1109 2387; x_wconf 80' lang='grc' dir='ltr'>πονηρὸν,</span> <span class='ocrx_word' id='word_1_206' title='bbox 1137 2322 1211 2372; x_wconf 79' lang='grc' dir='ltr'>καὶ</span> <span class='ocrx_word' id='word_1_207' title='bbox 1246 2320 1442 2385; x_wconf 82' lang='grc' dir='ltr'>μηδενὸς</span> <span class='ocrx_word' id='word_1_208' title='bbox 1480 2319 1742 2389; x_wconf 84' lang='grc' dir='ltr'>φείσασθαι</span> <span class='ocrx_word' id='word_1_209' title='bbox 1773 2324 1867 2370; x_wconf 78' lang='grc' dir='ltr'>τῶν</span> 
     </span>
     <span class='ocr_line' id='line_1_26' title="bbox 279 2401 1937 2471; baseline -0.002 -19"><span class='ocrx_word' id='word_1_210' title='bbox 279 2401 501 2465; x_wconf 84' lang='grc' dir='ltr'>ἐκτόπων,</span> <span class='ocrx_word' id='word_1_211' title='bbox 552 2403 700 2468; x_wconf 76' lang='grc' dir='ltr'>ἤγουν</span> <span class='ocrx_word' id='word_1_212' title='bbox 747 2405 1086 2470; x_wconf 83' lang='grc' dir='ltr'>ἐπερυθριᾶσαί</span> <span class='ocrx_word' id='word_1_213' title='bbox 1133 2426 1223 2454; x_wconf 86' lang='grc' dir='ltr'>τινι</span> <span class='ocrx_word' id='word_1_214' title='bbox 1268 2406 1362 2453; x_wconf 80' lang='grc' dir='ltr'>τῶν</span> <span class='ocrx_word' id='word_1_215' title='bbox 1412 2402 1691 2471; x_wconf 72' lang='grc' dir='ltr'>ἀπᾳδόντων</span> <span class='ocrx_word' id='word_1_216' title='bbox 1736 2405 1859 2470; x_wconf 70' lang='grc' dir='ltr'>Θεῷ.</span> <span class='ocrx_word' id='word_1_217' title='bbox 1889 2422 1937 2459; x_wconf 91' lang='lat'>25</span> 
     </span>
    </p>

    <p class='ocr_par' dir='ltr' id='par_1_12' title="bbox 278 2483 1866 2553">
     <span class='ocr_line' id='line_1_27' title="bbox 278 2483 1866 2553; baseline 0 -19"><span class='ocrx_word' id='word_1_218' title='bbox 278 2483 468 2552; x_wconf 74' lang='grc' dir='ltr'>ἀξιοῦσι</span> <span class='ocrx_word' id='word_1_219' title='bbox 518 2490 766 2550; x_wconf 86' lang='grc' dir='ltr'>τοιγαροῦν</span> <span class='ocrx_word' id='word_1_220' title='bbox 816 2487 1028 2535; x_wconf 83' lang='grc' dir='ltr'>δανεῖσαι</span> <span class='ocrx_word' id='word_1_221' title='bbox 1080 2485 1296 2535; x_wconf 80' lang='grc' dir='ltr'>Πιλάτου</span> <span class='ocrx_word' id='word_1_222' title='bbox 1346 2485 1502 2537; x_wconf 83' lang='grc' dir='ltr'>αὐτοῖς</span> <span class='ocrx_word' id='word_1_223' title='bbox 1560 2483 1646 2547; x_wconf 86' lang='grc' dir='ltr'>τὴν</span> <span class='ocrx_word' id='word_1_224' title='bbox 1696 2485 1866 2553; x_wconf 76' lang='grc' dir='ltr'>οἰκείαν</span> 
     </span>
    </p>

    <p class='ocr_par' dir='ltr' id='par_1_13' title="bbox 277 2565 1859 2631">
     <span class='ocr_line' id='line_1_28' title="bbox 277 2565 1859 2631; baseline 0 -16"><span class='ocrx_word' id='word_1_225' title='bbox 277 2566 510 2629; x_wconf 86' lang='grc' dir='ltr'>ὠμότητα,</span> <span class='ocrx_word' id='word_1_226' title='bbox 552 2568 626 2616; x_wconf 81' lang='grc' dir='ltr'>καὶ</span> <span class='ocrx_word' id='word_1_227' title='bbox 670 2569 752 2630; x_wconf 84' lang='grc' dir='ltr'>τῆς</span> <span class='ocrx_word' id='word_1_228' title='bbox 791 2567 1048 2629; x_wconf 80' lang='grc' dir='ltr'>Ἰουδαϊκῆς</span> <span class='ocrx_word' id='word_1_229' title='bbox 1092 2565 1317 2618; x_wconf 84' lang='grc' dir='ltr'>ἀπονοίας</span> <span class='ocrx_word' id='word_1_230' title='bbox 1367 2566 1591 2631; x_wconf 76' lang='grc' dir='ltr'>γενέσθαι</span> <span class='ocrx_word' id='word_1_231' title='bbox 1635 2565 1859 2629; x_wconf 88' lang='grc' dir='ltr'>μιμητὴν,</span> 
     </span>
    </p>

    <p class='ocr_par' dir='ltr' id='par_1_14' title="bbox 278 2645 1860 2716">
     <span class='ocr_line' id='line_1_29' title="bbox 278 2645 1860 2716; baseline -0.001 -18"><span class='ocrx_word' id='word_1_232' title='bbox 278 2649 568 2713; x_wconf 83' lang='grc' dir='ltr'>ὑπηρετῆσαι</span> <span class='ocrx_word' id='word_1_233' title='bbox 607 2647 655 2698; x_wconf 76' lang='grc' dir='ltr'>δὲ</span> <span class='ocrx_word' id='word_1_234' title='bbox 694 2647 869 2716; x_wconf 81' lang='grc' dir='ltr'>σφίσιν</span> <span class='ocrx_word' id='word_1_235' title='bbox 905 2647 953 2697; x_wconf 76' lang='grc' dir='ltr'>ἔν</span> <span class='ocrx_word' id='word_1_236' title='bbox 987 2670 1041 2711; x_wconf 89' lang='grc' dir='ltr'>γε</span> <span class='ocrx_word' id='word_1_237' title='bbox 1080 2651 1145 2715; x_wconf 74' lang='grc' dir='ltr'>τῷ</span> <span class='ocrx_word' id='word_1_238' title='bbox 1183 2645 1383 2712; x_wconf 85' lang='grc' dir='ltr'>παρόντι</span> <span class='ocrx_word' id='word_1_239' title='bbox 1422 2645 1567 2713; x_wconf 82' lang='grc' dir='ltr'>τυχὸν</span> <span class='ocrx_word' id='word_1_240' title='bbox 1606 2647 1688 2696; x_wconf 81' lang='grc' dir='ltr'>οὐκ</span> <span class='ocrx_word' id='word_1_241' title='bbox 1726 2648 1860 2697; x_wconf 83' lang='grc' dir='ltr'>ἐλευ-</span> 
     </span>
    </p>

    <p class='ocr_par' dir='ltr' id='par_1_15' title="bbox 277 2726 1864 2796">
     <span class='ocr_line' id='line_1_30' title="bbox 277 2726 1864 2796; baseline 0 -17"><span class='ocrx_word' id='word_1_242' title='bbox 277 2729 416 2794; x_wconf 76' lang='grc' dir='ltr'>θέραν</span> <span class='ocrx_word' id='word_1_243' title='bbox 457 2752 556 2782; x_wconf 90' lang='grc' dir='ltr'>πως</span> <span class='ocrx_word' id='word_1_244' title='bbox 600 2728 763 2796; x_wconf 71' lang='grc' dir='ltr'>ἔχουσι</span> <span class='ocrx_word' id='word_1_245' title='bbox 803 2729 889 2791; x_wconf 87' lang='grc' dir='ltr'>τὴν</span> <span class='ocrx_word' id='word_1_246' title='bbox 931 2732 993 2781; x_wconf 75' lang='grc' dir='ltr'>εἷς</span> <span class='ocrx_word' id='word_1_247' title='bbox 1032 2728 1204 2791; x_wconf 88' lang='grc' dir='ltr'>μανίαν</span> <span class='ocrx_word' id='word_1_248' title='bbox 1245 2727 1537 2793; x_wconf 86' lang='grc' dir='ltr'>ἀποδρομήν.</span> <span class='ocrx_word' id='word_1_249' title='bbox 1611 2726 1743 2777; x_wconf 79' lang='grc' dir='ltr'>ἀλλὰ</span> <span class='ocrx_word' id='word_1_250' title='bbox 1788 2730 1864 2779; x_wconf 84' lang='grc' dir='ltr'>καὶ</span> 
     </span>
    </p>

    <p class='ocr_par' dir='ltr' id='par_1_16' title="bbox 322 2847 1860 2894">
     <span class='ocr_line' id='line_1_31' title="bbox 322 2847 1860 2894; baseline 0 -11"><span class='ocrx_word' id='word_1_251' title='bbox 322 2849 354 2884; x_wconf 89' lang='lat'>6.</span> <span class='ocrx_word' id='word_1_252' title='bbox 381 2850 473 2894; x_wconf 81' lang='grc' dir='ltr'>ὑμῶν</span> <span class='ocrx_word' id='word_1_253' title='bbox 491 2849 575 2884; x_wconf 83' lang='lat' dir='ltr'><strong>E.F.</strong></span> <span class='ocrx_word' id='word_1_254' title='bbox 592 2848 642 2884; x_wconf 79' lang='grc' dir='ltr'>ἰ’σ.</span> <span class='ocrx_word' id='word_1_255' title='bbox 662 2848 754 2893; x_wconf 86' lang='grc' dir='ltr'>ἡμῶν</span> <span class='ocrx_word' id='word_1_256' title='bbox 772 2848 839 2884; x_wconf 82' lang='lat' dir='ltr'>Ed.</span> <span class='ocrx_word' id='word_1_257' title='bbox 858 2860 931 2893; x_wconf 83' lang='lat' dir='ltr'>mg.</span> <span class='ocrx_word' id='word_1_258' title='bbox 981 2848 1158 2883; x_wconf 83' lang='lat' dir='ltr'>Neutrum</span> <span class='ocrx_word' id='word_1_259' title='bbox 1176 2848 1283 2882; x_wconf 76' lang='lat' dir='ltr'><strong>habet</strong></span> <span class='ocrx_word' id='word_1_260' title='bbox 1302 2847 1369 2882; x_wconf 85' lang='lat' dir='ltr'>Ed.</span> <span class='ocrx_word' id='word_1_261' title='bbox 1578 2857 1632 2893; x_wconf 92' lang='lat'>17.</span> <span class='ocrx_word' id='word_1_262' title='bbox 1658 2848 1802 2892; x_wconf 72' lang='grc' dir='ltr'>ἔμελλεν</span> <span class='ocrx_word' id='word_1_263' title='bbox 1820 2849 1860 2883; x_wconf 87' lang='grc' dir='ltr'>Ε.</span> 
     </span>
    </p>
   </div>
   <div class='ocr_carea' id='block_1_10' title="bbox 276 2894 1861 2989">
    <p class='ocr_par' dir='ltr' id='par_1_17' title="bbox 276 2894 1861 2989">
     <span class='ocr_line' id='line_1_32' title="bbox 277 2894 1861 2941; baseline -0.001 -11"><span class='ocrx_word' id='word_1_264' title='bbox 277 2908 332 2930; x_wconf 90' lang='lat'>20.</span> <span class='ocrx_word' id='word_1_265' title='bbox 357 2895 397 2940; x_wconf 81' lang='grc' dir='ltr'>ἧν</span> <span class='ocrx_word' id='word_1_266' title='bbox 414 2908 483 2930; x_wconf 88' lang='lat' dir='ltr'>om.</span> <span class='ocrx_word' id='word_1_267' title='bbox 504 2896 638 2941; x_wconf 76' lang='lat' dir='ltr'>Migne.</span> <span class='ocrx_word' id='word_1_268' title='bbox 817 2895 872 2930; x_wconf 86' lang='lat'>26.</span> <span class='ocrx_word' id='word_1_269' title='bbox 900 2896 1051 2930; x_wconf 77' lang='grc' dir='ltr'>Πιλάτου</span> <span class='ocrx_word' id='word_1_270' title='bbox 1071 2895 1111 2929; x_wconf 90' lang='grc' dir='ltr'>Ε.</span> <span class='ocrx_word' id='word_1_271' title='bbox 1133 2895 1266 2940; x_wconf 84' lang='lat' dir='ltr'>Migne.</span> <span class='ocrx_word' id='word_1_272' title='bbox 1287 2896 1440 2929; x_wconf 82' lang='grc' dir='ltr'>Πιλάτου</span> <span class='ocrx_word' id='word_1_273' title='bbox 1459 2894 1553 2929; x_wconf 86' lang='lat' dir='ltr'><strong>Aub.</strong></span> <span class='ocrx_word' id='word_1_274' title='bbox 1741 2896 1794 2929; x_wconf 85' lang='lat'>28.</span> <span class='ocrx_word' id='word_1_275' title='bbox 1821 2910 1861 2940; x_wconf 82' lang='grc' dir='ltr'>γε</span> 
     </span>
     <span class='ocr_line' id='line_1_33' title="bbox 276 2943 619 2989; baseline 0 -13"><span class='ocrx_word' id='word_1_276' title='bbox 276 2948 496 2989; x_wconf 75' lang='lat' dir='ltr'>assumptum</span> <span class='ocrx_word' id='word_1_277' title='bbox 517 2955 557 2977; x_wconf 76' lang='lat' dir='ltr'>ex</span> <span class='ocrx_word' id='word_1_278' title='bbox 579 2943 619 2977; x_wconf 83' lang='lat' dir='ltr'>E.</span> 
     </span>
    </p>
   </div>
  </div>
 </body>
</html>
