2001 3257
279 149 360 190 106
678 148 729 191 Β.
761 147 1033 189 CYRILLI
1080 147 1463 189 ALEXANDR.
1601 147 1684 188 xix.
1703 160 1771 198 40
1786 158 1855 199 41.

53 266 140 297 Heb.
159 266 201 298 vi.
276 257 386 321 ἡμῖν
430 258 504 308 καὶ
549 256 672 324 ἀρχὴ
709 257 903 323 γέγονεν
942 258 967 308 ὃ
1004 260 1222 323 Χριστοῦ
1261 256 1478 313 θάνατος.
1542 255 1858 324 “πρόδρομος

53 318 105 340 20⁰
277 345 304 368 ‘⁶
329 338 421 405 γὰρ
460 338 574 405 ὑπὲρ
613 340 745 402 ἡμῶν
771 338 1025 403 εἶσῆλθεν”
1067 339 1222 393 αὐτός.
1278 340 1326 390 τί
1360 339 1454 406 γὰρ
1486 340 1641 406 ἕτερον
1675 338 1704 404 ἢ
1744 337 1857 389 αὐτὸ

275 418 332 484 δὴ
370 425 509 471 τοῦτο
548 419 919 484 κατασημήνειεν
954 418 1012 471 ἂν
1049 419 1103 471 τὸ
1143 420 1305 487 νεκρὸν
1344 423 1382 472 ἐν
1423 423 1551 490 κήπῳ
1591 419 1853 482 διακεκομί-

273 505 391 552 σθαι
426 500 509 552 τὸν
533 500 757 565 Ἰησοῦν;
808 500 884 552 διὰ
911 501 958 552 δὲ
989 504 1073 566 τῆς
1111 507 1194 553 τοῦ
1232 503 1456 567 μνημείου
1495 501 1778 566 καινότητος,
1805 500 1858 552 τὸ

273 581 460 650 ἀτριβὲς
485 582 647 650 ὥσπερ
674 585 750 634 καὶ
776 583 912 652 ξένον
937 585 1019 647 τῆς
1045 585 1095 634 ἐκ
1122 583 1326 635 θανάτου
1357 583 1476 650 πρὸς
1509 584 1628 651 ζωὴν
1654 586 1847 650 ἀναδρο-
1878 598 1900 637 5

272 667 376 728 μῆς,
419 665 496 715 καὶ
540 664 568 729 ἡ
611 664 731 716 κατὰ
770 667 854 729 τῆς
899 668 1082 733 φθορᾶς
1124 666 1425 730 ἐπινοηθεῖσα
1469 666 1739 728 καινοτομία
1785 665 1860 716 διὰ

272 749 490 811 Χριστοῦ
525 747 819 811 σημαίνεται.
854 746 1009 801 καινὸς
1044 747 1137 814 γὰρ
1163 747 1295 811 ἡμῶν
1319 749 1343 798 ὁ
1371 748 1570 802 θάνατος
1597 750 1644 799 ἐν
1671 748 1858 817 θανάτῳ

272 831 489 893 Χριστοῦ
529 832 591 882 εἷς
630 829 777 879 ὕπνου
815 827 992 895 τρόπον
1024 829 1128 880 τινὰ
1162 830 1538 894 μετατεθειμένος
1576 830 1771 894 δύναμίν
1810 853 1858 881 τε

50 909 146 984 {Q-
167 910 210 940 vi.
273 910 349 960 καὶ
376 909 551 977 χρείαν.
608 910 755 977 ζῶμεν
794 910 887 977 γὰρ
914 914 979 980 τῷ
1007 915 1116 981 Θεῷ
1143 910 1301 977 ζήσειν
1326 911 1598 976 μέλλοντες,
1626 911 1745 963 κατὰ
1776 910 1860 965 τὰς

272 989 478 1060 γραφάς.
534 991 773 1059 τοιγάρτοι
801 994 876 1043 καὶ
903 994 928 1043 ὁ
953 992 1178 1059 μακάριος
1207 998 1403 1047 Παῦλος
1435 994 1530 1045 ἄνω
1557 1017 1603 1045 τε
1632 996 1706 1045 καὶ
1733 992 1858 1045 κάτω

227 1080 255 1121 d
273 1074 629 1138 κεκοιμημένους
655 1079 795 1125 καλεῖ
821 1074 929 1128 τοῦς
958 1076 1007 1125 ἐν
1031 1077 1233 1145 Χριστῷ
1263 1075 1652 1140 τελευτήσαντας.
1708 1074 1860 1127 πάλαι

271 1152 358 1218 μὲν
383 1154 476 1221 γὰρ
503 1154 621 1206 κατὰ
659 1159 742 1220 τῆς
781 1157 1004 1222 ἡμετέρας
1044 1157 1235 1225 φύσεως
1266 1156 1320 1209 τὸ
1360 1157 1509 1209 δεινὸν
1535 1164 1617 1209 τοῦ
1656 1158 1861 1209 θανάτου

50 1244 99 1275 Ib.
117 1254 209 1286 V·14·
272 1237 661 1302 κατεθρασύνετο.
720 1239 1037 1300 βεβασίλευκε
1081 1238 1173 1306 γὰρ
1220 1239 1360 1291 “o'mb
1404 1239 1561 1304 Ἀδὰμ
1606 1242 1681 1290 καὶ
1723 1240 1860 1306 μέχρι

272 1324 300 1347 “
329 1319 578 1372 Μωυσέως
616 1320 690 1369 καὶ
720 1320 794 1370 ἐπὶ
826 1318 935 1373 τοὺς
968 1320 1032 1384 μὴ
1065 1319 1434 1387 ἁμαρτήσαντας
1466 1323 1539 1373 ἐπὶ
1579 1325 1644 1390 τῷ
1684 1323 1850 1385 ὁμοιώ-

48 1399 175 1484 {5⁰29
274 1406 300 1429 ‘⁶
325 1422 438 1463 ματι
463 1402 546 1463 τῆς
571 1400 893 1464 παραβάσεως
915 1400 1105 1465 Ἀδάμ,”
1145 1406 1219 1452 καὶ
1246 1403 1573 1469 πεφορέκαμεν
1599 1402 1684 1467 τὴν
1707 1402 1857 1454 εἰκόνα

271 1487 355 1532 τοῦ
393 1487 568 1549 χοϊκοῦ,
604 1482 710 1533 καθ’
751 1481 1004 1547 ὁμοιότητα
1040 1482 1125 1547 τὴν
1166 1485 1352 1546 ἐκείνου,
1390 1484 1473 1535 τὸν
1515 1486 1565 1536 ἐκ
1608 1488 1690 1549 τῆς
1735 1486 1859 1539 θείας

271 1565 385 1629 ἀρᾶς
425 1563 732 1627 ὑπομένοντες
771 1562 987 1617 θάνατον.
1038 1565 1197 1630 ἐπειδὴ
1233 1566 1332 1617 δὲὸ
1365 1567 1576 1634 δεύτερος
1616 1568 1725 1631 ἡμῖν
1751 1567 1857 1618 ἔπε’-

271 1648 468 1713 λαμψεν
503 1645 660 1710 Ἀδὰμ,
687 1648 711 1697 ὁ
739 1647 858 1700 θεῖός
890 1670 940 1697 τε
966 1649 1042 1698 καὶ
1069 1648 1125 1716 ἐξ
1158 1649 1370 1714 οὐρανοῦ,
1398 1650 1473 1699 καὶ
1512 1652 1594 1712 τῆς
1636 1649 1860 1700 ἁπάντων

231 1749 254 1777 e
271 1727 609 1794 ὑπεραθλήσας
647 1728 777 1795 ζωῆς,
804 1731 870 1798 τῷ
910 1728 1097 1799 θανάτῳ
1123 1732 1207 1794 τῆς
1247 1732 1361 1784 ἰδίας
1394 1731 1573 1796 σαρκὸς
1600 1730 1684 1795 τὴν
1710 1730 1860 1782 ἁπάν-

270 1832 364 1860 των
394 1808 513 1875 ζωὴν
543 1810 804 1878 ἐξεπρίατο,
833 1816 907 1861 καὶ
944 1811 997 1862 τὸ
1034 1815 1117 1875 τῆς
1157 1816 1340 1880 φθορᾶς
1378 1813 1655 1866 καταλύσας
1691 1812 1859 1878 κράτος

269 1891 441 1952 ἀνεβίω
479 1892 639 1955 πάλιν,
675 1893 1074 1957 μετεπλάσθημεν
1116 1898 1176 1947 εἷς
1215 1894 1369 1946 εἰκόνα
1410 1895 1495 1959 τὴν
1541 1895 1657 1961 πρὸς
1704 1893 1858 1957 αὐτὸν,

270 1972 429 2023 καινὸν
455 1973 619 2039 ὥσπερ
645 1973 748 2025 τινὰ
774 1973 977 2026 θοῖνατον
1007 1975 1327 2039 ὑπομένοντες,
1357 1978 1439 2028 οῦκ
1465 1980 1527 2031 εἷς
1552 1978 1860 2041 ἀτελεύτητον

269 2053 391 2117 ἡμᾶς
429 2055 725 2106 καταλύοντα
761 2056 961 2123 φθορὰν,
989 2056 1100 2108 ἀλλ’
1137 2059 1283 2109 ὕπνον
1318 2059 1628 2123 ἐμβάλλοντα
1662 2059 1745 2110 τὸν
1782 2061 1860 2110 ἐλ-

269 2137 404 2190 πίδος
448 2137 653 2202 γέμοντα
691 2140 855 2202 καλῆς,
891 2139 998 2189 καθ’
1029 2138 1281 2204 ὁμοιότητα
1322 2140 1370 2191 δὲ
1410 2139 1631 2204 δηλονότι
1664 2146 1746 2192 τοῦ
1783 2142 1859 2191 καὶ

269 2217 446 2282 ταύτην
472 2219 582 2282 ἡμῖν
605 2219 958 2284 ε’γκαινίσαντος
985 2220 1070 2284 τὴν
1097 2219 1220 2284 ὁδὸν,
1245 2222 1460 2273 τουτέστι
1485 2226 1717 2288 Χριστοῦ.

345 2303 404 2350 Εἰ
445 2299 494 2351 δὲ
536 2300 592 2365 δή
631 2323 698 2355 τις
741 2301 893 2353 ἐθέλοι
937 2304 1428 2369 προσκατασκευάσαι
1468 2304 1543 2356 διὰ
1586 2311 1669 2356 τοῦ
1717 2306 1858 2357 καινὶν

49 2378 384 2431 1077Α.ιιεῖναι
420 2381 473 2433 τὸ
507 2386 705 2450 μνημεῖον
732 2387 888 2446 εἰπεῖν,
923 2385 1098 2448 μηδένα
1132 2408 1180 2436 τε
1219 2384 1343 2440 ὅλως
1378 2387 1426 2436 ἐν
1462 2388 1587 2456 αὐτῷ
1623 2391 1858 2438 τεθεῖσθαι

269 2462 514 2529 πρότερον,
544 2468 701 2518 καλῶς
729 2464 786 2515 ἂν
812 2465 910 2533 ε”χοι
935 2468 1010 2516 καὶ
1036 2471 1188 2517 τοῦτο.
1245 2467 1320 2518 ἵνα
1346 2467 1440 2534 γοῖρ
1467 2473 1589 2536 φησι
1613 2467 1678 2532 μὴ
1707 2469 1858 2534 ἕτερός

268 2566 337 2597 τις
363 2544 491 2609 παρὰ
514 2544 596 2596 τὸν
621 2547 812 2610 Ἰησοῦν
835 2546 1082 2613 ἐγηγέρθαι
1109 2547 1400 2613 πιστεύηται,
1425 2551 1567 2602 καινὶν
1593 2548 1711 2601 εἶναι’
1733 2555 1857 2618 φησι

268 2623 323 2675 τὸ
348 2628 522 2689 μνῆμα,
548 2626 730 2680 οὐδενὸς
757 2629 806 2677 ἐν
832 2629 957 2696 αὐτῷ
983 2630 1193 2683 τεθέντος
1219 2630 1424 2682 πώποτε.

319 2778 364 2806 4-
370 2775 405 2798 11
428 2765 509 2798 citat
523 2765 670 2800 semus
686 2772 806 2800 contra
823 2767 896 2800 Jul.
912 2766 1076 2812 8)ι·ι’ἰιοε
1070 2780 1101 2801 ιιι
1118 2767 1205 2802 Cod.
1223 2768 1318 2802 Mus.
1334 2769 1421 2802 Brit.
1436 2769 1543 2813 (Add
1564 2770 1761 2814 12158)f01.
1780 2779 1855 2815 127.

274 2810 381 2856 7.z'11]
407 2816 442 2852 -4-
464 2814 509 2857 τῷ
529 2824 556 2846 ιι.
683 2814 737 2847 26,
765 2813 804 2856 δή
824 2825 876 2847 as
882 2820 1047 2858 umptum
1067 2827 1107 2848 ex
1129 2815 1168 2849 Ε.
1289 2827 1345 2859 3ο.
1375 2817 1482 2859 μνῆμα
1504 2816 1543 2849 Ε.
1562 2818 1721 2859 μιημεῖον
1741 2817 1808 2852 Ed.

1879 1012 1927 1037 10

1878 1832 1928 1859 20

1877 2243 1927 2283 25

1876 2649 1927 2685 30
