<?xml version="1.0" encoding="UTF-8"?>
<!DOCTYPE html PUBLIC "-//W3C//DTD XHTML 1.0 Transitional//EN"
    "http://www.w3.org/TR/xhtml1/DTD/xhtml1-transitional.dtd">
<html xmlns="http://www.w3.org/1999/xhtml" xml:lang="en" lang="en">
 <head>
  <title>
</title>
<meta http-equiv="Content-Type" content="text/html;charset=utf-8" />
  <meta name='ocr-system' content='tesseract 3.04.00' />
  <meta name='ocr-capabilities' content='ocr_page ocr_carea ocr_par ocr_line ocrx_word'/>
</head>
<body>
  <div class='ocr_page' id='page_1' title='image "./operacyrilli05cyriuoft/operacyrilli05cyriuoft_0201.png"; bbox 0 0 2012 3272; ppageno 0'>
   <div class='ocr_carea' id='block_1_1' title="bbox 173 142 1761 188">
    <p class='ocr_par' dir='ltr' id='par_1_1' title="bbox 173 142 1761 188">
     <span class='ocr_line' id='line_1_1' title="bbox 173 142 1761 188; baseline 0.002 -4"><span class='ocrx_word' id='word_1_1' title='bbox 173 159 212 184; x_wconf 90' lang='lat' dir='ltr'>v.</span> <span class='ocrx_word' id='word_1_2' title='bbox 239 157 306 186; x_wconf 81' lang='lat'>20.</span> <span class='ocrx_word' id='word_1_3' title='bbox 505 144 574 184; x_wconf 88' lang='lat' dir='ltr'>IN</span> <span class='ocrx_word' id='word_1_4' title='bbox 612 142 955 184; x_wconf 80' lang='lat' dir='ltr'><strong>EPISTOLAM</strong></span> <span class='ocrx_word' id='word_1_5' title='bbox 992 143 1074 183; x_wconf 93' lang='lat' dir='ltr'>AD</span> <span class='ocrx_word' id='word_1_6' title='bbox 1114 143 1420 185; x_wconf 80' lang='lat' dir='ltr'><strong>ROMANOS.</strong></span> <span class='ocrx_word' id='word_1_7' title='bbox 1680 148 1761 188; x_wconf 84' lang='grc'>187</span> 
     </span>
    </p>
   </div>
   <div class='ocr_carea' id='block_1_2' title="bbox 170 212 1957 321">
    <p class='ocr_par' dir='ltr' id='par_1_2' title="bbox 170 212 1957 321">
     <span class='ocr_line' id='line_1_2' title="bbox 1877 212 1927 243; baseline 0 0"><span class='ocrx_word' id='word_1_8' title='bbox 1877 212 1927 243; x_wconf 94' lang='grc' dir='ltr'>Μ.</span> 
     </span>
     <span class='ocr_line' id='line_1_3' title="bbox 170 212 1957 321; baseline 0.001 -17"><span class='ocrx_word' id='word_1_9' title='bbox 170 252 326 315; x_wconf 74' lang='grc' dir='ltr'>νόμος.</span> <span class='ocrx_word' id='word_1_10' title='bbox 381 251 631 316; x_wconf 81' lang='grc' dir='ltr'>νενόσηκεν</span> <span class='ocrx_word' id='word_1_11' title='bbox 656 253 792 315; x_wconf 76' lang='grc' dir='ltr'>οὖνὴ</span> <span class='ocrx_word' id='word_1_12' title='bbox 826 250 973 320; x_wconf 80' lang='grc' dir='ltr'>φύσις</span> <span class='ocrx_word' id='word_1_13' title='bbox 1010 249 1095 314; x_wconf 85' lang='grc' dir='ltr'>τὴν</span> <span class='ocrx_word' id='word_1_14' title='bbox 1120 253 1352 318; x_wconf 83' lang='grc' dir='ltr'>ἁμαρτίαν</span> <span class='ocrx_word' id='word_1_15' title='bbox 1381 251 1456 304; x_wconf 61' lang='grc' dir='ltr'>ἀιέι</span> <span class='ocrx_word' id='word_1_16' title='bbox 1491 252 1565 312; x_wconf 66' lang='grc' dir='ltr'>τῆς</span> <span class='ocrx_word' id='word_1_17' title='bbox 1603 276 1756 321; x_wconf 72' lang='grc' dir='ltr'>πειρα-</span> <span class='ocrx_word' id='word_1_18' title='bbox 1813 212 1862 254; x_wconf 87' lang='lat'>[9</span> <span class='ocrx_word' id='word_1_19' title='bbox 1944 212 1957 253; x_wconf 76' lang='lat'>]</span> 
     </span>
    </p>
   </div>
   <div class='ocr_carea' id='block_1_3' title="bbox 126 331 1763 973">
    <p class='ocr_par' dir='ltr' id='par_1_3' title="bbox 167 331 1762 564">
     <span class='ocr_line' id='line_1_4' title="bbox 171 331 1756 403; baseline -0.001 -18"><span class='ocrx_word' id='word_1_20' title='bbox 171 334 270 394; x_wconf 68' lang='grc' dir='ltr'>κοῆς</span> <span class='ocrx_word' id='word_1_21' title='bbox 301 336 372 385; x_wconf 58' lang='lat' dir='ltr'>ro&amp;</span> <span class='ocrx_word' id='word_1_22' title='bbox 407 335 508 392; x_wconf 64' lang='grc' dir='ltr'>ἑνὸς,</span> <span class='ocrx_word' id='word_1_23' title='bbox 537 333 780 384; x_wconf 70' lang='grc' dir='ltr'>τουτέστιν</span> <span class='ocrx_word' id='word_1_24' title='bbox 805 331 975 394; x_wconf 83' lang='grc' dir='ltr'>Ἀδάμ·</span> <span class='ocrx_word' id='word_1_25' title='bbox 1017 333 1162 386; x_wconf 80' lang='grc' dir='ltr'>οὕτως</span> <span class='ocrx_word' id='word_1_26' title='bbox 1188 338 1446 403; x_wconf 62' lang='grc' dir='ltr'>ἁμαρτωλοὶ</span> <span class='ocrx_word' id='word_1_27' title='bbox 1479 333 1756 394; x_wconf 65' lang='grc' dir='ltr'>κατεστάθη-</span> 
     </span>
     <span class='ocr_line' id='line_1_5' title="bbox 168 414 1762 483; baseline -0.001 -16"><span class='ocrx_word' id='word_1_28' title='bbox 168 440 252 467; x_wconf 82' lang='grc' dir='ltr'>σοιν</span> <span class='ocrx_word' id='word_1_29' title='bbox 281 423 312 468; x_wconf 83' lang='grc' dir='ltr'>οἱ</span> <span class='ocrx_word' id='word_1_30' title='bbox 353 423 537 473; x_wconf 68' lang='grc' dir='ltr'>πολλοὶ,</span> <span class='ocrx_word' id='word_1_31' title='bbox 567 416 653 483; x_wconf 79' lang='grc' dir='ltr'>οὐχ</span> <span class='ocrx_word' id='word_1_32' title='bbox 689 417 750 468; x_wconf 88' lang='grc' dir='ltr'>ὡς</span> <span class='ocrx_word' id='word_1_33' title='bbox 781 419 848 483; x_wconf 86' lang='grc' dir='ltr'>τῷ</span> <span class='ocrx_word' id='word_1_34' title='bbox 874 414 1032 478; x_wconf 78' lang='grc' dir='ltr'>Ἀδὰμ</span> <span class='ocrx_word' id='word_1_35' title='bbox 1058 415 1562 481; x_wconf 81' lang='grc' dir='ltr'>συμπαραβεβηκότες,</span> <span class='ocrx_word' id='word_1_36' title='bbox 1589 417 1643 466; x_wconf 82' lang='grc' dir='ltr'>οὐ</span> <span class='ocrx_word' id='word_1_37' title='bbox 1668 415 1762 482; x_wconf 80' lang='grc' dir='ltr'>γὰρ</span> 
     </span>
     <span class='ocr_line' id='line_1_6' title="bbox 167 495 1761 564; baseline 0.001 -16"><span class='ocrx_word' id='word_1_38' title='bbox 167 495 293 561; x_wconf 79' lang='grc' dir='ltr'>ἦσαν</span> <span class='ocrx_word' id='word_1_39' title='bbox 331 498 536 560; x_wconf 85' lang='grc' dir='ltr'>πώποτε,</span> <span class='ocrx_word' id='word_1_40' title='bbox 573 499 686 548; x_wconf 83' lang='grc' dir='ltr'>ἀλλ’</span> <span class='ocrx_word' id='word_1_41' title='bbox 725 500 786 550; x_wconf 85' lang='grc' dir='ltr'>ὡς</span> <span class='ocrx_word' id='word_1_42' title='bbox 816 500 899 559; x_wconf 81' lang='grc' dir='ltr'>τῆς</span> <span class='ocrx_word' id='word_1_43' title='bbox 938 497 1110 547; x_wconf 83' lang='grc' dir='ltr'>ἐκείνου</span> <span class='ocrx_word' id='word_1_44' title='bbox 1150 495 1342 564; x_wconf 81' lang='grc' dir='ltr'>φύσεως</span> <span class='ocrx_word' id='word_1_45' title='bbox 1381 497 1511 552; x_wconf 84' lang='grc' dir='ltr'>ὄντες</span> <span class='ocrx_word' id='word_1_46' title='bbox 1549 501 1632 560; x_wconf 81' lang='grc' dir='ltr'>τῆς</span> <span class='ocrx_word' id='word_1_47' title='bbox 1672 496 1761 549; x_wconf 80' lang='grc' dir='ltr'>ὑπὸ</span> 
     </span>
    </p>

    <p class='ocr_par' dir='ltr' id='par_1_4' title="bbox 126 577 1763 973">
     <span class='ocr_line' id='line_1_7' title="bbox 126 577 1756 646; baseline -0.001 -15"><span class='ocrx_word' id='word_1_48' title='bbox 126 598 147 637; x_wconf 91' lang='grc'>5</span> <span class='ocrx_word' id='word_1_49' title='bbox 169 579 312 643; x_wconf 86' lang='grc' dir='ltr'>νόμον</span> <span class='ocrx_word' id='word_1_50' title='bbox 337 580 582 644; x_wconf 81' lang='grc' dir='ltr'>πεσούσης</span> <span class='ocrx_word' id='word_1_51' title='bbox 617 578 700 630; x_wconf 78' lang='grc' dir='ltr'>τὸν</span> <span class='ocrx_word' id='word_1_52' title='bbox 725 582 807 643; x_wconf 83' lang='grc' dir='ltr'>τῆς</span> <span class='ocrx_word' id='word_1_53' title='bbox 841 579 1088 643; x_wconf 84' lang='grc' dir='ltr'>ἁμαρτίας.</span> <span class='ocrx_word' id='word_1_54' title='bbox 1133 577 1298 645; x_wconf 78' lang='grc' dir='ltr'>ὥσπερ</span> <span class='ocrx_word' id='word_1_55' title='bbox 1325 579 1480 630; x_wconf 83' lang='grc' dir='ltr'>τοίνυν</span> <span class='ocrx_word' id='word_1_56' title='bbox 1506 579 1756 646; x_wconf 83' lang='grc' dir='ltr'>ἠῤῥώστη-</span> 
     </span>
     <span class='ocr_line' id='line_1_8' title="bbox 168 659 1763 729; baseline -0.001 -16"><span class='ocrx_word' id='word_1_57' title='bbox 168 685 255 713; x_wconf 89' lang='grc' dir='ltr'>σεν</span> <span class='ocrx_word' id='word_1_58' title='bbox 295 663 323 726; x_wconf 81' lang='grc' dir='ltr'>ἡ</span> <span class='ocrx_word' id='word_1_59' title='bbox 365 661 616 728; x_wconf 81' lang='grc' dir='ltr'>ἀνθρώπου</span> <span class='ocrx_word' id='word_1_60' title='bbox 661 661 808 729; x_wconf 83' lang='grc' dir='ltr'>φύσις</span> <span class='ocrx_word' id='word_1_61' title='bbox 853 661 902 711; x_wconf 87' lang='grc' dir='ltr'>ἐν</span> <span class='ocrx_word' id='word_1_62' title='bbox 939 659 1098 724; x_wconf 79' lang='grc' dir='ltr'>Ἀδὰμ</span> <span class='ocrx_word' id='word_1_63' title='bbox 1142 660 1217 710; x_wconf 80' lang='grc' dir='ltr'>διὰ</span> <span class='ocrx_word' id='word_1_64' title='bbox 1261 663 1343 724; x_wconf 80' lang='grc' dir='ltr'>τῆς</span> <span class='ocrx_word' id='word_1_65' title='bbox 1388 663 1631 727; x_wconf 79' lang='grc' dir='ltr'>παρακοῆς</span> <span class='ocrx_word' id='word_1_66' title='bbox 1676 659 1763 724; x_wconf 85' lang='grc' dir='ltr'>τὴν</span> 
     </span>
     <span class='ocr_line' id='line_1_9' title="bbox 170 741 1762 813; baseline -0.002 -18"><span class='ocrx_word' id='word_1_67' title='bbox 170 743 374 813; x_wconf 78' lang='grc' dir='ltr'>φθορὰν,</span> <span class='ocrx_word' id='word_1_68' title='bbox 410 744 565 794; x_wconf 80' lang='grc' dir='ltr'>εἰσέδυ</span> <span class='ocrx_word' id='word_1_69' title='bbox 592 766 642 793; x_wconf 88' lang='grc' dir='ltr'>τε</span> <span class='ocrx_word' id='word_1_70' title='bbox 677 744 823 795; x_wconf 78' lang='grc' dir='ltr'>οὕτως</span> <span class='ocrx_word' id='word_1_71' title='bbox 851 741 997 804; x_wconf 84' lang='grc' dir='ltr'>αὐτὴν</span> <span class='ocrx_word' id='word_1_72' title='bbox 1022 741 1082 792; x_wconf 80' lang='grc' dir='ltr'>τὰ</span> <span class='ocrx_word' id='word_1_73' title='bbox 1107 741 1252 806; x_wconf 80' lang='grc' dir='ltr'>πάθη,</span> <span class='ocrx_word' id='word_1_74' title='bbox 1280 744 1427 797; x_wconf 80' lang='grc' dir='ltr'>οὕτως</span> <span class='ocrx_word' id='word_1_75' title='bbox 1455 742 1762 807; x_wconf 82' lang='grc' dir='ltr'>ἀπήλλακται</span> 
     </span>
     <span class='ocr_line' id='line_1_10' title="bbox 168 822 1759 894; baseline -0.001 -19"><span class='ocrx_word' id='word_1_76' title='bbox 168 824 316 876; x_wconf 77' lang='grc' dir='ltr'>πάλιν</span> <span class='ocrx_word' id='word_1_77' title='bbox 341 827 388 875; x_wconf 85' lang='grc' dir='ltr'>ἐν</span> <span class='ocrx_word' id='word_1_78' title='bbox 415 828 629 894; x_wconf 85' lang='grc' dir='ltr'>Χριστῷ·</span> <span class='ocrx_word' id='word_1_79' title='bbox 683 825 847 890; x_wconf 78' lang='grc' dir='ltr'>γέγονε</span> <span class='ocrx_word' id='word_1_80' title='bbox 879 823 972 890; x_wconf 78' lang='grc' dir='ltr'>γὰρ</span> <span class='ocrx_word' id='word_1_81' title='bbox 1000 822 1204 888; x_wconf 81' lang='grc' dir='ltr'>ὑπήκοος</span> <span class='ocrx_word' id='word_1_82' title='bbox 1239 826 1306 893; x_wconf 81' lang='grc' dir='ltr'>τῷ</span> <span class='ocrx_word' id='word_1_83' title='bbox 1333 828 1443 894; x_wconf 78' lang='grc' dir='ltr'>Θεῷ</span> <span class='ocrx_word' id='word_1_84' title='bbox 1476 827 1552 876; x_wconf 84' lang='grc' dir='ltr'>καὶ</span> <span class='ocrx_word' id='word_1_85' title='bbox 1583 827 1759 890; x_wconf 80' lang='grc' dir='ltr'>Πατρῖ,</span> 
     </span>
     <span class='ocr_line' id='line_1_11' title="bbox 169 907 876 973; baseline -0.001 -15"><span class='ocrx_word' id='word_1_86' title='bbox 169 909 245 958; x_wconf 79' lang='grc' dir='ltr'>καὶ</span> <span class='ocrx_word' id='word_1_87' title='bbox 270 908 353 959; x_wconf 83' lang='grc' dir='ltr'>οὐκ</span> <span class='ocrx_word' id='word_1_88' title='bbox 378 908 600 972; x_wconf 90' lang='grc' dir='ltr'>ἐποίησεν</span> <span class='ocrx_word' id='word_1_89' title='bbox 628 907 876 973; x_wconf 69' lang='grc' dir='ltr'>ἁμαρτίαν.</span> 
     </span>
    </p>
   </div>
   <div class='ocr_carea' id='block_1_4' title="bbox 102 1071 1836 1129">
    <p class='ocr_par' dir='ltr' id='par_1_5' title="bbox 102 1071 1836 1129">
     <span class='ocr_line' id='line_1_12' title="bbox 102 1071 1836 1129; baseline 0.001 -18"><span class='ocrx_word' id='word_1_90' title='bbox 102 1094 150 1119; x_wconf 88' lang='lat'>10</span> <span class='ocrx_word' id='word_1_91' title='bbox 295 1072 434 1121; x_wconf 70' lang='grc' dir='ltr'>Νόμος</span> <span class='ocrx_word' id='word_1_92' title='bbox 472 1071 519 1113; x_wconf 72' lang='grc' dir='ltr'>δὲ</span> <span class='ocrx_word' id='word_1_93' title='bbox 557 1076 856 1129; x_wconf 71' lang='grc' dir='ltr'>Παρεισιΐιλθεν,</span> <span class='ocrx_word' id='word_1_94' title='bbox 895 1071 964 1112; x_wconf 79' lang='grc' dir='ltr'>ἵνα</span> <span class='ocrx_word' id='word_1_95' title='bbox 1003 1072 1224 1129; x_wconf 72' lang='grc' dir='ltr'>Πλεονάσῌ</span> <span class='ocrx_word' id='word_1_96' title='bbox 1261 1071 1309 1113; x_wconf 83' lang='grc' dir='ltr'>τὸ</span> <span class='ocrx_word' id='word_1_97' title='bbox 1347 1072 1638 1129; x_wconf 79' lang='grc' dir='ltr'>Παράπτωμα.</span> <span class='ocrx_word' id='word_1_98' title='bbox 1786 1084 1836 1109; x_wconf 91' lang='lat'>20</span> 
     </span>
    </p>
   </div>
   <div class='ocr_carea' id='block_1_5' title="bbox 106 1194 1992 3036">
    <p class='ocr_par' dir='ltr' id='par_1_6' title="bbox 106 1194 1992 3036">
     <span class='ocr_line' id='line_1_13' title="bbox 246 1194 1765 1264; baseline -0.001 -17"><span class='ocrx_word' id='word_1_99' title='bbox 246 1197 575 1261; x_wconf 81' lang='grc' dir='ltr'>Διαλογιεῖταί</span> <span class='ocrx_word' id='word_1_100' title='bbox 596 1219 679 1259; x_wconf 89' lang='grc' dir='ltr'>τις,</span> <span class='ocrx_word' id='word_1_101' title='bbox 707 1197 847 1264; x_wconf 74' lang='grc' dir='ltr'>φησὶ,</span> <span class='ocrx_word' id='word_1_102' title='bbox 871 1195 991 1246; x_wconf 80' lang='grc' dir='ltr'>κατὰ</span> <span class='ocrx_word' id='word_1_103' title='bbox 1016 1194 1069 1246; x_wconf 80' lang='grc' dir='ltr'>τὸ</span> <span class='ocrx_word' id='word_1_104' title='bbox 1097 1195 1217 1249; x_wconf 74' lang='grc' dir='ltr'>εἰκὸς</span> <span class='ocrx_word' id='word_1_105' title='bbox 1243 1194 1386 1247; x_wconf 83' lang='grc' dir='ltr'>ἐκεῖνό</span> <span class='ocrx_word' id='word_1_106' title='bbox 1413 1219 1505 1247; x_wconf 91' lang='grc' dir='ltr'>που</span> <span class='ocrx_word' id='word_1_107' title='bbox 1531 1196 1607 1246; x_wconf 81' lang='grc' dir='ltr'>καὶ</span> <span class='ocrx_word' id='word_1_108' title='bbox 1634 1195 1765 1261; x_wconf 77' lang='grc' dir='ltr'>λέγει</span> 
     </span>
     <span class='ocr_line' id='line_1_14' title="bbox 175 1275 1972 1363; baseline -0.001 -34"><span class='ocrx_word' id='word_1_109' title='bbox 175 1286 200 1308; x_wconf 85' lang='grc'><strong>“</strong></span> <span class='ocrx_word' id='word_1_110' title='bbox 221 1278 384 1332; x_wconf 80' lang='grc' dir='ltr'>Τύπος</span> <span class='ocrx_word' id='word_1_111' title='bbox 422 1276 480 1342; x_wconf 83' lang='grc' dir='ltr'>ἧν</span> <span class='ocrx_word' id='word_1_112' title='bbox 506 1284 590 1328; x_wconf 83' lang='grc' dir='ltr'>τοῦ</span> <span class='ocrx_word' id='word_1_113' title='bbox 627 1276 925 1340; x_wconf 73' lang='grc' dir='ltr'>μέλλοντος”</span> <span class='ocrx_word' id='word_1_114' title='bbox 967 1278 992 1328; x_wconf 80' lang='grc' dir='ltr'><em>ὃ</em></span> <span class='ocrx_word' id='word_1_115' title='bbox 1019 1277 1191 1340; x_wconf 80' lang='grc' dir='ltr'>Ἀδὰμ,</span> <span class='ocrx_word' id='word_1_116' title='bbox 1219 1280 1294 1328; x_wconf 83' lang='grc' dir='ltr'>καὶ</span> <span class='ocrx_word' id='word_1_117' title='bbox 1333 1275 1497 1345; x_wconf 75' lang='grc' dir='ltr'>ὥσπερ</span> <span class='ocrx_word' id='word_1_118' title='bbox 1529 1279 1577 1328; x_wconf 84' lang='grc' dir='ltr'>ἐν</span> <span class='ocrx_word' id='word_1_119' title='bbox 1609 1277 1765 1346; x_wconf 76' lang='grc' dir='ltr'>ἐκείνῳ</span> <span class='ocrx_word' id='word_1_120' title='bbox 1785 1279 1972 1363; x_wconf 40' lang='lat' dir='ltr'>&amp;prava</span> 
     </span>
     <span class='ocr_line' id='line_1_15' title="bbox 174 1358 1766 1426; baseline -0.001 -15"><span class='ocrx_word' id='word_1_121' title='bbox 174 1358 528 1424; x_wconf 79' lang='grc' dir='ltr'>κατεστάθημεν</span> <span class='ocrx_word' id='word_1_122' title='bbox 579 1361 853 1426; x_wconf 80' lang='grc' dir='ltr'>ἁμαρτωλοὶ</span> <span class='ocrx_word' id='word_1_123' title='bbox 905 1358 981 1410; x_wconf 78' lang='grc' dir='ltr'>διὰ</span> <span class='ocrx_word' id='word_1_124' title='bbox 1031 1359 1117 1423; x_wconf 86' lang='grc' dir='ltr'>τὴν</span> <span class='ocrx_word' id='word_1_125' title='bbox 1166 1358 1464 1426; x_wconf 79' lang='grc' dir='ltr'>παράβασιν,</span> <span class='ocrx_word' id='word_1_126' title='bbox 1520 1360 1666 1412; x_wconf 79' lang='grc' dir='ltr'>οὕτως</span> <span class='ocrx_word' id='word_1_127' title='bbox 1717 1360 1766 1409; x_wconf 87' lang='grc' dir='ltr'>ἐν</span> 
     </span>
     <span class='ocr_line' id='line_1_16' title="bbox 174 1440 1763 1511; baseline -0.001 -19"><span class='ocrx_word' id='word_1_128' title='bbox 174 1445 375 1511; x_wconf 88' lang='grc' dir='ltr'>Χριστῷ</span> <span class='ocrx_word' id='word_1_129' title='bbox 423 1441 756 1503; x_wconf 83' lang='grc' dir='ltr'>δεδικαιώμεθα</span> <span class='ocrx_word' id='word_1_130' title='bbox 808 1440 864 1491; x_wconf 86' lang='grc' dir='ltr'>δι’</span> <span class='ocrx_word' id='word_1_131' title='bbox 913 1442 1135 1505; x_wconf 85' lang='grc' dir='ltr'>ὑπακοῆς.</span> <span class='ocrx_word' id='word_1_132' title='bbox 1205 1441 1296 1491; x_wconf 77' lang='grc' dir='ltr'>ἔδει</span> <span class='ocrx_word' id='word_1_133' title='bbox 1346 1442 1500 1492; x_wconf 88' lang='grc' dir='ltr'>τοίνυν</span> <span class='ocrx_word' id='word_1_134' title='bbox 1546 1447 1763 1505; x_wconf 87' lang='grc' dir='ltr'>μεσολα-</span> 
     </span>
     <span class='ocr_line' id='line_1_17' title="bbox 108 1522 1768 1592; baseline 0 -18"><span class='ocrx_word' id='word_1_135' title='bbox 108 1538 153 1578; x_wconf 87' lang='lat'>15</span> <span class='ocrx_word' id='word_1_136' title='bbox 175 1529 386 1586; x_wconf 81' lang='grc' dir='ltr'>βοῦντος,</span> <span class='ocrx_word' id='word_1_137' title='bbox 414 1526 578 1592; x_wconf 78' lang='grc' dir='ltr'>φησὶν,</span> <span class='ocrx_word' id='word_1_138' title='bbox 613 1522 796 1576; x_wconf 78' lang='grc' dir='ltr'>οὐδενὸς</span> <span class='ocrx_word' id='word_1_139' title='bbox 835 1522 920 1587; x_wconf 87' lang='grc' dir='ltr'>τὴν</span> <span class='ocrx_word' id='word_1_140' title='bbox 959 1525 1006 1573; x_wconf 86' lang='grc' dir='ltr'>ἐν</span> <span class='ocrx_word' id='word_1_141' title='bbox 1036 1527 1235 1592; x_wconf 83' lang='grc' dir='ltr'>Χριστῷ</span> <span class='ocrx_word' id='word_1_142' title='bbox 1274 1522 1519 1574; x_wconf 77' lang='grc' dir='ltr'>δικαίωσιν</span> <span class='ocrx_word' id='word_1_143' title='bbox 1557 1527 1654 1577; x_wconf 79' lang='grc' dir='ltr'>τοῖς</span> <span class='ocrx_word' id='word_1_144' title='bbox 1693 1524 1768 1574; x_wconf 82' lang='grc' dir='ltr'>ἐπὶ</span> 
     </span>
     <span class='ocr_line' id='line_1_18' title="bbox 175 1602 1769 1673; baseline 0.001 -17"><span class='ocrx_word' id='word_1_145' title='bbox 175 1608 263 1671; x_wconf 83' lang='grc' dir='ltr'>γῆς</span> <span class='ocrx_word' id='word_1_146' title='bbox 308 1606 668 1673; x_wconf 80' lang='grc' dir='ltr'>ἀναφαίνεσθαι·</span> <span class='ocrx_word' id='word_1_147' title='bbox 742 1602 840 1655; x_wconf 73' lang='grc' dir='ltr'>εἶτα</span> <span class='ocrx_word' id='word_1_148' title='bbox 884 1606 996 1655; x_wconf 87' lang='grc' dir='ltr'>ποία</span> <span class='ocrx_word' id='word_1_149' title='bbox 1046 1604 1211 1670; x_wconf 78' lang='grc' dir='ltr'>γέγονε</span> <span class='ocrx_word' id='word_1_150' title='bbox 1259 1609 1354 1655; x_wconf 80' lang='grc' dir='ltr'>τῶν</span> <span class='ocrx_word' id='word_1_151' title='bbox 1399 1603 1474 1654; x_wconf 78' lang='grc' dir='ltr'>διὰ</span> <span class='ocrx_word' id='word_1_152' title='bbox 1521 1604 1769 1658; x_wconf 79' lang='grc' dir='ltr'>Μωυσέως</span> 
     </span>
     <span class='ocr_line' id='line_1_19' title="bbox 175 1685 1769 1756; baseline -0.001 -18"><span class='ocrx_word' id='word_1_153' title='bbox 175 1687 330 1751; x_wconf 88' lang='grc' dir='ltr'>νόμων</span> <span class='ocrx_word' id='word_1_154' title='bbox 363 1689 424 1740; x_wconf 88' lang='grc' dir='ltr'>ὡς</span> <span class='ocrx_word' id='word_1_155' title='bbox 462 1687 519 1756; x_wconf 79' lang='grc' dir='ltr'>ἐξ</span> <span class='ocrx_word' id='word_1_156' title='bbox 547 1686 755 1752; x_wconf 82' lang='grc' dir='ltr'>ἀνάγκης</span> <span class='ocrx_word' id='word_1_157' title='bbox 785 1687 812 1750; x_wconf 80' lang='grc' dir='ltr'>ἡ</span> <span class='ocrx_word' id='word_1_158' title='bbox 848 1687 1011 1754; x_wconf 87' lang='grc' dir='ltr'>χρεία;</span> <span class='ocrx_word' id='word_1_159' title='bbox 1052 1685 1171 1752; x_wconf 80' lang='grc' dir='ltr'>πρὸς</span> <span class='ocrx_word' id='word_1_160' title='bbox 1203 1685 1259 1750; x_wconf 85' lang='grc' dir='ltr'>δὴ</span> <span class='ocrx_word' id='word_1_161' title='bbox 1294 1685 1353 1736; x_wconf 78' lang='grc' dir='ltr'>τὰ</span> <span class='ocrx_word' id='word_1_162' title='bbox 1391 1692 1582 1737; x_wconf 85' lang='grc' dir='ltr'>τοιαῦτα</span> <span class='ocrx_word' id='word_1_163' title='bbox 1620 1687 1769 1737; x_wconf 84' lang='grc' dir='ltr'>πάλιν</span> 
     </span>
     <span class='ocr_line' id='line_1_20' title="bbox 176 1765 1768 1836; baseline -0.001 -15"><span class='ocrx_word' id='word_1_164' title='bbox 176 1771 201 1820; x_wconf 86' lang='grc' dir='ltr'>ὁ</span> <span class='ocrx_word' id='word_1_165' title='bbox 228 1770 483 1823; x_wconf 72' lang='grc' dir='ltr'>θεσπέσιος</span> <span class='ocrx_word' id='word_1_166' title='bbox 513 1773 709 1822; x_wconf 84' lang='grc' dir='ltr'>Παῦλος</span> <span class='ocrx_word' id='word_1_167' title='bbox 735 1770 984 1836; x_wconf 75' lang='grc' dir='ltr'>μονονουχὶ</span> <span class='ocrx_word' id='word_1_168' title='bbox 1006 1770 1081 1819; x_wconf 75' lang='grc' dir='ltr'>καὶ</span> <span class='ocrx_word' id='word_1_169' title='bbox 1099 1769 1349 1819; x_wconf 86' lang='grc' dir='ltr'>ἀνίσταται</span> <span class='ocrx_word' id='word_1_170' title='bbox 1365 1768 1522 1834; x_wconf 78' lang='grc' dir='ltr'>λέγων</span> <span class='ocrx_word' id='word_1_171' title='bbox 1539 1769 1693 1836; x_wconf 71' lang='grc' dir='ltr'>Νόμος</span> <span class='ocrx_word' id='word_1_172' title='bbox 1722 1765 1768 1819; x_wconf 55' lang='grc' dir='ltr'>δὲ</span> 
     </span>
     <span class='ocr_line' id='line_1_21' title="bbox 175 1848 1769 1924; baseline -0.001 -22"><span class='ocrx_word' id='word_1_173' title='bbox 175 1851 460 1920; x_wconf 66' lang='grc' dir='ltr'>ποιρεισῆλθεν</span> <span class='ocrx_word' id='word_1_174' title='bbox 485 1850 559 1904; x_wconf 70' lang='lat' dir='ltr'>‘lm</span> <span class='ocrx_word' id='word_1_175' title='bbox 590 1849 814 1924; x_wconf 65' lang='grc' dir='ltr'>πλεονάσῃ</span> <span class='ocrx_word' id='word_1_176' title='bbox 847 1850 893 1902; x_wconf 63' lang='grc' dir='ltr'>το</span> <span class='ocrx_word' id='word_1_177' title='bbox 931 1852 1258 1920; x_wconf 69' lang='grc' dir='ltr'>ποιροίπτωμοι·</span> <span class='ocrx_word' id='word_1_178' title='bbox 1299 1850 1353 1902; x_wconf 83' lang='grc' dir='ltr'>τὸ</span> <span class='ocrx_word' id='word_1_179' title='bbox 1389 1851 1444 1901; x_wconf 81' lang='grc' dir='ltr'>δέ</span> <span class='ocrx_word' id='word_1_180' title='bbox 1465 1848 1769 1921; x_wconf 63' lang='grc' dir='ltr'>Παρεισῆλθεν,</span> 
     </span>
     <span class='ocr_line' id='line_1_22' title="bbox 106 1931 1771 2001; baseline -0.002 -16"><span class='ocrx_word' id='word_1_181' title='bbox 106 1959 157 1985; x_wconf 88' lang='lat'>20</span> <span class='ocrx_word' id='word_1_182' title='bbox 176 1935 277 1984; x_wconf 79' lang='grc' dir='ltr'>ἀντὶ</span> <span class='ocrx_word' id='word_1_183' title='bbox 313 1939 396 1984; x_wconf 89' lang='grc' dir='ltr'>τοῦ</span> <span class='ocrx_word' id='word_1_184' title='bbox 429 1934 814 2000; x_wconf 50' lang='grc' dir='ltr'>παρεισβεζΒληκε</span> <span class='ocrx_word' id='word_1_185' title='bbox 853 1932 1031 2001; x_wconf 79' lang='grc' dir='ltr'>μεταξὺ</span> <span class='ocrx_word' id='word_1_186' title='bbox 1072 1935 1155 1996; x_wconf 83' lang='grc' dir='ltr'>τῆς</span> <span class='ocrx_word' id='word_1_187' title='bbox 1193 1955 1243 1983; x_wconf 91' lang='grc' dir='ltr'>τε</span> <span class='ocrx_word' id='word_1_188' title='bbox 1283 1934 1332 1984; x_wconf 83' lang='grc' dir='ltr'>ἐν</span> <span class='ocrx_word' id='word_1_189' title='bbox 1356 1931 1513 1996; x_wconf 78' lang='grc' dir='ltr'>Ἀδὰμ</span> <span class='ocrx_word' id='word_1_190' title='bbox 1552 1933 1771 1998; x_wconf 90' lang='grc' dir='ltr'>κατακρί-</span> 
     </span>
     <span class='ocr_line' id='line_1_23' title="bbox 176 2013 1770 2084; baseline -0.001 -19"><span class='ocrx_word' id='word_1_191' title='bbox 176 2038 298 2069; x_wconf 89' lang='grc' dir='ltr'>σεως</span> <span class='ocrx_word' id='word_1_192' title='bbox 339 2017 414 2066; x_wconf 78' lang='grc' dir='ltr'>καὶ</span> <span class='ocrx_word' id='word_1_193' title='bbox 456 2014 539 2080; x_wconf 82' lang='grc' dir='ltr'>τὴς</span> <span class='ocrx_word' id='word_1_194' title='bbox 582 2017 630 2065; x_wconf 80' lang='grc' dir='ltr'>ἐν</span> <span class='ocrx_word' id='word_1_195' title='bbox 669 2018 871 2084; x_wconf 81' lang='grc' dir='ltr'>Χριστῷ</span> <span class='ocrx_word' id='word_1_196' title='bbox 913 2013 1228 2079; x_wconf 82' lang='grc' dir='ltr'>δικαιοσύνης.</span> <span class='ocrx_word' id='word_1_197' title='bbox 1285 2016 1360 2065; x_wconf 78' lang='grc' dir='ltr'>καὶ</span> <span class='ocrx_word' id='word_1_198' title='bbox 1405 2014 1474 2068; x_wconf 87' lang='grc' dir='ltr'>τίς</span> <span class='ocrx_word' id='word_1_199' title='bbox 1519 2013 1577 2065; x_wconf 76' lang='grc' dir='ltr'>ἂν</span> <span class='ocrx_word' id='word_1_200' title='bbox 1618 2018 1770 2065; x_wconf 80' lang='grc' dir='ltr'>νοοῖτο</span> 
     </span>
     <span class='ocr_line' id='line_1_24' title="bbox 176 2095 1923 2164; baseline -0.001 -14"><span class='ocrx_word' id='word_1_201' title='bbox 176 2098 323 2150; x_wconf 81' lang='grc' dir='ltr'>πάλιν</span> <span class='ocrx_word' id='word_1_202' title='bbox 348 2101 431 2161; x_wconf 84' lang='grc' dir='ltr'>τῆς</span> <span class='ocrx_word' id='word_1_203' title='bbox 466 2103 549 2148; x_wconf 85' lang='grc' dir='ltr'>τοῦ</span> <span class='ocrx_word' id='word_1_204' title='bbox 586 2095 731 2160; x_wconf 86' lang='grc' dir='ltr'>νόμου</span> <span class='ocrx_word' id='word_1_205' title='bbox 755 2099 1109 2163; x_wconf 87' lang='grc' dir='ltr'>παρεισδρομῆς</span> <span class='ocrx_word' id='word_1_206' title='bbox 1136 2097 1165 2160; x_wconf 84' lang='grc' dir='ltr'>ἡ</span> <span class='ocrx_word' id='word_1_207' title='bbox 1192 2097 1338 2164; x_wconf 85' lang='grc' dir='ltr'>χρεία,</span> <span class='ocrx_word' id='word_1_208' title='bbox 1365 2100 1539 2164; x_wconf 79' lang='grc' dir='ltr'>σαφῶς</span> <span class='ocrx_word' id='word_1_209' title='bbox 1578 2096 1770 2146; x_wconf 86' lang='grc' dir='ltr'>ἀκούσει</span> <span class='ocrx_word' id='word_1_210' title='bbox 1786 2114 1839 2148; x_wconf 90' lang='grc'>10</span> <span class='ocrx_word' id='word_1_211' title='bbox 1860 2113 1923 2149; x_wconf 89' lang='grc' dir='ltr'>Μ.</span> 
     </span>
     <span class='ocr_line' id='line_1_25' title="bbox 176 2176 1764 2252; baseline -0.001 -22"><span class='ocrx_word' id='word_1_212' title='bbox 176 2180 401 2245; x_wconf 76' lang='grc' dir='ltr'>λέγοντος</span> <span class='ocrx_word' id='word_1_213' title='bbox 430 2177 529 2230; x_wconf 72' lang='grc' dir='ltr'>Ἵνα,</span> <span class='ocrx_word' id='word_1_214' title='bbox 568 2180 793 2252; x_wconf 65' lang='grc' dir='ltr'>πλεονάσῃ</span> <span class='ocrx_word' id='word_1_215' title='bbox 828 2179 875 2230; x_wconf 65' lang='grc' dir='ltr'>τὶ</span> <span class='ocrx_word' id='word_1_216' title='bbox 916 2179 1236 2245; x_wconf 63' lang='grc' dir='ltr'>παράπτωμα.</span> <span class='ocrx_word' id='word_1_217' title='bbox 1281 2179 1331 2228; x_wconf 88' lang='grc' dir='ltr'>τί</span> <span class='ocrx_word' id='word_1_218' title='bbox 1359 2176 1469 2247; x_wconf 84' lang='grc' dir='ltr'>φῂς,</span> <span class='ocrx_word' id='word_1_219' title='bbox 1494 2177 1531 2228; x_wconf 75' lang='grc' dir='ltr'><em>ὦ</em></span> <span class='ocrx_word' id='word_1_220' title='bbox 1560 2182 1764 2240; x_wconf 85' lang='grc' dir='ltr'>Παῦλε;</span> 
     </span>
     <span class='ocr_line' id='line_1_26' title="bbox 178 2258 1768 2328; baseline -0.002 -16"><span class='ocrx_word' id='word_1_221' title='bbox 178 2259 269 2328; x_wconf 75' lang='grc' dir='ltr'>ἆρα</span> <span class='ocrx_word' id='word_1_222' title='bbox 302 2263 375 2313; x_wconf 80' lang='grc' dir='ltr'>καὶ</span> <span class='ocrx_word' id='word_1_223' title='bbox 411 2261 642 2327; x_wconf 84' lang='grc' dir='ltr'>ἁμαρτίας</span> <span class='ocrx_word' id='word_1_224' title='bbox 669 2262 693 2310; x_wconf 88' lang='grc' dir='ltr'>ὁ</span> <span class='ocrx_word' id='word_1_225' title='bbox 721 2260 862 2322; x_wconf 84' lang='grc' dir='ltr'>νόμος</span> <span class='ocrx_word' id='word_1_226' title='bbox 886 2258 944 2323; x_wconf 78' lang='grc' dir='ltr'>ἦν</span> <span class='ocrx_word' id='word_1_227' title='bbox 970 2258 1215 2328; x_wconf 74' lang='grc' dir='ltr'>πρόξενος,</span> <span class='ocrx_word' id='word_1_228' title='bbox 1247 2262 1322 2311; x_wconf 76' lang='grc' dir='ltr'>καὶ</span> <span class='ocrx_word' id='word_1_229' title='bbox 1353 2259 1683 2324; x_wconf 90' lang='grc' dir='ltr'>πεπλήθυνται</span> <span class='ocrx_word' id='word_1_230' title='bbox 1713 2260 1768 2310; x_wconf 89' lang='grc' dir='ltr'>δι’</span> 
     </span>
     <span class='ocr_line' id='line_1_27' title="bbox 111 2341 1772 2410; baseline -0.001 -17"><span class='ocrx_word' id='word_1_231' title='bbox 111 2366 158 2404; x_wconf 88' lang='lat'>25</span> <span class='ocrx_word' id='word_1_232' title='bbox 179 2345 319 2396; x_wconf 86' lang='grc' dir='ltr'>αὐτοῦ</span> <span class='ocrx_word' id='word_1_233' title='bbox 354 2342 407 2395; x_wconf 84' lang='grc' dir='ltr'>τὸ</span> <span class='ocrx_word' id='word_1_234' title='bbox 442 2342 777 2410; x_wconf 83' lang='grc' dir='ltr'>παράπτωμα;</span> <span class='ocrx_word' id='word_1_235' title='bbox 826 2341 890 2405; x_wconf 85' lang='grc' dir='ltr'>μὴ</span> <span class='ocrx_word' id='word_1_236' title='bbox 922 2341 1119 2407; x_wconf 76' lang='grc' dir='ltr'>γε’νοιτο.</span> <span class='ocrx_word' id='word_1_237' title='bbox 1176 2341 1268 2409; x_wconf 85' lang='grc' dir='ltr'>χρὴ</span> <span class='ocrx_word' id='word_1_238' title='bbox 1304 2341 1461 2393; x_wconf 90' lang='grc' dir='ltr'>τοίνυν</span> <span class='ocrx_word' id='word_1_239' title='bbox 1497 2345 1772 2406; x_wconf 87' lang='grc' dir='ltr'>κατευρῦναι</span> 
     </span>
     <span class='ocr_line' id='line_1_28' title="bbox 177 2418 1772 2491; baseline -0.004 -13"><span class='ocrx_word' id='word_1_240' title='bbox 177 2430 260 2491; x_wconf 86' lang='grc' dir='ltr'>τῆς</span> <span class='ocrx_word' id='word_1_241' title='bbox 299 2425 639 2491; x_wconf 83' lang='grc' dir='ltr'>μυσταγωγίας</span> <span class='ocrx_word' id='word_1_242' title='bbox 677 2423 759 2475; x_wconf 78' lang='grc' dir='ltr'>τὸν</span> <span class='ocrx_word' id='word_1_243' title='bbox 793 2423 985 2490; x_wconf 88' lang='grc' dir='ltr'>τρόπον.</span> <span class='ocrx_word' id='word_1_244' title='bbox 1041 2423 1133 2491; x_wconf 75' lang='grc' dir='ltr'>ἔφη</span> <span class='ocrx_word' id='word_1_245' title='bbox 1166 2429 1416 2490; x_wconf 82' lang='grc' dir='ltr'>τοιγαροῦν</span> <span class='ocrx_word' id='word_1_246' title='bbox 1436 2418 1467 2474; x_wconf 60' lang='grc' dir='ltr'>ὅ</span> <span class='ocrx_word' id='word_1_247' title='bbox 1497 2424 1674 2473; x_wconf 79' lang='grc' dir='ltr'>Δαυεὶδ</span> <span class='ocrx_word' id='word_1_248' title='bbox 1701 2421 1772 2473; x_wconf 81' lang='grc' dir='ltr'>ὅτι</span> 
     </span>
     <span class='ocr_line' id='line_1_29' title="bbox 180 2504 1976 2576; baseline -0.006 -16"><span class='ocrx_word' id='word_1_249' title='bbox 180 2516 206 2539; x_wconf 84' lang='grc'><strong>“</strong></span> <span class='ocrx_word' id='word_1_250' title='bbox 231 2507 400 2562; x_wconf 81' lang='grc' dir='ltr'>πάντες</span> <span class='ocrx_word' id='word_1_251' title='bbox 427 2507 684 2576; x_wconf 77' lang='grc' dir='ltr'>ἐξέκλιναν,</span> <span class='ocrx_word' id='word_1_252' title='bbox 711 2505 809 2570; x_wconf 80' lang='grc' dir='ltr'>ἅμα</span> <span class='ocrx_word' id='word_1_253' title='bbox 834 2506 1179 2573; x_wconf 85' lang='grc' dir='ltr'>ἠχρειώθησαν,</span> <span class='ocrx_word' id='word_1_254' title='bbox 1206 2507 1288 2556; x_wconf 82' lang='grc' dir='ltr'>οὐκ</span> <span class='ocrx_word' id='word_1_255' title='bbox 1314 2504 1372 2569; x_wconf 83' lang='grc' dir='ltr'>ἧν</span> <span class='ocrx_word' id='word_1_256' title='bbox 1406 2507 1431 2556; x_wconf 88' lang='grc' dir='ltr'>ὁ</span> <span class='ocrx_word' id='word_1_257' title='bbox 1468 2509 1616 2556; x_wconf 82' lang='grc' dir='ltr'>ποιῶν</span> <span class='ocrx_word' id='word_1_258' title='bbox 1649 2527 1767 2572; x_wconf 84' lang='grc' dir='ltr'>χρη-</span> <span class='ocrx_word' id='word_1_259' title='bbox 1787 2520 1842 2550; x_wconf 78' lang='lat' dir='ltr'>Ps.</span> <span class='ocrx_word' id='word_1_260' title='bbox 1858 2518 1927 2550; x_wconf 79' lang='lat' dir='ltr'><strong>xiii.</strong></span> <span class='ocrx_word' id='word_1_261' title='bbox 1946 2528 1976 2559; x_wconf 82' lang='lat'>3·</span> 
     </span>
     <span class='ocr_line' id='line_1_30' title="bbox 181 2585 1992 2656; baseline -0.006 -14"><span class='ocrx_word' id='word_1_262' title='bbox 181 2598 207 2620; x_wconf 75' lang='lat'>‘⁶</span> <span class='ocrx_word' id='word_1_263' title='bbox 232 2590 456 2654; x_wconf 84' lang='grc' dir='ltr'>στότητα,</span> <span class='ocrx_word' id='word_1_264' title='bbox 474 2590 556 2641; x_wconf 81' lang='grc' dir='ltr'>οὐκ</span> <span class='ocrx_word' id='word_1_265' title='bbox 581 2587 638 2653; x_wconf 79' lang='grc' dir='ltr'>ἧν</span> <span class='ocrx_word' id='word_1_266' title='bbox 665 2589 749 2642; x_wconf 79' lang='grc' dir='ltr'>ἕως</span> <span class='ocrx_word' id='word_1_267' title='bbox 775 2587 919 2642; x_wconf 87' lang='grc' dir='ltr'>ἑνός·”</span> <span class='ocrx_word' id='word_1_268' title='bbox 962 2585 1279 2656; x_wconf 78' lang='grc' dir='ltr'>διεφθάρκασι</span> <span class='ocrx_word' id='word_1_269' title='bbox 1304 2586 1389 2650; x_wconf 80' lang='grc' dir='ltr'>μὲν</span> <span class='ocrx_word' id='word_1_270' title='bbox 1414 2586 1508 2653; x_wconf 79' lang='grc' dir='ltr'>γὰρ</span> <span class='ocrx_word' id='word_1_271' title='bbox 1534 2585 1706 2640; x_wconf 79' lang='grc' dir='ltr'>πάντες</span> <span class='ocrx_word' id='word_1_272' title='bbox 1727 2589 1769 2636; x_wconf 81' lang='grc' dir='ltr'>οἱ</span> <span class='ocrx_word' id='word_1_273' title='bbox 1786 2602 1836 2633; x_wconf 83' lang='lat' dir='ltr'>Cf.</span> <span class='ocrx_word' id='word_1_274' title='bbox 1853 2600 1992 2633; x_wconf 67' lang='lat' dir='ltr'><strong>Gen.vi.</strong></span> 
     </span>
     <span class='ocr_line' id='line_1_31' title="bbox 180 2654 1837 2738; baseline -0.002 -16"><span class='ocrx_word' id='word_1_275' title='bbox 180 2674 253 2723; x_wconf 83' lang='grc' dir='ltr'>ἐπὶ</span> <span class='ocrx_word' id='word_1_276' title='bbox 278 2675 360 2736; x_wconf 85' lang='grc' dir='ltr'>τῆς</span> <span class='ocrx_word' id='word_1_277' title='bbox 391 2674 480 2738; x_wconf 81' lang='grc' dir='ltr'>γῆς</span> <span class='ocrx_word' id='word_1_278' title='bbox 509 2670 595 2735; x_wconf 90' lang='grc' dir='ltr'>τὴν</span> <span class='ocrx_word' id='word_1_279' title='bbox 622 2669 731 2721; x_wconf 80' lang='grc' dir='ltr'>ὁδὸν</span> <span class='ocrx_word' id='word_1_280' title='bbox 755 2671 909 2720; x_wconf 81' lang='grc' dir='ltr'>αὐτῶν</span> <span class='ocrx_word' id='word_1_281' title='bbox 933 2669 1051 2734; x_wconf 82' lang='grc' dir='ltr'>μετὰ</span> <span class='ocrx_word' id='word_1_282' title='bbox 1083 2669 1169 2733; x_wconf 88' lang='grc' dir='ltr'>τὴν</span> <span class='ocrx_word' id='word_1_283' title='bbox 1203 2671 1252 2720; x_wconf 84' lang='grc' dir='ltr'>ἐν</span> <span class='ocrx_word' id='word_1_284' title='bbox 1276 2668 1434 2732; x_wconf 80' lang='grc' dir='ltr'>Ἀδὰμ</span> <span class='ocrx_word' id='word_1_285' title='bbox 1469 2667 1763 2735; x_wconf 80' lang='grc' dir='ltr'>παράβασιν·</span> <span class='ocrx_word' id='word_1_286' title='bbox 1787 2654 1837 2676; x_wconf 64' lang='lat'>12&#39;</span> 
     </span>
     <span class='ocr_line' id='line_1_32' title="bbox 113 2749 1771 2821; baseline -0.001 -18"><span class='ocrx_word' id='word_1_287' title='bbox 113 2777 163 2814; x_wconf 83' lang='lat'>30</span> <span class='ocrx_word' id='word_1_288' title='bbox 181 2754 398 2821; x_wconf 86' lang='grc' dir='ltr'>ταύτῃτοι</span> <span class='ocrx_word' id='word_1_289' title='bbox 434 2755 509 2804; x_wconf 76' lang='grc' dir='ltr'>καὶ</span> <span class='ocrx_word' id='word_1_290' title='bbox 544 2751 834 2817; x_wconf 77' lang='grc' dir='ltr'>ἐκολάζοντο,</span> <span class='ocrx_word' id='word_1_291' title='bbox 874 2751 1032 2816; x_wconf 88' lang='grc' dir='ltr'>κοινὴν</span> <span class='ocrx_word' id='word_1_292' title='bbox 1075 2750 1160 2815; x_wconf 79' lang='grc' dir='ltr'>μὲν</span> <span class='ocrx_word' id='word_1_293' title='bbox 1200 2749 1403 2805; x_wconf 79' lang='grc' dir='ltr'>ἅπαντες</span> <span class='ocrx_word' id='word_1_294' title='bbox 1443 2751 1771 2817; x_wconf 80' lang='grc' dir='ltr'>ὑπομείναντες</span> 
     </span>
     <span class='ocr_line' id='line_1_33' title="bbox 183 2830 1772 2900; baseline -0.004 -14"><span class='ocrx_word' id='word_1_295' title='bbox 183 2836 313 2900; x_wconf 88' lang='grc' dir='ltr'>δίκην</span> <span class='ocrx_word' id='word_1_296' title='bbox 362 2835 444 2886; x_wconf 83' lang='grc' dir='ltr'>τὸν</span> <span class='ocrx_word' id='word_1_297' title='bbox 489 2834 843 2898; x_wconf 81' lang='grc' dir='ltr'>κατακλυσμὸν,</span> <span class='ocrx_word' id='word_1_298' title='bbox 885 2836 1039 2887; x_wconf 81' lang='grc' dir='ltr'>ἱδικῶς</span> <span class='ocrx_word' id='word_1_299' title='bbox 1089 2832 1137 2883; x_wconf 77' lang='grc' dir='ltr'>δὲ</span> <span class='ocrx_word' id='word_1_300' title='bbox 1182 2836 1256 2884; x_wconf 80' lang='grc' dir='ltr'>καὶ</span> <span class='ocrx_word' id='word_1_301' title='bbox 1302 2832 1422 2884; x_wconf 80' lang='grc' dir='ltr'>κατὰ</span> <span class='ocrx_word' id='word_1_302' title='bbox 1465 2830 1651 2898; x_wconf 79' lang='grc' dir='ltr'>καιροὺς</span> <span class='ocrx_word' id='word_1_303' title='bbox 1696 2833 1772 2880; x_wconf 87' lang='grc' dir='ltr'>καὶ</span> 
     </span>
     <span class='ocr_line' id='line_1_34' title="bbox 189 2911 1772 2984; baseline -0.004 -17"><span class='ocrx_word' id='word_1_304' title='bbox 189 2917 305 2968; x_wconf 84' lang='grc' dir='ltr'>κατὰ</span> <span class='ocrx_word' id='word_1_305' title='bbox 329 2917 484 2984; x_wconf 81' lang='grc' dir='ltr'>χώρας</span> <span class='ocrx_word' id='word_1_306' title='bbox 511 2940 559 2967; x_wconf 88' lang='grc' dir='ltr'>τε</span> <span class='ocrx_word' id='word_1_307' title='bbox 581 2919 657 2968; x_wconf 80' lang='grc' dir='ltr'>καὶ</span> <span class='ocrx_word' id='word_1_308' title='bbox 682 2916 858 2969; x_wconf 79' lang='grc' dir='ltr'>πόλεις’</span> <span class='ocrx_word' id='word_1_309' title='bbox 899 2920 936 2966; x_wconf 87' lang='grc' dir='ltr'>εὶ</span> <span class='ocrx_word' id='word_1_310' title='bbox 962 2915 1055 2982; x_wconf 79' lang='grc' dir='ltr'>γὰρ</span> <span class='ocrx_word' id='word_1_311' title='bbox 1082 2917 1155 2966; x_wconf 77' lang='grc' dir='ltr'>καὶ</span> <span class='ocrx_word' id='word_1_312' title='bbox 1182 2914 1321 2979; x_wconf 85' lang='grc' dir='ltr'>νόμος</span> <span class='ocrx_word' id='word_1_313' title='bbox 1349 2916 1432 2966; x_wconf 85' lang='grc' dir='ltr'>οὐκ</span> <span class='ocrx_word' id='word_1_314' title='bbox 1457 2913 1525 2978; x_wconf 79' lang='grc' dir='ltr'>ἧν,</span> <span class='ocrx_word' id='word_1_315' title='bbox 1553 2912 1662 2963; x_wconf 84' lang='grc' dir='ltr'>ἀλλ’</span> <span class='ocrx_word' id='word_1_316' title='bbox 1691 2911 1772 2962; x_wconf 74' lang='grc' dir='ltr'>οὖν</span> 
     </span>
     <span class='ocr_line' id='line_1_35' title="bbox 918 2995 1039 3036; baseline 0.008 -1"><span class='ocrx_word' id='word_1_317' title='bbox 918 3009 941 3035; x_wconf 79' lang='grc' dir='ltr'>Β</span> <span class='ocrx_word' id='word_1_318' title='bbox 966 2995 991 3035; x_wconf 87' lang='lat' dir='ltr'>b</span> <span class='ocrx_word' id='word_1_319' title='bbox 1017 3009 1039 3036; x_wconf 82' lang='lat'>2</span> 
     </span>
    </p>
   </div>
  </div>
 </body>
</html>
