1981 3282
140 146 320 171 SPIRITUS
347 147 520 171 SANCTUS
688 134 756 170 IN
770 135 804 170 D
819 135 850 170 E
863 134 899 169 X

140 253 341 302 Scripturis
361 253 632 302 Apostolorum
661 254 804 290 Divinis
834 267 900 290 nu-

195 319 327 355 trimur
349 323 423 356 357
447 332 477 356 c.

142 383 334 432 Scriptura
355 383 492 420 Sancta
516 396 560 420 ea
580 397 672 432 quae
702 383 748 419 ad
768 383 902 418 Filium

191 450 275 497 jure
304 449 464 497 pertinet
489 454 523 485 et
556 449 663 485 nobis
695 460 804 496 saepe
839 448 903 483 dat

199 517 300 551 1010
323 527 355 551 c.

144 579 355 627 Scripturas
413 586 560 615 sanctas
617 579 695 615 sine
745 578 903 614 Lumine

198 644 350 680 Christo
370 644 578 693 intelligere
608 657 684 679 non
704 656 904 692 possumus

197 711 273 746 484
295 721 324 745 e.

145 773 339 822 Scriptura
366 772 506 809 Sancta
544 775 620 810 995
661 786 683 809 a
746 772 904 808 utilitate

197 839 307 887 plena
335 837 377 874 M
399 841 447 874 55
469 838 551 874 init.
609 837 701 873 nihil
734 849 801 885 pro
833 837 905 873 fide

197 903 474 951 suscipiendum
501 902 601 951 quod
630 902 666 937 in
696 915 738 938 ea
761 914 837 937 non
859 901 906 937 sit

200 971 276 1005 559
298 968 333 1004 b.

146 1033 421 1082 Scripturarum
444 1032 668 1069 Sanctarum
694 1031 907 1080 ignorantia

200 1105 264 1134 aut
301 1097 609 1146 interpretatione
643 1109 829 1144 perversa,
864 1096 906 1132 fit

199 1163 363 1199 haeresis
385 1165 461 1199 846
482 1162 519 1199 b.

148 1227 341 1276 Scriptura
362 1227 526 1275 perfecta
548 1229 623 1263 729
641 1239 660 1261 c
692 1239 779 1262 vera
796 1228 872 1262 822
888 1239 907 1260 e

201 1294 337 1330 veritas
359 1295 435 1329 832
457 1305 476 1328 e
533 1291 724 1328 scientiam
746 1290 809 1326 dat
830 1293 907 1327 936

200 1371 220 1394 c
241 1358 265 1394 d
317 1356 477 1406 Spiritus
507 1356 636 1393 Sancti
655 1355 809 1392 verbum
833 1358 907 1392 732

202 1436 224 1459 a
262 1436 337 1459 non
367 1422 536 1471 sequitur
559 1421 767 1458 haereticus
789 1422 865 1457 862
886 1421 910 1457 b

202 1489 234 1524 is
255 1488 317 1536 qui
336 1493 452 1536 negat
473 1487 665 1524 Christum
687 1501 768 1525 esse
788 1486 912 1523 Deum

204 1553 254 1590 iii.
277 1555 366 1598 466,
389 1555 465 1589 524
506 1566 544 1589 se
597 1554 752 1602 opponit
788 1553 910 1589 Theo-

205 1619 319 1654 dorus
340 1618 389 1654 iii.
414 1620 490 1655 519
511 1619 575 1654 fin.

152 1682 429 1731 Scripturarum
460 1689 627 1719 veterum
659 1695 914 1730 novarumque

209 1748 358 1784 divitiae
396 1748 581 1796 spiritales
622 1752 698 1785 750
718 1749 741 1784 b
755 1761 775 1784 c
823 1760 915 1795 quae

206 1813 315 1849 nobis
344 1826 420 1849 non
450 1813 538 1849 dicit
559 1826 602 1849 ea
627 1826 695 1849 nec
715 1812 917 1848 scrutanda

206 1878 256 1914 iii.
277 1880 365 1914 552.

153 1946 174 1962 “
195 1942 388 1979 Seminare
436 1942 472 1978 in
522 1955 632 1978 carne
681 1943 783 1984 sua‚''
830 1942 918 1990 quid

212 2011 286 2046 298
309 2008 332 2044 b
347 2021 398 2044 ce
438 2008 511 2043 “in
533 2007 708 2056 Spiritu”
730 2007 817 2055 quid
840 2009 915 2044 298

208 2087 228 2109 c
244 2073 278 2109 d.

158 2137 329 2186 Sephora
364 2137 557 2185 (Zippora)
589 2137 777 2174 Ecclesiae
808 2143 919 2186 typus

212 2205 288 2239 434
310 2215 341 2238 e.

159 2266 407 2315 Septuaginta
446 2266 610 2301 virorum
652 2266 772 2302 versio
808 2267 921 2303 citata

212 2332 255 2367 M
279 2334 339 2368 82.

159 2396 324 2445 Serpens
344 2409 481 2432 aeneus
506 2398 594 2432 151.

159 2461 298 2499 Servus
319 2462 478 2510 ignavus
498 2461 535 2496 in
556 2460 759 2508 evangeliis
778 2463 867 2498 533.

161 2533 182 2547 “
204 2526 244 2563 Si
283 2526 555 2575 cognovissetis
596 2525 660 2561 Me
701 2531 737 2562 et
774 2524 922 2562 Patrem

217 2591 345 2628 Meum
365 2591 496 2639 utique
516 2589 789 2638 cognovissetis
802 2590 823 2603 ’'
848 2603 922 2626 non

216 2656 261 2691 ad
282 2657 481 2704 Apostolos
502 2662 655 2704 spectat,
684 2660 758 2694 772
782 2655 814 2692 d.

163 2722 184 2740 “
206 2720 308 2756 Sicut
321 2718 339 2735 ”
388 2720 433 2756 de
470 2727 605 2757 natura
644 2721 812 2763 diversis,
850 2733 925 2756 non

219 2785 490 2833 aequalitatem,
533 2786 578 2822 de
626 2792 761 2822 natura
795 2785 925 2821 iisdem

218 2849 481 2898 aequalitatem
510 2850 650 2887 indicat
675 2853 775 2887 2270
798 2850 833 2885 d.

165 2915 335 2964 Signatio
356 2914 393 2950 id
413 2915 511 2962 quod
532 2915 658 2952 unctio
682 2918 757 2953 300
779 2927 810 2952 c.

224 2991 314 3019 von.
341 2990 404 3018 111.
889 2990 916 3028 4
938 2989 963 3016 ο

957 134 1199 170 RERUM.
1235 128 1241 131 ⁷
1655 139 1732 173 649

975 254 1174 303 Signatum
1213 255 1404 290 Verbum:
1453 267 1519 302 per
1554 256 1651 291 Eum
1691 267 1734 292 ea

1028 331 1123 367 quae
1140 319 1185 354 ad
1202 318 1327 354 Deum
1347 319 1458 355 allata
1475 322 1550 356 302
1574 332 1593 356 c
1642 332 1731 368 quo-

1028 383 1140 419 modo
1161 383 1201 419 M
1223 386 1272 420 87
1294 384 1373 419 init.

974 447 1171 484 Silentium
1203 454 1324 484 tutum
1356 449 1467 484 rebus
1497 449 1534 484 in
1564 448 1734 485 Divinis:

1028 513 1283 549 sacerdotibus
1307 526 1394 550 vero
1425 514 1582 561 imperat
1613 519 1651 549 ut
1679 513 1735 549 lo-

1029 584 1187 626 quantur
1209 577 1312 614 Deus
1332 581 1364 620 1,
1389 582 1410 615 4
1429 578 1496 614 de.

975 642 1115 679 Siloam
1153 643 1393 691 Baptismatis
1430 649 1553 692 typus,
1586 643 1735 679 Eucha-

1030 709 1154 745 ristiae
1174 708 1294 745 lutum
1316 710 1392 745 602
1415 721 1434 744 e
1448 709 1471 744 d
1488 721 1520 744 e.

976 772 1188 809 Similitudo
1210 774 1331 809 carnis
1351 774 1493 821 peccati
1515 775 1592 810 820
1614 774 1637 810 d
1654 786 1685 810 e.

976 837 1204 886 Simpliciter
1216 838 1443 886 petentibus,
1453 838 1551 874 bona
1567 843 1740 887 prompte

1028 903 1189 951 largitur
1210 902 1314 939 Deus
1339 905 1409 939 141
1435 916 1468 938 a.

977 967 1102 1009 Sinus,
1139 968 1217 1003 “in
1256 968 1338 1004 sinu
1370 967 1529 1009 Patris‚'’
1562 966 1742 1003 Divinum

1029 1033 1328 1081 ineffabilemque
1360 1033 1549 1082 significat
1579 1032 1663 1068 Filii
1696 1032 1744 1068 ad

1032 1098 1276 1146 Hypostasim
1325 1097 1439 1134 Suam
1496 1098 1743 1145 Progressum

1031 1163 1141 1198 simul
1158 1175 1200 1199 ac
1216 1163 1312 1199 Eum
1330 1163 1466 1200 retinet
1483 1162 1596 1199 Sinus
1616 1165 1689 1198 105
1707 1161 1742 1205 d,

1036 1230 1109 1264 106
1177 1228 1377 1264 essentiam
1422 1227 1515 1275 Ejus
1556 1226 1745 1275 significat

1036 1295 1109 1329 107
1127 1293 1150 1328 b
1183 1293 1278 1329 male
1298 1293 1594 1342 interpretantur
1613 1291 1742 1326 haere-

1034 1357 1096 1393 tici
1122 1361 1195 1395 106
1218 1370 1237 1394 c
1282 1357 1493 1393 refutantur
1517 1358 1591 1393 106
1614 1368 1644 1401 e,
1670 1358 1742 1392 107

1035 1422 1073 1458 in
1107 1421 1299 1458 Abraham
1336 1422 1429 1468 sinu,
1464 1421 1653 1470 quomodo
1692 1420 1745 1455 in-

1036 1487 1227 1535 telligatur
1251 1489 1324 1524 107
1343 1487 1375 1523 d.

984 1551 1095 1588 Sorte
1124 1565 1145 1588 a
1173 1552 1255 1588 Deo
1289 1551 1397 1588 nobis
1429 1551 1622 1600 assignato
1656 1562 1744 1586 con-

1037 1622 1162 1653 tentos
1192 1629 1273 1653 esse
1302 1616 1496 1658 debemus,
1518 1628 1587 1652 nec
1608 1615 1747 1663 ingrati

1038 1682 1162 1717 animo
1185 1682 1326 1730 majora
1346 1693 1480 1729 cupere
1506 1683 1579 1717 158
1597 1680 1631 1716 d.

987 1752 1008 1766 “
1029 1745 1266 1794 Spiraculum
1287 1746 1385 1783 vitae
1402 1746 1421 1758 ’³
1444 1759 1520 1782 non
1541 1745 1665 1781 anima
1685 1743 1751 1779 sed

1041 1811 1199 1860 Spiritus
1222 1812 1380 1848 Sanctus
1401 1810 1545 1846 animae
1560 1810 1650 1845 Vita
1671 1810 1747 1845 822

1038 1877 1062 1912 b
1083 1889 1113 1922 e,
1136 1877 1185 1912 iii.
1208 1879 1297 1918 553,
1323 1876 1368 1912 cf.
1390 1878 1490 1912 1097
1513 1887 1532 1910 c
1548 1887 1579 1920 e,
1600 1874 1647 1910 iii.
1673 1876 1749 1910 554

1041 1941 1203 1989 Spiritus
1218 1940 1358 1978 Christi
1371 1940 1444 1984 Qui
1459 1945 1515 1976 est
1528 1939 1616 1975 Vita
1629 1941 1706 1975 474
1715 1938 1750 1975 b.

988 2006 1177 2042 Smarrus
1200 2006 1396 2047 SANCTUS,
1420 2009 1440 2042 7
1463 2005 1499 2049 b,
1524 2007 1571 2042 10
1593 2017 1624 2050 a,
1649 2006 1697 2041 16
1715 2004 1751 2046 b,

1044 2075 1091 2109 17
1114 2072 1137 2107 d
1167 2084 1198 2113 e,
1231 2074 1278 2108 21
1312 2084 1344 2113 c,
1369 2073 1417 2108 22
1447 2071 1484 2114 1),
1515 2073 1564 2107 23
1593 2082 1624 2111 e,
1648 2072 1697 2106 29
1716 2069 1750 2114 d,

1044 2139 1092 2174 39
1114 2137 1149 2179 b,
1172 2140 1220 2173 42
1243 2137 1317 2178 ab,
1339 2136 1442 2181 45d,
1464 2138 1513 2172 46
1538 2135 1613 2180 de,
1635 2137 1684 2171 49
1716 2135 1750 2175 d,

1044 2204 1093 2238 70
1110 2201 1145 2247 b,
1168 2203 1216 2237 94
1239 2201 1275 2242 d,
1302 2203 1376 2237 119
1398 2201 1432 2245 d,
1455 2202 1651 2240 120-127‚
1677 2201 1751 2236 146

1043 2267 1077 2312 1),
1103 2268 1192 2307 147,
1218 2267 1292 2302 150
1314 2278 1345 2307 a,
1373 2268 1447 2302 154
1469 2277 1501 2306 a,
1526 2267 1600 2301 155
1622 2276 1653 2306 e,
1677 2266 1752 2302 156

1045 2343 1076 2372 c,
1102 2332 1176 2367 167
1199 2330 1235 2372 d,
1262 2332 1336 2368 169
1359 2330 1382 2365 d
1403 2343 1433 2376 e,
1459 2332 1533 2366 173
1554 2329 1590 2371 b,
1622 2331 1696 2365 182
1718 2329 1753 2375 d,

1047 2396 1168 2436 214b,
1184 2398 1300 2437 2170,
1316 2397 1392 2432 218
1407 2408 1438 2436 e,
1456 2397 1532 2432 229
1546 2394 1569 2429 1)
1585 2407 1616 2435 e,
1633 2393 1752 2439 247b,

1048 2463 1123 2497 250
1138 2473 1168 2505 e,
1184 2462 1260 2496 254
1282 2460 1317 2501 d,
1333 2462 1409 2496 298
1432 2472 1462 2501 c,
1481 2460 1557 2496 362
1572 2459 1607 2500 b,
1625 2461 1701 2495 374
1717 2459 1754 2499 b,

1049 2528 1124 2563 376
1143 2538 1173 2566 e,
1192 2527 1267 2562 377
1287 2537 1317 2567 c,
1342 2527 1417 2561 385
1435 2537 1466 2569 a,
1485 2526 1560 2561 386
1579 2536 1611 2566 e,
1630 2525 1705 2560 393
1723 2535 1754 2564 e,

1049 2593 1123 2627 431
1141 2602 1173 2632 e,
1197 2592 1273 2626 432
1292 2590 1359 2632 de,
1381 2592 1458 2626 439
1474 2589 1511 2632 b,
1534 2591 1610 2625 475
1625 2600 1656 2633 e,
1678 2590 1753 2624 517

1048 2668 1080 2697 e,
1104 2657 1177 2692 551
1202 2655 1225 2691 b
1242 2667 1274 2699 c,
1306 2657 1381 2692 553
1404 2666 1433 2699 a,
1464 2655 1540 2690 555
1563 2665 1594 2694 e,
1623 2653 1700 2689 556
1722 2664 1754 2693 a,

1051 2722 1126 2756 587
1151 2719 1186 2762 d,
1228 2721 1305 2756 604
1330 2732 1359 2764 c,
1400 2720 1476 2755 615
1505 2731 1537 2760 e,
1578 2719 1653 2753 617
1679 2716 1702 2752 d
1723 2728 1755 2757 e,

1050 2787 1127 2821 633
1154 2797 1222 2826 ac,
1255 2786 1332 2820 634
1352 2784 1389 2824 b,
1420 2785 1497 2819 645
1519 2782 1541 2816 b
1559 2781 1594 2822 d,
1626 2782 1699 2817 651
1724 2793 1755 2822 c,

1051 2851 1128 2886 669
1151 2849 1187 2890 d,
1211 2850 1285 2885 671
1310 2848 1345 2889 d,
1372 2849 1447 2884 685
1469 2859 1501 2888 e,
1526 2848 1601 2883 723
1623 2858 1655 2887 e,
1679 2847 1755 2882 732

1052 2927 1083 2960 a,
1119 2916 1195 2952 734
1217 2926 1248 2956 c,
1284 2915 1358 2950 755
1381 2925 1412 2954 e,
1454 2913 1529 2949 756
1552 2923 1584 2955 e,
1625 2912 1697 2947 761
1722 2923 1755 2952 a,
