1986 3282
85 150 168 190 xix.
187 152 225 191 6.
447 151 518 191 IN
562 150 604 190 S.
640 149 977 190 JOANNEM.
1041 149 1166 189 LIB.
1204 148 1305 188 XII.
1614 148 1666 185 (35

85 261 161 309 καὶ
203 264 284 310 νῦν
328 260 747 326 μεμαστιγωμένον
792 260 989 325 ὁρῶντες
1032 259 1107 308 καὶ
1152 263 1250 311 ταῖς
1301 257 1431 324 παρὰ
1476 256 1667 307 πάντων

85 341 286 404 ἀτιμίαις
318 344 570 409 μονονουχὶ
603 341 835 405 μεθύοντα
869 342 1258 406 προσεκτείνουσι
1292 340 1377 403 τὴν
1404 337 1564 406 ὀργὴν,
1593 341 1668 388 καὶ

82 422 142 473 τὰ
180 423 237 492 ἐξ
272 424 473 490 ἀμέτρου
499 424 789 492 φθέγγονται
816 422 1012 492 φθόνου.
1067 422 1249 476 σκοπὸς
1280 422 1373 488 γὰρ
1399 423 1554 474 αὐτοῖς
1586 419 1668 471 τὸν

82 509 166 555 τοῦ
192 507 469 569 ἀμπελῶνος
495 507 762 557 ἀποκτεῖναι
789 505 1042 569 δεσπότην·
1096 503 1244 574 ᾤοντο
1274 503 1369 570 γὰρ
1396 504 1515 572 ἕξειν
1541 505 1668 553 ἀκιν-

40 602 62 640 5
84 587 231 641 δύνως
265 587 350 652 τὴν
375 589 691 655 κληρονομίαν
718 589 874 650 αὐτοῦ,
902 589 978 637 καὶ
1004 590 1041 638 εἰ
1066 587 1248 652 γε’νοιτο
1275 585 1418 654 τυχὸν
1444 588 1493 637 ἐκ
1519 586 1669 650 με’σου

83 668 311 736 Χριστὸς,
338 671 467 722 αὐτοὶ
506 669 868 736 καθηγήσεσθαι
906 668 1055 721 πάλιν
1081 671 1156 719 καὶ
1187 673 1288 722 ταῖς
1317 668 1447 734 παρὰ
1477 667 1669 719 πάντων

84 757 238 814 τιμαῖς
272 753 523 821 ἐντρυφᾶν.
580 751 691 803 ἀλλ’
720 755 781 806 ὡς
817 753 842 802 ὁ
869 752 1081 820 ψάλλων
1108 752 1261 820 φησίν
1296 758 1322 780 “
1342 752 1405 801 ‘O
1441 754 1707 801 κατοικῶνο
1728 771 1781 802 1‘5.
1800 772 1833 802 ii.
1851 780 1879 811 4-

85 840 112 863 “
138 835 186 884 ἐν
226 835 436 901 οὐρανοῖς
470 833 778 900 ἐκγελάσεται
819 833 1001 896 αὐτοὺς,
1045 835 1119 884 καὶ
1164 834 1189 883 ὁ
1223 833 1396 899 Κύριος
1435 834 1662 897 ἐκμυκτη-

84 924 111 946 “
137 922 228 982 ριεῖ
249 917 462 972 αὐτούς.”
506 918 558 968 οὐ
577 916 671 983 γὰρ
697 916 934 980 ἐκβέβηκέ
949 939 993 967 τι
1019 921 1114 967 τῶν
1136 915 1256 966 κατὰ
1279 916 1473 981 γνώμην
1500 916 1668 977 αὐτοῖς,

16 1021 62 1046 10
82 1000 193 1049 ἀλλ’
222 1003 285 1053 εἷς
322 1004 417 1051 πᾶν
455 1000 725 1050 τούναντίον
762 999 819 1067 ἐξ
854 999 1177 1067 ἀντιστρόφου
1215 1000 1486 1062 μεταβολῆς
1518 998 1545 1061 ἡ
1577 1002 1670 1048 τῶν

80 1081 374 1148 πραγμάτων
399 1081 750 1149 μετακεχωρηκε
779 1080 941 1150 φύσις.

82 1248 200 1297 ΛεΓει
244 1247 389 1291 αὐτοῖς
426 1250 448 1292 ὁ
486 1250 672 1291 Πιλάτοε
713 1249 870 1299 Λάβετε
914 1245 1032 1297 ὑμεῖς
1076 1249 1218 1300 αὐτὸν,
1264 1248 1332 1289 καὶ
1376 1248 1665 1305 σταυρώσατε·

395 1333 481 1381 ἐπεὶ)
519 1334 595 1390 Γὰρ
633 1334 707 1389 οὐχ
745 1332 930 1389 εὑρίσκω
965 1332 1010 1374 ἐν
1049 1333 1167 1386 αὐτῷ
1205 1330 1355 1377 αἰτίαν,

160 1446 555 1511 Καταπλήττεται
583 1445 796 1500 Πιλάτος
823 1451 860 1497 εἱ
886 1446 977 1513 ἄρα
1002 1470 1103 1500 πως
1134 1448 1209 1497 καὶ
1244 1450 1306 1500 εἷς
1341 1452 1480 1498 τοῦτο
1515 1469 1671 1497 κατοι-

16 1550 63 1588 15
83 1529 279 1596 χήσεται
310 1528 489 1594 τόλμης
514 1534 608 1580 τῶν
633 1530 873 1580 Ἰουδαίων
900 1530 924 1580 ὁ
952 1531 1113 1593 δῆμος,
1144 1531 1218 1579 καὶ
1244 1529 1272 1592 ἡ
1299 1534 1393 1580 τῶν
1420 1529 1671 1597 ἀρχιερέων

81 1611 491 1679 ἀπανθρωποτάτη
530 1611 730 1676 πληθὺς,
767 1609 891 1661 ὥστε
932 1613 1006 1661 καὶ
1045 1611 1128 1661 τὸν
1167 1612 1286 1662 οὕτω
1327 1610 1524 1679 φρικτὸν
1564 1613 1665 1662 ε’πι-

83 1697 228 1744 θεῖναι
278 1693 482 1745 θάνατον
527 1693 592 1758 μὴ
640 1697 971 1761 παραιτεῖσθαι
1015 1696 1234 1762 Χριστῷ,
1281 1693 1429 1743 καίτοι
1474 1696 1556 1757 τῆς
1607 1697 1668 1746 εἰς

83 1781 221 1826 τοῦτο
260 1776 503 1841 καλούσης
543 1776 684 1828 αὐτὸν
724 1777 871 1829 αἰτίας
911 1773 1169 1838 οὐδαμόθεν
1210 1775 1539 1843 ἐξηυρημένης.
1594 1775 1670 1826 διὰ

83 1858 178 1923 γάρ
199 1881 270 1908 τοι
291 1857 428 1909 τοῦτό
456 1863 592 1927 φησι,
614 1861 863 1927 μονονουχὶ
891 1860 966 1909 καὶ
993 1860 1055 1911 ὡς
1083 1858 1365 1924 ὑβρισμένος
1392 1858 1671 1924 ἀγανακτῶν

15 1939 196 2002 εοἙμὲ
231 1942 432 2005 ταυτησὶ
455 1944 537 2005 τῆς
563 1942 723 1992 ἀδίκου
749 1941 1019 2009 μιαιφονίας
1043 1938 1336 2004 ἐποιήσασθε
1361 1939 1630 2005 βραβευτήν
1653 1963 1665 2002 3

81 2021 174 2088 ἐγὼ
213 2021 343 2088 παρὰ
380 2022 560 2077 πάντας
598 2022 706 2078 τοὺς
731 2024 979 2087 Ῥωμαίων
1006 2020 1175 2085 νόμους
1201 2023 1277 2073 καὶ
1313 2026 1407 2072 τῶν
1438 2021 1669 2087 ἀνεγκλή-

81 2127 176 2155 των
224 2104 395 2168 ε”σομαι
441 2103 682 2173 φονευτὴς,
731 2110 831 2158 ταῖς
882 2103 931 2156 δὲ
980 2104 1218 2170 ὑμετέραις
1267 2104 1668 2168 ἀναπεπεισμένος

82 2190 260 2254 φωναῖς
285 2187 339 2237 τὸ
365 2189 564 2250 ἐμαυτοῦ
589 2186 864 2253 προήσομαι
889 2185 1143 2254 χρήσιμον,
1173 2187 1249 2236 καὶ
1273 2191 1372 2239 ταῖς
1399 2186 1509 2253 παρ’
1538 2188 1666 2250 ὑμῶν
1685 2213 1706 2238 e

83 2266 303 2331 αἱτήσεσι
350 2269 692 2336 ῥιψοκινδύνως
742 2270 998 2335 ὑπηρετῶν,
1044 2269 1126 2318 οὐκ
1172 2268 1220 2318 ἐν
1262 2266 1456 2318 ἐλπίσιν
1497 2267 1667 2330 ε”σομαι

15 2373 66 2413 25
84 2354 166 2400 τοῦ
191 2353 359 2401 παθεῖν
384 2349 443 2401 τὰ
468 2350 594 2402 δεινά
614 2372 624 2411 ;
667 2354 705 2401 εἰ
729 2350 795 2414 μὴ
822 2349 915 2416 γὰρ
939 2349 1095 2401 οἴεσθε
1117 2353 1212 2400 τῶν
1238 2350 1443 2400 ἀνοσίων
1468 2373 1512 2401 τι
1539 2353 1668 2416 δρᾶν,

83 2435 122 2482 εἰ
171 2429 235 2495 μὴ
285 2432 498 2500 χαλεπὸν
543 2430 658 2484 εἶναι
702 2432 756 2484 τὸ
799 2437 998 2499 πρᾶγμα
1044 2431 1306 2498 λογίζεσθε,
1351 2434 1476 2500 ὑμεῖς
1526 2433 1671 2495 αὐτοὶ,

83 2515 250 2582 φησὶν,
277 2517 318 2564 οἱ
357 2519 452 2568 τοῖς
492 2515 629 2569 θείοις
667 2516 979 2582 ἐπαυχοῦντες
1017 2512 1312 2578 μαθήμασιν,
1339 2516 1381 2564 οἱ
1408 2515 1482 2565 ἐπὶ
1518 2512 1673 2577 νόμων

83 2595 258 2658 εἷδήσει
299 2595 385 2660 τὴν
427 2596 580 2665 ὀφρὺν
620 2596 804 2665 ἔχοντες
849 2595 1063 2664 ὑψηλὴν,
1100 2595 1284 2664 πήξατε
1326 2594 1408 2646 τὸν
1448 2594 1672 2663 σταυρὸν,

81 2677 359 2741 τολμήσατε
385 2677 468 2729 τὸν
496 2677 657 2746 φόνον,
684 2677 1093 2744 ἀνοσιουργήσατε
1129 2678 1184 2729 δι’
1213 2679 1405 2736 ἑαυτῶν,
1435 2678 1565 2728 αὐτοὶ
1590 2681 1672 2742 τῆς

14 2781 65 2817 30
83 2759 259 2810 ἑαυτῶν
286 2760 592 2827 καταχέοντες
618 2763 830 2829 κεφαλῆς
856 2759 916 2811 τὰ
940 2762 988 2811 ἐκ
1016 2762 1098 2823 τῆς
1124 2758 1360 2824 τοσαύτης
1388 2760 1671 2826 δυσσεβείας
1691 2773 1893 2809 21047A.

133 2922 166 2951 4.
180 2909 262 2990 1εὲξῖῖιν
280 2910 320 2944 Ε.
623 2923 677 2946 22.
705 2912 739 2946 δέ
760 2924 829 2946 om.
850 2912 885 2945 F.
940 2911 1066 2946 Statim
1085 2912 1259 2956 ὑμετέραις
1280 2912 1359 2946 EF.
1382 2911 1447 2945 Ed.
1467 2923 1538 2955 mg.
1557 2910 1672 2954 ἡμετέ-

86 2970 161 2999 ραις
213 2968 225 2989 (
240 2983 246 2989 .

146 3023 238 3051 YOL.
263 3024 329 3051 III.
885 3027 910 3052 K
