2012 3272
89 158 173 198 xxi.
196 159 256 208 18,
281 172 342 212 19.
425 158 493 197 IN
536 158 578 198 S.
603 157 943 198 JOANNEM.
998 156 1123 197 LIB.
1147 157 1251 197 XII.
1305 158 1437 198 CAP.
1466 158 1500 199 Ι.
1594 159 1672 198 167

90 266 236 331 ἁγίων
260 265 389 317 ἑκών.
430 267 539 316 ἀλλ’
569 270 604 316 εἰ
632 268 708 316 καὶ
734 265 900 332 πικρὸς
927 267 951 316 ὁ
979 265 1193 328 θάνατος,
1213 267 1369 317 ἔπεισί
1388 289 1436 317 τε
1464 269 1538 316 καὶ
1566 267 1674 316 λίαν
1693 272 1720 312 d

90 347 380 411 ἀνεθελήτως
425 349 594 410 αὐτοῖς,
636 347 766 398 ἀλλά
813 371 865 413 γε
914 351 996 411 τῆς
1047 347 1188 416 δόξης
1241 351 1324 411 τῆς
1375 347 1505 414 παρὰ
1548 351 1673 398 Θεοῦ

90 428 363 496 γλιχόμενοι
403 433 476 480 καὶ
516 433 596 490 τῆς
635 430 837 495 ἐπιγείου
871 436 1225 498 καταφρονοῦσι
1258 429 1389 495 ζωῆς.
1445 432 1672 493 ἀποκομι-

90 511 363 574 σθήσεσθαι
399 518 648 578 τοιγαροῦν
678 511 760 562 τὸν
791 511 1021 577 μακάριον
1057 512 1239 578 Πέτρον
1273 511 1676 578 προανεφώνησεν

50 593 116 646 5ὁ
155 592 368 658 Χριστὸς
407 598 468 647 εἷς
507 592 751 662 ἀπᾴδοντά
789 617 836 644 τε
876 595 952 644 καὶ
991 593 1310 657 μεμισημένον
1350 599 1433 645 τοῦ
1471 593 1676 643 θανάτου

91 673 251 726 τόπον.
309 675 420 726 ἀλλ’
462 677 544 726 οὐκ
595 675 653 726 ἂν
696 679 759 729 εἱς
808 681 946 726 τοῦτο
996 673 1225 744 κατέληξε
1265 675 1424 744 δόξης,
1473 675 1574 726 οὐδ’
1608 673 1676 728 ,ἂν

91 758 366 824 ἐσταυρώθη
393 758 467 809 διὰ
494 755 724 824 Χριστὸν,
752 761 788 808 εὶ
827 756 891 821 μὴ
931 761 1013 822 τῆς
1052 762 1146 808 τῶν
1175 762 1381 823 λογικῶν
1419 757 1677 823 προβάτων

90 840 352 903 ἐπιμελείας
391 841 636 904 ἠκολούθει
677 839 736 891 τὰ
781 840 1070 905 ἐγκλήματα,
1115 841 1190 890 καὶ
1234 842 1317 903 τῆς
1356 843 1418 892 εἷς
1456 838 1678 904 Χριστὸν

91 922 277 988 ἀγοίπης
305 921 604 989 ε’ῤῥιζωμένην
630 922 750 990 ἔχων
775 921 861 986 τὴν
881 922 1077 985 δύναμιν
1102 920 1255 972 ἐκάλει
1281 920 1399 988 πρὸς
1426 922 1679 972 εὐπείθειαν

26 1027 73 1052 10
93 1003 198 1057 τοὺς
238 1010 337 1059 ταῖς
375 1008 667 1064 διαβολικαῖς
703 1003 901 1058 ἀπάταις
931 1005 1370 1070 σεσαγηνευμένους
1405 1002 1524 1071 πρὸς
1550 1002 1677 1053 πλά-

93 1110 244 1151 νησιν.
302 1087 591 1138 ἀπεκτόνασι
631 1087 724 1153 γὰρ
759 1086 840 1138 τὸν
877 1087 1107 1154 μακάριον
1136 1086 1321 1153 Πέτρον
1354 1090 1396 1137 οἱ
1431 1088 1504 1136 καὶ
1541 1091 1680 1136 τοῦτο

92 1172 264 1234 δρᾶσαι
303 1168 643 1233 τολμήσαντες,
677 1170 764 1238 οὐχ
802 1168 958 1236 ἑτέρας
997 1169 1144 1223 αἰτίας
1183 1168 1461 1237 ἐπιγράφειν
1496 1169 1679 1235 ἔχοντες

92 1252 230 1321 αὐτῷ,
275 1251 423 1316 μόνην
469 1250 516 1302 δὲ
568 1250 652 1315 τὴν
698 1256 759 1306 εἱς
801 1251 1019 1317 Χριστὸν
1062 1254 1372 1317 ἐγκαλοῦντες
1418 1250 1833 1311 εὐσεβειανΛιΠΖΙ
1850 1262 1904 1298 A.

93 1333 195 1384 ε”στι
229 1335 384 1384 τοίνυν
411 1335 486 1384 καὶ
522 1333 597 1384 διὰ
628 1334 806 1385 τούτων
834 1336 955 1396 ἰδεῖν,
985 1334 1054 1385 ὅτι
1081 1334 1327 1401 χρησίμως
1353 1356 1402 1384 τε
1431 1335 1505 1383 καὶ
1534 1334 1679 1397 ἀναγ-

28 1438 73 1475 15
94 1416 231 1469 καίως
260 1417 283 1466 ὁ
315 1415 486 1482 Κύριος
524 1416 655 1480 ἡμῶν
677 1417 864 1480 Ἰησοῦς
892 1417 916 1466 ὁ
942 1415 1156 1482 Χριστὸς
1191 1414 1562 1484 προανεφώνησε
1598 1418 1681 1463 τοῦ

96 1498 279 1563 Πέτρου
317 1497 402 1562 τὴν
429 1496 663 1563 τελευτὴν,
690 1498 765 1548 ἵνα
804 1499 857 1548 δι’
888 1496 952 1548 ῶν
991 1498 1160 1560 ἔμελλε
1199 1502 1364 1549 παθεῖν
1397 1501 1682 1564 κατασφρα-

93 1581 210 1648 γίσῃ
245 1579 421 1646 τρόπον
447 1580 551 1631 τινὰ
590 1582 664 1631 καὶ
696 1579 869 1644 ἀληθὲς
895 1580 1103 1648 ἐπιδείξῃ
1143 1579 1196 1630 τὸ
1235 1579 1354 1646 πρὸς
1393 1578 1534 1630 αὐτὸν
1561 1582 1682 1643 εἰρη-

95 1662 234 1726 μένον
273 1670 298 1692 “
321 1665 430 1724 Ναὶ,
461 1664 624 1729 Κύριε,
655 1661 720 1713 σὺ
759 1660 885 1716 οἶδας
926 1664 994 1713 ὅτι
1029 1666 1157 1730 φιλῶ
1191 1662 1291 1713 σε.”
1332 1659 1386 1712 τὸ
1425 1660 1518 1727 γὰρ
1558 1660 1681 1714 ὅλως
1742 1663 1884 1739 {gfff}-

95 1747 374 1808 τελευτῆσαι
413 1743 489 1795 διὰ
526 1743 580 1795 τὸ
616 1743 846 1811 κήρυγμα,
873 1748 974 1798 πῶς
1011 1744 1094 1794 οὐκ
1131 1742 1189 1794 ἂν
1223 1744 1404 1810 γένοιτο
1441 1741 1604 1812 σαφής
1634 1765 1681 1793 τε

27 1851 76 1876 20
95 1828 170 1876 καὶ
209 1827 540 1896 ἀναμφίλογος
574 1831 657 1877 τοῦ
694 1831 852 1895 φιλεῖν
886 1824 1136 1895 ἀπόδειξις,
1162 1827 1237 1876 καὶ
1274 1825 1344 1876 ὅτι
1382 1827 1465 1889 τῆς
1503 1825 1684 1878 τελείας

95 1907 296 1974 ἀγάπης,
325 1910 445 1977 φημὶ
486 1908 542 1972 δὴ
578 1911 662 1972 τῆς·
698 1912 761 1962 εἷς
788 1906 1017 1974 Χριστὸν,
1045 1908 1144 1959 κατ’
1174 1907 1337 1959 οὐδένα
1363 1905 1540 1974 τρόπον
1567 1908 1681 1957 ἀπε-

95 1990 386 2054 λιμπάνετο;
431 1989 635 2056 ἐπιλέγει
673 1989 822 2056 γεμὴν
861 1989 928 2043 οἷς
954 1990 1045 2058 ε”φη
1073 1988 1287 2056 Χριστὸς
1325 1994 1391 2058 τῷ
1421 1988 1590 2059 Πέτρῳ
1629 1986 1728 2039 τόὶ)

94 2072 340 2125 Ἀκολούθει
378 2097 469 2141 μοι,
496 2071 708 2138 δήλωσιν
747 2071 831 2135 μὲν
862 2071 984 2140 ἔχον,
1021 2074 1083 2126 ὡς
1122 2073 1170 2123 ἐν
1209 2072 1388 2141 διανοίᾳ
1428 2073 1559 2139 κοινῇ
1599 2074 1684 2134 τῆς

96 2154 217 2206 κατὰ
256 2155 512 2220 μαθητείαν
547 2153 795 2218 νοουμένης
830 2153 1206 2218 ἀκολουθήσεως,
1246 2155 1601 2219 αἰνιγματωδῶς
1636 2152 1685 2203 δὲ

30 2254 79 2293 25
96 2236 244 2289 πάλιν
272 2238 566 2305 ὑπεμφαΐνον
593 2235 712 2287 κατά
745 2259 797 2302 γε
828 2235 879 2286 τὸ
905 2234 1021 2289 εἰκὸς
1047 2235 1204 2302 ἕτερον
1233 2235 1379 2298 οὐδὲν,
1406 2234 1435 2300 ἢ
1464 2234 1534 2285 ὅτι
1563 2233 1683 2285 Κατ’

98 2318 225 2387 ’ίχνος
261 2319 400 2386 ε”ρχου
439 2318 663 2369 κινδύνων
690 2322 783 2368 τῶν
811 2318 948 2381 ἐμῶν,
976 2319 1051 2368 καὶ
1086 2315 1171 2380 τὴν
1198 2316 1343 2381 αὐτὴν
1370 2318 1504 2368 οἱονεὶ
1540 2317 1678 2378 βαδί-

99 2400 188 2466 ζων
215 2401 338 2463 ὁδὸν,
365 2400 488 2469 ἔργῳ
523 2423 573 2451 τε
609 2402 682 2450 καὶ
711 2399 843 2469 λόγῳ
869 2398 951 2453 τὰς
979 2403 1074 2450 τῶν
1100 2397 1396 2464 κεκλημένων
1423 2397 1686 2468 ὠφελήσας

99 2481 275 2550 ψυχὰς,
303 2484 378 2532 καὶ
412 2483 481 2533 ἐπ’
510 2482 651 2533 αὐτὸν
683 2481 795 2532 ἱέναι
827 2480 1037 2532 κατόκνει
1073 2482 1299 2545 μηδαμῶς
1326 2480 1409 2531 τὸν
1435 2482 1508 2531 ἐπὶ
1536 2481 1687 2550 ξύλου

100 2563 316 2626 θάνατον,
361 2562 414 2614 ὃν
456 2565 530 2615 καὶ
573 2564 821 2628 συμβῆναί
859 2568 1011 2632 φησιν
1056 2563 1169 2614 ὅταν
1211 2567 1272 2617 εἷς
1319 2566 1467 2629 γῆρας
1511 2561 1683 2630 ἐλάσῃ,

152 2762 183 2786 Ι.
208 2750 321 2785 ἔπεισί
337 2765 372 2785 τε
391 2762 461 2785 om.
481 2751 523 2785 E.
641 2762 674 2792 4.
698 2750 987 2795 προανεφώνησεν
1006 2749 1047 2783 E.
1065 2750 1313 2794 προεφώνησεν
1332 2747 1398 2783 Ed.
1520 2756 1554 2792 5.
1580 2748 1686 2781 τόπον

101 2800 161 2831 τοῦ
179 2797 322 2832 θανάτου
339 2798 479 2831 inverso
497 2795 618 2831 ordine
631 2796 672 2830 E.
816 2796 848 2829 6.
875 2794 945 2829 οὐδ’
965 2796 1004 2829 ἂν
1021 2807 1090 2829 om.
1111 2796 1241 2839 (spatio
1260 2806 1298 2829 12
1318 2795 1387 2829 fere
1404 2795 1470 2829 litt.
1488 2794 1622 2835 relicto)
1643 2793 1685 2827 E.

105 2855 125 2887 9
143 2850 175 2877 et
197 2855 248 2878 12.
275 2846 334 2887 τὴν
359 2843 496 2888 δύναμιν
522 2855 604 2882 om.,
624 2843 811 2888 δρασιιντες
831 2854 894 2886 pro
912 2842 1038 2887 δρᾶσαι
1056 2841 1300 2886 τολμήσαντες,
1321 2841 1450 2887 (spatio
1472 2852 1511 2874 12
1529 2840 1600 2873 fere
1618 2840 1684 2872 litt.

104 2896 252 2935 utroque
269 2891 345 2924 loco
363 2890 496 2934 relicto)
517 2890 558 2924 E.
831 2899 883 2931 14.
909 2903 945 2923 τε
963 2900 1033 2923 om.
1052 2889 1093 2923 E.
1360 2897 1411 2932 15.
1439 2889 1456 2920 ὁ
1476 2887 1533 2920 alt.
1553 2897 1622 2919 om.
1641 2884 1683 2919 E.

108 2946 160 2981 17.
185 2937 318 2980 ἀληθῶς
336 2937 376 2971 Ε.
616 2946 670 2980 27.
697 2935 938 2979 κεκαλειμένων
957 2935 998 2970 Ε.
