2012 3272
118 129 172 170 iv.
196 131 259 172 16.
362 129 431 169 IN
461 129 546 170 ΕΡ.
580 129 642 170 ΙΙ.
679 129 761 169 AD
799 129 1187 170 CORINTHIOS.
1241 129 1355 171 LIB.
1379 130 1465 170 ΙΙΙ.
1623 132 1706 171 317

1741 194 1811 235 [95
1830 193 1880 225 M·
1902 194 1914 233 ]

117 235 288 289 πόνων.
340 238 417 288 καὶ
454 238 510 288 δι’
548 236 731 291 οὐδενὸς
779 236 865 301 μὲν
909 244 1150 290 ποιοῦνται
1189 237 1339 304 λόγου
1377 238 1485 292 τοῦς
1523 240 1573 290 ἐκ
1610 243 1706 289 τῶν

119 318 317 383 ἀγώνων
349 323 559 384 ἱδρῶτας,
585 318 887 385 ε’πιγοὶνυνται
925 319 973 370 δὲ
1011 325 1203 384 μᾶλλον
1240 325 1336 373 τοῖς
1375 321 1554 371 ἄνωθεν
1579 321 1701 385 ἀγα-

120 404 232 462 θοῖς,
259 400 601 466 διαλογίζονται
631 400 725 467 γὰρ
752 403 832 465 τῆς
859 407 942 452 τοῦ
970 405 1096 452 Θεοῦ
1125 401 1397 470 φιλοτιμίας
1423 402 1478 452 τὸ
1503 400 1704 455 πλάτος·

120 481 194 532 διὰ
234 481 327 547 γὰρ
366 487 505 533 τοῦτο
544 488 603 537 εἰς
642 481 820 534 θοὶνατον
848 480 1180 552 παραδίδονται
1215 481 1291 534 δια
1321 485 1477 544 Ἰηο-οῧν
1513 484 1586 535 ’ἵνα
1627 490 1705 534 καὶ

77 566 140 624 5η
180 562 262 634 ζωη
302 566 375 614 τοῦ
412 565 549 622 Ἰησοῦ
589 563 807 635 φανερωθῇυ
845 566 883 616 ἐν
929 571 976 639 τῇ
1017 563 1130 638 θνητῇ
1165 567 1315 635 σαρκί.
1356 567 1433 615 καὶ
1472 566 1542 618 τίς
1580 591 1602 626 η
1637 567 1709 616 τοῦ

117 647 256 706 Ἰησοῦ
289 647 372 715 ζωη
389 672 399 706 3
440 645 468 708 ἡ
500 647 749 714 ἀφθαρσία
786 648 861 697 καὶ
897 646 1148 712 ἁγιασμὸς,
1177 647 1295 716 δόξα
1325 670 1376 698 τε
1411 646 1599 713 μεγάλη
1632 648 1708 697 καὶ

119 728 449 794 ὑπερκόσμιος·
498 729 643 781 οὕτως
669 727 762 795 γὰρ
788 729 897 793 ἡμῖν
925 728 1191 798 ὀφθήσεται
1222 729 1339 780 κατὰ
1368 727 1567 795 καιροὺς,
1595 728 1708 780 ὅταν

119 810 227 873 ἡμῖν
254 811 433 860 ἄνωθεν
460 812 535 860 καὶ
561 810 619 878 ἐξ
646 811 844 876 οὐρανοῦ
876 812 1138 879 καταβαίνῃ
1170 812 1342 876 κριτής·
1389 834 1705 879 μετασχημα-

118 892 238 942 τίσει
266 891 314 942 δε
348 893 423 941 καὶ
455 899 481 920 “
502 892 556 942 τὸ
583 896 727 955 σῶμα
758 895 841 956 τῆς
879 893 1207 946 ταπεινώσεως
1247 894 1379 957 ἡμῶν
1417 892 1709 961 σύμμορφον
1727 915 1813 946 Phil.
1825 915 1935 946 iii.21.

54 988 102 1014 10
121 980 147 1003 ‘⁶
172 978 238 1042 τῷ
265 973 453 1035 σώματι
484 976 566 1036 τῆς
594 973 736 1042 δόξης
763 974 905 1025 αὐτοῦ
934 973 1053 1025 κατὰ
1079 973 1165 1038 τὴν
1192 975 1425 1041 ἐνεργειαν
1451 980 1535 1026 τοῦ
1562 976 1702 1025 δύνα-

120 1063 147 1085 “
172 1060 288 1106 σθαι
327 1054 469 1105 αὐτὸν
507 1057 582 1105 καὶ
622 1055 854 1124 ὑποτάξαι
893 1057 1018 1126 αὐτῷ
1056 1057 1116 1107 τὰ
1155 1055 1357 1108 πάντα.”
1418 1055 1530 1108 ὥστε
1572 1063 1589 1108 ὁ
1631 1055 1709 1125 μὲν
1727 1077 1865 1101 ver.12.

121 1137 303 1192 θανατος
343 1137 380 1187 ἐν
419 1136 514 1205 ημῖν
548 1138 790 1203 ἐνεργεῖται,
819 1164 839 1198 η
867 1135 912 1189 d‘e‘
946 1137 1028 1208 ζωη
1066 1140 1103 1190 ἐν
1129 1142 1241 1207 ὑμῖν.
1294 1139 1578 1203 μεμίμηνται
1616 1138 1709 1204 γὰρ
1730 1162 1787 1195 96
1810 1159 1872 1196 Μ,

120 1219 203 1270 τὸν
234 1220 409 1270 ἑαυτῶν
441 1218 680 1283 δεσπότην
715 1222 757 1270 οἱ
793 1223 875 1283 τῆς
909 1220 985 1289 ὑφ’
1015 1220 1134 1290 ἡλίῳ
1170 1222 1498 1287 μυσταγωγοί·
1559 1222 1705 1271 τεθεί-

122 1324 235 1352 κασι
261 1303 336 1351 καὶ
372 1303 501 1351 αὐτοὶ
535 1301 617 1354 τὰς
644 1304 820 1352 ἑαυτῶν
847 1301 1022 1371 ψυχας,
1047 1303 1124 1353 ἵνα
1151 1303 1279 1366 ἡμεῖς
1306 1307 1348 1353 οἱ
1373 1301 1486 1353 ποτὲ
1512 1302 1708 1353 πλανώ-

56 1409 102 1446 15
122 1407 263 1447 μενοι,
283 1382 369 1447 τὴν
396 1385 444 1433 ἐκ
471 1384 675 1436 πίστεως
702 1386 783 1447 τῆς
810 1388 871 1438 εἱς
900 1384 1116 1450 Χριστὸν
1142 1385 1550 1451 ἀποκερδαίνωμεν
1577 1383 1710 1450 ζωήν·

121 1466 359 1532 τοιγάρτοι
395 1467 520 1533 φασὶ
558 1464 633 1516 διὰ
668 1469 749 1529 τῆς
785 1472 868 1516 τοῦ
899 1466 1181 1535 ψάλλοντος
1210 1470 1371 1536 φωνῆς
1396 1469 1458 1521 ὡς
1484 1465 1604 1533 πρὸς
1629 1466 1713 1518 τὸν

125 1547 302 1614 Κύριον
330 1548 460 1611 ἡμῶν
485 1549 676 1611 Ἰησοῦν
699 1547 781 1598 τὸν
808 1548 1024 1613 Χριστόν
1061 1555 1087 1578 “
1105 1547 1221 1599 “Orc
1258 1549 1406 1599 ἕνεκεν
1433 1555 1525 1600 σοῦ
1560 1553 1708 1600 θανα-
1731 1567 1785 1597 Ps.
1802 1567 1882 1597 xliii.

124 1638 150 1661 ‘⁶
175 1630 377 1692 τούμεθα
437 1629 557 1694 ὅλην
607 1629 693 1694 τὴν
744 1630 934 1696 ἡμέραν,
986 1631 1306 1696 ἐλογίσθημεν
1368 1633 1429 1685 ὡς
1492 1630 1713 1698 πρόβατα
1733 1618 1781 1649 23’

125 1720 152 1743 “
178 1713 415 1781 σφαγῆς.”

58 1957 107 1982 20
522 1947 797 1994 ΤΟΜΟΣ
853 1948 891 1994 Γ
945 1948 1203 1996 ΛΟΓΟΣ
1259 1949 1312 1995 Β.

125 2103 201 2146 Διὸ
244 2104 320 2144 οὐκ
364 2104 642 2155 ὲκκακοῦμεν,
681 2105 772 2145 ἀλλ’
818 2103 853 2146 εἰ
899 2105 967 2146 καὶ
1004 2106 1027 2149 ὁ
1072 2106 1159 2149 ἔξω
1197 2105 1319 2154 ἡμῶν
1359 2105 1589 2162 ἄνθρωπος
1627 2104 1716 2145 δια·
1739 2112 1784 2146 16

197 2186 432 2243 φθείρεται,
469 2187 557 2227 ἀλλ’
601 2187 623 2228 ὁ
661 2186 823 2229 ἔσωθεν
862 2188 1165 2229 ἀνακαινοῦται
1205 2189 1341 2246 ἡμέρα
1382 2188 1450 2229 καὶ
1488 2188 1644 2245 ἡμέρα.

189 2307 393 2377 ’Έξεστι
442 2310 500 2376 τῇ
559 2313 654 2359 ’τῶν
703 2310 1018 2376 προκειμένων
1067 2310 1219 2379 ἐννοίᾳ
1273 2314 1576 2376 προσβαλεῖν
1630 2310 1714 2360 οὐκ

129 2389 377 2459 ἀκόμψως,
430 2389 584 2441 κοινὸν
631 2389 796 2456 ὥσπερ
855 2389 1008 2442 ἅπασι
1062 2396 1158 2445 τοῖς
1209 2393 1422 2450 εὐσεβεῖν
1472 2392 1717 2458 ᾑρημένοις

61 2489 108 2527 25
127 2473 384 2538 προθέντας
415 2471 468 2523 τὸ
509 2475 684 2540 χρῆμα·
728 2480 755 2502 “
772 2473 1080 2539 στρατεύεται
1118 2473 1203 2537 μὲν
1235 2473 1327 2540 γὰρ
1361 2474 1389 2538 ἡ
1426 2473 1562 2542 σὰρξ
1598 2472 1716 2524 κατὰ
1734 2496 1922 2535 Ga1.v.17.

176 2621 209 2656 5.
237 2612 290 2645 καὶ
305 2612 356 2647 τίς
375 2612 424 2646 Η.
443 2613 492 2647 τίς
510 2612 545 2646 δέ
564 2612 632 2646 Ed.
800 2612 834 2647 6.
860 2612 879 2655 ἡ
897 2625 967 2647 om.
988 2613 1036 2646 H.
1110 2613 1193 2657 δόξα
1211 2611 1541 2656 τε-ὑπερκόσμιος]
1562 2613 1615 2646 καὶ
1633 2612 1718 2656 δόξα

129 2658 357 2702 ὑπερκόσμιος
377 2659 424 2692 Η.
566 2668 598 2703 7.
626 2657 776 2704 καιροὺς]
798 2660 909 2703 pergit
927 2659 1006 2693 ὅταν
1022 2659 1107 2702 ελθῃ
1126 2659 1261 2703 Κριτής.
1296 2660 1324 2693 εἷ
1342 2660 1412 2693 δὲ’
1395 2674 1431 2693 εν
1448 2675 1487 2702 τῃ
1507 2660 1608 2700 σαρκὶ
1626 2658 1719 2702 ἡμῶν

129 2705 437 2750 φανερωθήσεσθαι
455 2705 700 2749 προσδοκῶμεν
716 2706 775 2749 τὴν
791 2705 907 2748 Ἰησοῦ
931 2706 1026 2750 ζωὴν,
1043 2710 1114 2741 πῶς
1136 2721 1223 2741 τινες
1243 2708 1419 2750 τολμῶσιν
1436 2706 1540 2739 εἰπεῖν
1557 2706 1616 2739 οὐκ
1638 2706 1718 2739 α’να-

129 2751 321 2791 βιὼσεσθαι
339 2751 416 2787 τοὺς
433 2751 588 2795 νεκροὺς;
616 2752 644 2785 εἷ
661 2753 726 2797 γὰρ
744 2751 964 2795 ἀληθεύουσι,
982 2753 1055 2786 τίνα
1076 2755 1204 2796 τρόπον
1220 2752 1238 2795 ἡ
1257 2756 1316 2787 τοῦ
1333 2752 1450 2796 Ἰησοῦ
1474 2753 1538 2795 ζωὴ
1561 2753 1718 2796 φανερω-

131 2797 272 2840 θησεται
290 2798 373 2831 κατὰ
391 2798 524 2841 καιροὺς
543 2798 577 2831 ἐν
594 2801 633 2841 τῇ
654 2799 754 2842 θνητῇ
775 2813 875 2842 σαρκι
894 2799 1005 2842 ἡμῶν;
1032 2800 1079 2832 lta
1097 2799 1260 2833 desinens
1280 2799 1328 2833 H.
1429 2810 1481 2843 13.
1511 2798 1718 2832 ΙΠο.Τεθει’-

133 2857 231 2878 κασιν
247 2844 306 2880 τὰς
323 2845 449 2878 εαυτῶν
465 2844 583 2888 ψυχὰς
600 2845 631 2877 οἱ
648 2845 737 2889 ἅγιοι
759 2846 991 2890 μυσταγωγοὶ,
1009 2861 1060 2879 ινα
1080 2845 1129 2880 Η.
1294 2854 1347 2890 15.
1374 2845 1650 2888 ἀποκερδανωμεν
1670 2842 1718 2876 Η.

133 2889 234 2934 ζωήν]
261 2891 373 2935 pergit
399 2890 607 2933 σεσὼσμεθα
623 2891 688 2934 γὰρ
706 2893 776 2926 τοῖς
797 2895 864 2926 τῶν
889 2892 993 2936 ἁγιων
1010 2892 1216 2926 ἀποστόλων
1233 2890 1375 2936 ιδρωσιν
1394 2892 1453 2935 (ita
1472 2891 1649 2932 desinens)
1671 2888 1718 2922 ΙΙ.

135 2947 189 2971 20.
217 2937 269 2970 Ita
291 2937 337 2971 H.
481 2947 536 2970 21.
563 2937 688 2981 ἔξωθεν
706 2937 823 2972 Maius
843 2937 902 2971 sed
921 2939 985 2982 ἔξω
1005 2939 1103 2972 cor1i‹
1097 2939 1146 2983 ‹rit
1164 2939 1253 2972 inter
1271 2937 1543 2972 emendationes,

874 3005 994 3046 sz
