1981 3267
44 2552 151 2592 Supra

46 2606 110 2625 mv.
125 2604 176 2635 30.

258 129 313 170 62
660 128 711 168 Β.
744 126 1022 169 CYRILLI
1064 126 1442 167 ALEXANDR.
1701 127 1784 167 xix.
1802 139 1843 177 4.

258 259 326 291 τις
353 240 429 287 καὶ
454 236 612 298 τύπος,
639 235 770 287 ἀλλά
804 236 933 300 καὶῆ
965 240 1048 286 τοῦ
1086 240 1295 300 γέλωτος
1335 236 1459 286 αἰτία
1496 234 1840 300 προστέθειται·

258 317 537 386 προσῄεσαν
563 318 655 386 γὰρ
675 319 907 383 λέγοντες,
929 315 1058 384 φησί
1076 319 1208 384 Χαῖρε
1230 322 1247 368 ὁ
1269 315 1490 376 βασιλεὺς
1510 315 1588 367 τῶν
1609 313 1840 367 Ἰουδαίων.

332 401 609 465 Ἐπυθόμην
628 399 676 451 δὲ
696 404 851 462 τινῶν,
871 403 1062 463 μᾶλλον
1083 397 1131 449 δὲ
1151 398 1261 448 λίαν
1288 398 1474 463 ἀρέσκει
1501 400 1613 459 τισὶ,
1632 396 1846 466 στέφανον

258 483 342 548 μὲν
380 482 463 534 τὸν
504 483 550 552 ἐξ
593 480 792 534 ἀκανθῶν
829 480 916 541 τὴν
960 484 1053 531 τῶν
1093 479 1567 545 εἰδωλολατρούντων
1601 478 1666 530 ε”τι
1705 502 1847 529 κατα-

259 565 507 629 σημαίνειν
553 562 758 628 πληθὺν,
804 561 1275 630 ἀναληφθησομένην
1319 559 1484 627 ὥσπερ
1534 565 1595 615 εἰς
1645 559 1847 624 διάδημα
1869 581 1891 620 5

259 651 326 717 τῷ
366 650 568 716 Χριστῷ
618 645 694 697 διὰ
742 644 950 698 πίστεως
996 646 1080 707 τῆς
1122 647 1185 697 εἰς
1227 642 1382 706 αὑτὸν,
1426 642 1469 693 οἳ
1509 644 1585 694 καὶ
1624 643 1848 696 ἀκάνθαις

214 733 240 773 b
261 729 447 795 ἀγόνοις
481 751 531 780 τε
567 730 643 779 καὶ
677 726 935 795 ἀχρήστοις
963 725 1021 777 τὰ
1055 725 1164 789 ἔθνη
1190 723 1522 791 παρεικάζουσι
1549 724 1624 775 διὰ
1655 723 1708 776 τὸ
1735 747 1848 791 καρ-

260 811 353 864 πὸν
394 811 634 872 εὐσεβείας
679 810 800 878 ἔχειν
841 808 1020 870 οὐδένα,
1064 806 1324 876 πεφυκέναι
1366 806 1414 857 δὲ
1454 811 1644 870 μᾶλλον
1684 808 1842 870 ἐπιτη-

261 895 385 945 δείαν
419 897 480 948 εἰς
513 892 659 960 πυρὸς
693 897 777 943 τοῦ
808 890 1076 959 παμφάγου
1108 888 1309 957 τροφὴν,
1338 887 1549 954 καθάπερ
1576 887 1739 951 ἀμέλει
1773 890 1849 939 καὶ

261 976 344 1028 τὸν
370 978 418 1028 ἐν
443 977 605 1043 ἀγροῖς
635 973 890 1042 συρφετὸν,
917 973 1018 1037 ἤτοι
1054 970 1140 1035 τὴν
1164 970 1336 1038 ἀγρίαν
1362 972 1436 1021 καὶ
1462 971 1690 1038 γεωργίας
1725 968 1848 1024 τινος
1870 989 1918 1014 10

263 1060 372 1127 δίχα
417 1057 655 1128 φυομένην
693 1056 917 1108 ἄκανθαν·
971 1053 1025 1106 τὸ
1065 1053 1112 1104 δὲ
1156 1051 1384 1119 ἁλουργὲς
1425 1052 1619 1120 ἄμφιον,
1656 1051 1756 1116 ἤτοι
1794 1051 1849 1103 τὸ

263 1141 438 1209 ἱμάτιον
500 1140 555 1192 τὸ
610 1140 860 1210 πορφυροῦν,
915 1136 1002 1201 τὴν
1053 1135 1284 1200 ἐσομένην
1347 1134 1466 1185 κατὰ
1528 1133 1705 1188 παντὸς
1765 1140 1849 1185 τοῦ

262 1224 447 1287 κόσμου
472 1222 727 1284 βασιλείαν
753 1219 1001 1288 φάσκουσι
1028 1220 1222 1282 δηλοῦν.
1276 1215 1572 1283 παραδεκτὸν
1598 1215 1645 1267 δὲ
1672 1214 1800 1267 ἅπαν
1825 1214 1850 1265 ὃ

263 1305 328 1370 μὴ
354 1311 437 1356 τοῦ
464 1303 619 1358 εὐθέος
654 1302 863 1354 ἐκπίπτει
899 1299 1061 1366 λόγου,
1088 1298 1205 1364 μήτε
1244 1298 1338 1363 μὴν
1365 1300 1427 1352 ὡς
1464 1296 1691 1362 ἀνόνητον
1716 1297 1850 1348 ἔσται

223 1408 245 1435 e
263 1386 647 1450 πεπιστευμένον.
693 1385 776 1436 οὐκ
801 1381 1077 1447 ἀπόβλητος
1103 1382 1260 1433 τοίνυν
1286 1383 1369 1444 τῆς
1395 1380 1588 1446 θεωρίας
1614 1380 1638 1430 ὁ
1664 1378 1850 1447 τρόπος,
1874 1392 1921 1431 15

263 1468 574 1533 ἀστειοτάτην
599 1468 719 1536 ἔχων
743 1465 828 1531 τὴν
854 1466 1146 1532 ἐπιτήρησιν.

224 1631 345 1681 4Καὶ
386 1631 540 1674 ἐξῆλθε
583 1630 712 1671 Πάλιν
756 1628 844 1671 ἔξω
880 1628 903 1669 ὁ
940 1627 1140 1677 Πιλάτοε,
1186 1626 1253 1666 καὶ
1298 1627 1409 1673 λεΓει
1453 1621 1596 1666 αὐτοῖς
1634 1624 1717 1665 Ἴδε
1760 1623 1852 1672 ὀίΓω

334 1711 429 1763 ὑμῖν
463 1712 592 1755 αὐτὸν
630 1712 729 1764 ἔξω,
767 1711 835 1752 ἵνα
879 1710 1014 1758 Γνῶτε
1057 1711 1121 1752 ὅτι
1163 1708 1366 1758 οὐδεμίαν
1410 1706 1548 1750 αἰτίαν
1587 1707 1770 1765 εὑρίσκω
1807 1708 1851 1749 ἐν

334 1797 465 1852 αὐτῷ.

339 1894 608 1959 εΟμολογεῖ
640 1891 725 1957 μὲν
762 1890 816 1942 τὸ
851 1894 1083 1954 πταῖσμα,
1112 1891 1187 1940 καὶ
1227 1890 1310 1940 οὐκ
1348 1887 1632 1956 αἰσχύνεται.
1673 1909 1850 1950 μαστι-
1875 1916 1924 1941 20

266 1980 422 2043 γῶσαι
460 1974 555 2042 γὰρ
587 1974 677 2043 ἔφη
704 1975 927 2037 διακενῆς,
953 1972 1194 2041 ἐπιδείξειν
1221 1970 1269 2022 δὲ
1304 1973 1379 2022 καὶ
1420 1971 1574 2024 αὐτοῖς
1612 1968 1850 2035 ἐπαγγέλ-

267 2066 412 2121 λεται,
447 2056 780 2124 κατακορέσειν
818 2053 982 2121 ὥσπερ
1021 2055 1174 2105 αὐτῶν
1212 2053 1298 2118 τὴν
1337 2053 1568 2104 ἀτίθασον
1595 2050 1741 2119 ὀργὴν
1780 2049 1856 2102 διὰ

222 2143 350 2205 ᾱτῆς
394 2141 541 2194 οὕτως
585 2140 784 2202 ἐλεεινῆς
828 2135 1137 2201 ὑποτοπήσας
1190 2135 1310 2189 θέας·
1362 2134 1507 2199 μόνον
1548 2133 1596 2185 δὲ
1638 2134 1742 2201 οὐχὶ
1780 2134 1856 2184 καὶ

267 2226 556 2274 καταιτιᾶται
591 2218 774 2283 λοιπὸν,
802 2221 863 2274 ὡς
890 2223 1135 2288 φονῶντας
1166 2219 1350 2281 ἀδίκως,
1377 2218 1453 2268 καὶ
1488 2222 1627 2267 τοῦτο
1654 2217 1703 2267 ἐκ
1731 2216 1855 2281 παῤ-

267 2306 449 2372 ῥησίας,
478 2305 552 2354 καὶ
592 2301 865 2372 ἀναφανδὸν
903 2305 1191 2368 παρανομεῖν
1230 2297 1591 2365 ἀναγκάζοντας,
1618 2297 1701 2349 τὸν
1730 2295 1856 2366 ᾧπέρ
1877 2325 1926 2364 25

268 2388 373 2437 ἐστι
407 2390 502 2437 τῶν
529 2385 656 2436 ἰδίων
683 2382 839 2447 νόμων
865 2384 948 2434 οὐκ
981 2382 1169 2448 ἀζήμιος
1195 2383 1224 2446 ἡ
1249 2380 1540 2448 παράβασις.
1592 2384 1859 2446 πληροῦται

270 2467 420 2532 γεμὴν
444 2468 519 2518 ἐπὶ
545 2467 760 2534 Χριστῷ,
787 2467 862 2516 καὶ
887 2463 1062 2529 ἀληθὲς
1089 2464 1303 2531 ὑπάρχον
1330 2464 1492 2529 ὁρᾶται
1527 2461 1581 2514 τὸ
1608 2461 1859 2528 εἰρημένον,

270 2549 341 2600 ὅτι
386 2548 614 2615 6ιε’]οχεγάι
656 2548 680 2597 ὁ
725 2547 885 2613 ἄρχων
935 2551 1018 2597 τοῦ
1069 2544 1254 2608 κόσμου
1304 2544 1486 2607 τούτου,
1532 2545 1608 2594 καὶ
1658 2544 1706 2594 ἐν
1756 2543 1858 2605 ἐμοὶ

270 2639 298 2662 “
324 2631 508 2697 εὑρήσει
550 2629 726 2680 οὐδέν.”
782 2628 913 2693 ἄθρει
956 2626 1049 2692 γὰρ
1094 2625 1222 2680 ὅπως
1267 2626 1364 2676 ἄνω
1410 2627 1486 2676 καὶ
1532 2622 1658 2675 κάτω
1703 2622 1860 2675 πάντα

270 2711 556 2776 διακυκήσας
584 2712 608 2760 ὁ
634 2714 858 2772 σατανᾶς,
886 2707 1019 2759 οὐδὲν
1054 2707 1176 2761 ὅλως
1211 2707 1473 2773 ἀνευρίσκει
1508 2710 1603 2756 τῶν
1629 2707 1859 2770 ἐκβεβλη-
1879 2733 1929 2771 30

230 2825 251 2850 e
270 2796 422 2860 μένων
451 2792 581 2860 παρὰ
609 2796 733 2843 Θεοῦ
761 2794 834 2842 καὶ
863 2794 925 2844 εἰς
953 2790 1149 2853 δύναμιν
1176 2789 1404 2854 ἁμαρτίας
1432 2786 1859 2852 κατατεταγμένων,

323 2914 373 2936 11.
401 2902 529 2946 ι’ίμφιόν
545 2916 595 2935 τοι
617 2901 656 2934 E.
808 2910 855 2941 14.
884 2898 1005 2933 εὐθέως
1026 2898 1066 2931 E.
1222 2897 1271 2931 16.
1300 2894 1514 2939 ἐπιτήρησιν]
1535 2895 1746 2939 ἐπιχείρησιν
1765 2893 1857 2928 Catt-

273 2961 327 2983 21.
355 2950 407 2982 καὶ
425 2954 647 2992 assumptum
666 2960 706 2980 ex
729 2947 767 2980 E.
915 2957 966 2987 24.
995 2944 1101 2978 τούτω
1124 2944 1162 2977 E.
1308 2954 1364 2987 30.
1391 2957 1446 2986 γρ.
1467 2940 1695 2985 διακυκλὴσας
1715 2940 1741 2974 F
1759 2952 1829 2985 mg.
