1986 3282
27 1002 40 1026 1

24 2232 41 2255 2

22 2643 72 2679 30

100 131 298 173 xviii.28.
462 138 533 177 IN
578 140 618 179 S.
655 141 995 183 JOANNEM.
1060 144 1187 184 LIB.
1222 145 1326 186 XII.
1638 151 1694 189 47

99 238 183 303 τὴν
229 244 521 311 ἀδικωτάτην
568 251 859 318 μιαιφονιαν,
908 252 1040 303 οὐδὲν
1086 253 1209 308 ὅλως
1262 258 1416 310 αὐτοῖς
1461 260 1689 324 προστρί-
1712 269 1737 307 b

98 327 275 381 βεσθαι
316 329 587 390 νενομίκασι
626 331 829 393 βλάβος.
881 357 955 384 και
995 335 1048 386 τό
1087 359 1139 402 γε
1178 339 1465 408 παράδοξον,
1501 347 1694 405 μᾶλλον

99 403 147 453 δὲ
187 410 281 456 τῶν
320 408 486 460 ἄλλων
526 412 830 478 εὐηθεστερόν
869 439 917 467 τε
963 441 1038 468 και
1084 420 1398 485 ἀλογώτερον,
1439 424 1692 489 ἁγνεύουσι

98 485 173 535 διὰ
213 510 299 550 την
338 496 420 541 τοῦ
458 494 706 556 προβάτου
745 497 959 565 σφαγὴν,
997 500 1154 567 ἕτερον
1193 503 1304 566 ημῖν
1343 506 1693 562 ἀνατυποῦντος

53 575 74 613 5
98 569 275 619 οὐδὲν
255 594 282 633 η
318 578 401 622 τοῦ
438 575 557 625 κατὰ
586 578 803 642 Χριστὸν
834 603 1098 647 μυστηριου
1133 583 1218 647 τὴν
1245 586 1488 639 σκιάν·οἱ
1525 589 1575 640 δὲ
1610 590 1693 641 τὸν

96 649 244 701 τύπον
290 659 513 716 τιμῶντες
557 664 640 708 τοῦ
683 659 963 726 πράγματος
1014 668 1075 718 εἷς
1127 665 1272 730 αὐτὴν
1315 669 1555 735 ὑβριζουσι
1607 672 1692 736 τὴν

97 731 339 796 ἀληθειαν.
393 738 711 801 πλαττόμενοι
748 742 841 809 γὰρ
877 745 946 795 ε”π
976 747 1101 815 αὐτῷ
1135 748 1222 811 τὴν
1247 750 1449 816 ἁγνείαν,
1478 758 1535 821 τῇ
1571 778 1691 806 κατα

97 816 314 879 Χριστοῦ
356 822 602 889 μιαιφονια
643 824 946 887 μεμόλυνται.
1018 834 1177 883 καλῶς
1220 832 1301 882 οὖν
1341 833 1446 899 ἄρα,
1489 836 1563 888 ὁτὲ
1604 838 1690 900 μὲν

95 895 276 964 τάφους
316 922 667 964 κεκονιαμενους
706 906 872 962 αὐτους
912 908 1137 977 ὠνόμαζε,
1182 919 1277 967 τοῖς
1316 915 1489 983 ἔξωθεν
1528 923 1602 970 καὶ
1641 923 1690 971 ἐκ
1750 921 1915 1006 'Stffiatgsly

50 1002 260 1047 οτεχνης
302 985 458 1037 αὐτοῖς
502 988 848 1055 ἐπῃωρημενοις
892 994 1253 1059 περιβλήμασιν
1292 999 1729 1101 ἐξωραὶσμενους,0

94 1061 275 1113 ἐσωθεν
317 1066 465 1129 γεμὴν
509 1070 758 1134 δύσοσμον
804 1096 879 1124 και
926 1078 1323 1145 δυσαχθεστάτην
1368 1082 1561 1150 ἔχοντας
1605 1085 1691 1151 τὴν

93 1146 409 1211 ἀκαθαρσίαν·
455 1150 529 1200 ὁτὲ
570 1151 617 1202 δέ
656 1153 817 1217 πάλιν,
846 1158 1063 1224 διυλίζειν
1096 1184 1182 1224 μεν
1216 1161 1307 1229 ε”φη
1347 1163 1428 1215 τὸν
1463 1167 1684 1232 κώνωπα,
1751 1181 1802 1212 Ib
1821 1191 1872 1220 24

94 1229 364 1279 καταπίνειν
407 1231 454 1281 δε
500 1232 583 1283 τὸν
625 1234 858 1299 κάμηλον.
926 1241 1378 1310 ἀκριβολογουμενοι
1423 1247 1517 1314 γὰρ
1569 1260 1690 1301 πολ-

93 1308 229 1362 λάκις
264 1312 336 1361 ἐπὶ
374 1318 472 1367 τοῖς
511 1316 749 1381 ἁπάντων,
783 1323 845 1374 ὡς
884 1322 993 1376 ἐπος
1031 1327 1183 1388 εἰπεῖν,
1219 1329 1489 1396 ἐλαχιστοις
1525 1356 1574 1383 τε
1613 1337 1688 1385 καὶ

24 1410 71 1445 15
92 1390 288 1453 μειόσιν,
316 1417 344 1457 η
372 1398 445 1445 καὶ
475 1398 547 1447 ε’πὶ
574 1403 735 1461 μηδενι
762 1410 1023 1459 παντελῶς·
1068 1408 1117 1457 τί
1144 1408 1235 1474 γὰρ
1264 1410 1387 1465 ὅλως
1416 1415 1441 1463 ὁ
1471 1415 1685 1484 κώνωψ;

91 1471 151 1520 τὰ
190 1477 283 1523 τῶν
322 1477 635 1541 ἐγκλημάτων
674 1487 1090 1553 περιπληθεστερα
1135 1491 1339 1544 τιθενται
1384 1518 1482 1561 παρ
1535 1498 1684 1561 οὐδὲν,

92 1576 167 1603 και
205 1578 432 1622 ποτηριου
468 1560 553 1621 μὲν
580 1565 654 1613 καὶ
690 1588 884 1620 πινακος
922 1570 1195 1636 ἀπονιζουσι
1231 1574 1284 1625 τὸ
1320 1576 1424 1645 ἔξω,
1456 1578 1601 1646 λόγος
1636 1582 1684 1633 δε
1747 1586 1870 1627 lb.25.

91 1636 247 1690 αὐτοῖς
291 1646 538 1696 παντελῶς
583 1646 729 1698 οὐδεις
772 1651 854 1711 τῆς
895 1650 1027 1702 ενδον
1068 1656 1378 1722 ἀκαθαρσίας.
1450 1661 1549 1712 ἱδου
1591 1663 1683 1730 γὰρ

93 1717 191 1768 ἶδου
219 1743 366 1772 καιτοι
395 1729 478 1773 τοῦ
503 1727 754 1794 προφήτου
780 1731 1006 1797 λεγοντος
1033 1735 1256 1802 ΗΙερεμιου
1280 1747 1454 1810 σαφῶς
1482 1752 1507 1774 “
1527 1746 1677 1797 Ἀπό-
1747 1746 1842 1778 Hier.
1859 1747 1902 1777 iv.

93 1807 296 1852 “πλυνε
343 1805 437 1856 ἀπο
489 1830 652 1863 κακιας
703 1812 789 1875 τὴν
836 1816 1029 1880 καρδιαν
1079 1842 1185 1882 σου,
1225 1823 1555 1891 Ιερουσαλὴμ,
1610 1853 1683 1880 ινα

93 1887 349 1952 “σωθῇς,”
378 1886 464 1950 τὴν
490 1912 576 1951 μεν
602 1891 698 1943 ἐσω
731 1917 806 1945 και
838 1899 887 1946 ἐν
914 1901 1134 1956 διανοιαις
1161 1903 1384 1966 ἀσεβειαν
1409 1908 1541 1960 ουδὲν
1569 1909 1683 1962 εἶναι
1703 1916 1727 1957 d

92 1967 258 2033 κομιδῇ
295 1970 738 2025 διαπεπιστευκασι·
780 1979 1108 2046 προσάγοντες
1143 1986 1189 2036 δέ
1220 1989 1419 2040 Πιλάτω
1446 1993 1678 2059 Χριστὸν,

90 2054 427 2112 παραιτοῦνται
474 2053 645 2109 τόπους
689 2060 750 2112 ὡς
792 2061 967 2127 ἐναγεῖς
1011 2088 1085 2116 και
1131 2069 1315 2134 ἀνδρῶν
1353 2074 1683 2140 ἀπεριτμήτων

91 2128 308 2193 σώματα,
337 2136 412 2183 καὶ
451 2139 487 2185 εὶ
518 2136 583 2200 μὴ
616 2141 763 2208 δρωεν
790 2144 919 2194 αὐτοὶ
958 2152 1058 2200 ταὶς
1096 2151 1230 2204 ἰδίαις
1267 2175 1406 2220 χερσι
1441 2178 1495 2207 το
1529 2159 1682 2224 παρά-

50 2229 71 2265 5
92 2232 249 2273 νομον,
291 2214 531 2280 ὑπουργον
569 2217 620 2268 δε
659 2220 823 2288 ὥσπερ
861 2229 943 2290 τῆς
982 2228 1156 2282 ἑαυτων
1195 2235 1435 2300 ὠμότητος
1473 2245 1681 2292 ποιοῖντο

92 2291 322 2355 Πιλάτου,
350 2295 441 2364 ἐξω
469 2298 525 2362 δὴ
551 2300 713 2365 πάσης
739 2306 887 2361 αἰτίοις
920 2312 1148 2373 διαμενειν
1173 2315 1231 2384 ἐξ
1262 2318 1420 2372 ἀνοίας
1457 2322 1677 2386 ὑπολαμ-

89 2373 307 2433 βανουσι.
377 2380 631 2443 θαυμάσειε
673 2386 719 2434 δ
754 2387 812 2438 ἄν
850 2412 920 2444 τις
959 2393 1064 2444 οὐδε
1102 2397 1278 2462 ταύτην
1315 2403 1469 2453 αὐτῶν
1507 2405 1681 2469 ἠγνοη-

91 2454 229 2510 κότας
270 2457 355 2522 τὴν
394 2462 619 2522 ἀσέβειαν
657 2490 765 2522 τους
804 2471 964 2537 ἁγιους
1002 2477 1232 2543 εὑρισκων
1270 2483 1536 2552 προφήτας
1589 2488 1680 2555 ἐφη

91 2537 184 2603 γάρ
210 2561 302 2590 που
329 2545 435 2607 περὶ
462 2546 615 2596 αὐτῶν
643 2550 667 2598 ὁ
703 2552 930 2620 μακάριος
955 2557 1166 2614 Ησαιάς
1193 2569 1220 2592 “
1241 2565 1365 2616 Οὐαὶ
1399 2571 1465 2617 τῶ
1499 2570 1676 2640 ἀνόμω·
1745 2585 1906 2616 Es·iii·1¹·

91 2621 326 2687 “πονηρά
371 2624 492 2675 κατὰ
543 2628 600 2678 τά
651 2631 766 2697 ε’ργα
817 2641 913 2687 τῶν
963 2646 1134 2706 χειρῶν
1182 2646 1325 2697 αὐτοῦ
1376 2619 1681 2715 συιμβήσεται

92 2707 118 2728 “
146 2702 304 2771 αὐτῷ)
359 2707 579 2773 Ἱεζεκιὴλ
604 2711 653 2762 δε
680 2714 829 2767 πάλιν
856 2725 883 2747 “
906 2722 1130 2776 Καθὼς’
1107 2748 1346 2791 εποιησας,
1374 2753 1521 2786 ουτως
1546 2734 1680 2786 ἐσται
1744 2754 1907 2793 obad.x5.

138 2903 171 2932 4.
197 2891 443 2932 ἀνατυποῦντες
462 2898 541 2943 (pro
561 2904 672 2947 more)
693 2904 734 2939 E.

892 2921 944 2944 ΙΙ.
971 2911 1150 2957 δύσοσμον
1171 2915 1206 2950 F.
1228 2917 1294 2952 Ed.
1313 2931 1385 2964 mg.
1404 2921 1582 2965 δύσσομον
1601 2925 1682 2967 (Sic)

94 2935 134 2970 E.
155 2936 308 2983 δύσομον
328 2942 393 2976 Ed.
