2017 3252
333 144 416 184 600
764 145 813 185 B.
848 145 1096 186 CYRILLI
1138 146 1483 189 ALEXANDR.

332 253 718 322 διαμορφούμεθα
755 252 873 320 πρὸς
902 254 1041 317 Θεὸν,
1070 256 1224 306 ἔνεστι
1262 255 1310 307 δὲ
1348 263 1488 308 τοῦτο
1523 259 1598 308 καὶ
1637 261 1732 310 τοῖς
1771 258 1919 323 ἁγίοις

331 335 554 400 ἀγγέλοις
593 339 668 386 καὶ
709 336 1007 402 ἇσυγκρίτως
1041 336 1154 402 ὑπὲρ
1182 337 1319 400 ἡμᾶς·
1370 339 1452 389 οὐκ
1478 338 1722 406 ἀμήχανον
1747 340 1919 389 ἐννοεῖν

331 416 401 467 ὅτι
444 420 518 467 καὶ
557 423 697 469 πᾶσα
737 418 888 472 κτίσις
927 417 1096 483 λογικὴ
1137 419 1192 468 δι’
1225 420 1466 484 ἁγιασμοῦ
1504 422 1580 470 καὶ
1619 419 1918 483 δικαιοσύνης·

330 501 405 550 καὶ
446 498 521 549 διὰ
558 499 719 564 πάσης
759 502 925 565 ἀρετῆς
963 505 1227 568 μορφοῦται
1264 501 1382 567 πρὸς
1410 501 1549 554 Θεόν.
1600 505 1636 552 εἶ
1676 502 1770 568 γὰρ
1808 502 1918 565 ἡμῖν

329 586 425 634 τοῖς
451 583 526 632 ἐπὶ
563 584 646 645 τῆς
685 584 772 646 γῆς
803 582 1025 647 ἐμπρέπει
1053 581 1106 632 τὸ
1133 582 1256 633 θεῖόν
1281 606 1331 634 τε
1357 586 1434 634 καὶ
1460 582 1775 650 ὑπερκόσμιον
1802 583 1917 634 κάλ-
1937 595 1960 632 5

329 668 429 725 λος,
454 667 555 716 πῶς
591 664 644 713 οὐ
670 668 862 726 μᾶλλον
888 669 989 718 ταῖς
1014 664 1110 715 ἅνω
1138 663 1366 727 δυνάμεσι
1393 670 1621 730 λογικαῖς,
1648 664 1719 719 αἶς
1744 667 1916 716 ἐπανα-

284 755 309 795 (1
329 743 523 795 παύεται
545 746 568 794 ὁ
591 745 710 798 &ede
730 767 740 805 3
779 744 854 795 διὰ
880 745 975 812 γὰρ
994 752 1133 796 τοῦτο
1160 748 1234 796 καὶ
1262 747 1431 812 θρόνον
1451 748 1592 798 αὐτοῦ
1616 747 1699 798 τὸν
1719 746 1917 813 οὐρανὸν

329 825 639 893 ὀνομάζουσιν
664 830 710 878 αἱ
737 831 855 878 θεῖαι
882 829 1082 896 γραφαί.

150 931 213 970 384
230 931 272 961 A.
291 931 310 961 b

233 984 308 1026 IE'·
428 993 534 1045 Πρὸς
555 994 641 1038 τοὺς
661 994 847 1048 λέγοντας
869 999 962 1038 Πῶς
983 996 1182 1046 ἀσώματοι
1203 997 1315 1039 ὄντες
1335 997 1372 1037 οἱ
1394 997 1570 1047 δαίμονες
1593 997 1810 1049 ἐμίχθησαν

1015 1071 1190 1121 γυναιξίν
1207 1086 1216 1118 ;

947 1219 977 1255 Ε
995 1219 1030 1255 Π
1050 1220 1064 1256 Ι
1080 1219 1157 1256 AT
1171 1219 1201 1255 Σ
1219 1219 1233 1255 Ι
1250 1219 1296 1255 Σ.

289 1279 310 1306 C

403 1321 596 1386 Ἐπειδὴ
615 1323 810 1391 δέφασί
826 1346 955 1376 τινας
976 1323 1132 1388 λε’γειν
1151 1326 1263 1376 Πῶς
1280 1322 1524 1385 ἀσώματοι
1547 1322 1674 1376 ὅντες
1702 1325 1743 1374 οἱ
1769 1347 1913 1387 πονη-

328 1407 400 1470 ροὶ
441 1404 654 1467 δαίμονες
689 1404 1054 1470 κεκοινωνήκασι
1091 1405 1321 1473 γυναιξὶν,
1356 1408 1402 1455 αἱ
1437 1404 1485 1455 δὲ
1526 1404 1720 1471 ἐγέννων
1758 1407 1912 1459 αὐτοῖς

324 1486 432 1540 τοὺς
458 1486 699 1552 γίγαντας·
751 1489 1008 1552 ἀναγκαῖον
1034 1489 1109 1537 καὶ
1134 1486 1252 1552 πρὸς
1276 1492 1416 1560 Τοῦτο
1443 1487 1564 1550 ἡμᾶς
1595 1487 1911 1555 ἐπιτροχάδην

326 1572 480 1631 εἰπεῖν,
509 1569 563 1619 οὐ
596 1572 662 1637 τῷ
696 1567 830 1632 μήκει
865 1573 958 1620 τῶν
993 1568 1295 1634 διηγημάτων
1320 1569 1769 1633 συνεκτεινομένους,
1798 1570 1909 1620 ἀλλ’

326 1653 389 1703 ὡς
424 1652 472 1700 ἐν
510 1651 706 1718 ἐπιτομῇ
752 1651 837 1714 τὴν
874 1656 957 1702 τοῦ
998 1651 1277 1717 πράγματος
1319 1651 1525 1702 διάνοιαν
1560 1652 1908 1720 ἐμφανίζοντας.

326 1734 452 1800 φασὶ
478 1733 632 1784 τοίνυν
659 1731 778 1784 κατὰ
813 1732 919 1786 τοὺς
947 1733 1125 1784 ἄνωθεν
1151 1732 1216 1783 ε”τι
1243 1732 1428 1798 καιροὺς
1462 1733 1564 1797 ἤτοι
1591 1731 1787 1800 χρόνους
1814 1737 1908 1801 διῃ-

327 1817 517 1880 ρῆσθαι,
544 1814 651 1868 τούς
677 1837 725 1865 τε
759 1813 852 1865 ἀπὸ
879 1820 962 1865 τοῦ
991 1814 1113 1865 Kato
1148 1813 1400 1880 γεγονότας
1426 1816 1548 1882 φημὶ
1583 1817 1657 1865 καὶ
1683 1813 1790 1868 τοὺς
1817 1815 1910 1866 ἀπὸ

284 1902 311 1941 d
328 1902 411 1946 τοῦ
448 1895 612 1957 ‘Evam
639 1895 688 1950 ὃς
715 1895 790 1947 διὰ
825 1896 911 1960 τὴν
937 1895 1128 1960 πολλὴν
1155 1896 1278 1961 ἄγαν
1311 1895 1612 1960 δικαιοσύνην
1639 1895 1911 1958 ὠνόμασται

105 1994 189 2026 Gen.
207 1994 248 2025 iv.
327 1977 457 2043 παρὰ
495 1983 591 2031 τοῖς
629 1977 683 2029 τὸ
721 1977 935 2043 τηνικάδε
972 1977 1109 2031 Θεός·
1164 1986 1190 2007 ‘⁶
1211 1975 1390 2042 ἤλπισε
1434 1977 1525 2043 γὰρ
1571 1980 1909 2040 ἐπικαλεῖσθαι,

105 2037 157 2068 26.

329 2065 355 2088 ‘⁶
382 2061 519 2127 φησὶ,
560 2058 614 2110 τὸ
658 2059 806 2123 ὄνομα
849 2060 1005 2125 κυρίου
1055 2065 1138 2110 τοῦ
1178 2064 1303 2110 Θεοῦ
1345 2060 1534 2110 αὐτοῦ.”
1595 2060 1705 2110 ἀλλ’
1747 2063 1787 2110 οἱ
1826 2083 1911 2122 μεν

327 2141 420 2193 ἀπὸ
457 2142 606 2196 εΕνὼς
647 2141 904 2209 γεγονότες,
943 2143 1217 2206 ἐπιμεληταὶ
1263 2141 1562 2205 δικαιοσύνης
1605 2143 1679 2192 καὶ
1721 2140 1912 2205 ἁπάσης

378 2322 408 2345 1.
435 2310 553 2354 ἐνέστη
575 2311 654 2355 (sic)
675 2311 716 2346 C.
897 2322 931 2354 3.
958 2311 1012 2345 διὰ
1032 2310 1074 2346 C.
1251 2319 1284 2353 5.
1310 2312 1368 2354 τῆς
1386 2322 1455 2345 om.
1476 2309 1516 2344 C.
1586 2309 1748 2354 ἐμπρέπει
1765 2311 1803 2344 τὸ
1821 2309 1911 2344 θεῖόν

326 2372 363 2391 τε
382 2359 434 2391 καὶ
454 2358 682 2401 ὑπερκόσμιον
700 2359 743 2391 A.
749 2357 789 2392 C.
807 2358 846 2391 τὸ
864 2357 955 2392 θεῖον
972 2372 1025 2392 και
1043 2359 1272 2402 ὑπερκοσμιον
1289 2357 1451 2401 ε’μπρεπει
1471 2356 1537 2390 Ed.
1719 2356 1752 2390 6.
1778 2357 1911 2392 οὐσίαις

327 2416 391 2448 pro
409 2402 460 2438 οἷς
480 2404 559 2446 (Sic)
581 2404 621 2437 C.
742 2413 773 2449 7.
801 2406 819 2437 ὁ
837 2411 1057 2449 assumptum
1076 2417 1117 2437 ex
1137 2404 1177 2438 C.
1250 2405 1315 2449 γὰρ
1332 2406 1431 2437 τοῦτο
1450 2404 1516 2437 hoc
1533 2402 1652 2436 ordlne
1670 2403 1712 2437 A.
1716 2403 1756 2437 C.
1829 2403 1870 2447 θρ
1873 2405 1908 2436 ό-

327 2465 383 2484 νον
400 2450 528 2484 A.C.r.
547 2451 637 2484 θεῖον
655 2451 701 2485 D.
720 2450 787 2485 Ed.
1008 2463 1042 2496 9.
1069 2451 1120 2484 IE'
1138 2451 1277 2494 reposui
1295 2462 1312 2483 e
1330 2455 1365 2484 Γ.
1384 2450 1539 2485 ἐπίλυσις
1557 2448 1610 2482 ΙΔ’
1629 2449 1768 2483 exhibet
1786 2449 1817 2483 A
1835 2461 1896 2493 mg

327 2495 497 2541 δαίμονες]
518 2501 554 2536 -1-
572 2496 754 2540 ἀκάθαρτοι
768 2503 804 2531 Γ.
869 2497 1060 2542 εμίχθησαν
1077 2499 1119 2530 A.
1126 2496 1166 2531 C.
1185 2497 1350 2541 ἐμίγησαν
1368 2496 1434 2530 Ed.
1535 2507 1547 2529 1
1559 2507 1587 2530 Ι.
1607 2495 1660 2528 Ita
1674 2495 1714 2529 C.
1719 2501 1754 2529 Γ.
1773 2496 1910 2530 favente

327 2549 361 2576 et
378 2543 422 2576 A.
441 2544 564 2587 κεφαλ.
584 2542 627 2585 ιζ
648 2543 716 2577 Ed.
911 2554 963 2578 12.
986 2544 1078 2588 φασι
1094 2558 1185 2578 τινας
1202 2544 1244 2576 A.
1249 2542 1288 2576 C.
1294 2548 1329 2576 Γ.
1347 2557 1376 2576 τ
1381 2557 1437 2577 νας
1453 2542 1543 2586 φασι
1564 2542 1609 2576 D.
1627 2556 1717 2576 τινας
1734 2542 1823 2586 φησὶ
1842 2542 1909 2576 Ed.

331 2599 384 2633 13
411 2589 551 2634 ἐγέννων
578 2588 771 2634 [ἐγέννωνμ
806 2590 904 2634 quasi
931 2590 1111 2634 ἐγέννωντο
1137 2590 1234 2634 prius
1260 2589 1427 2632 scliptum
1455 2589 1497 2622 A.
1501 2587 1516 2633 ]
1546 2589 1658 2623 αὐτοῖς
1682 2588 1726 2621 Α.
1732 2588 1772 2622 C.
1797 2589 1911 2624 αὐτοῖς

327 2635 507 2692 ε’-γεννῶντο
527 2635 572 2669 D.
592 2636 629 2678 ἐξ
646 2637 754 2669 αὐτῶν
771 2635 951 2680 ἐγεννῶντο
971 2635 1037 2670 Ed.
1175 2646 1227 2678 14.
1254 2636 1306 2668 καὶ
1323 2635 1408 2678 πρὸς
1424 2637 1523 2669 τοῦτο
1541 2634 1624 2678 ἡμᾶς
1642 2634 1707 2668 hoc
1725 2634 1846 2668 ordine
1863 2635 1908 2670 A.

327 2681 411 2725 ἡμᾶς
428 2688 507 2715 ante
525 2696 577 2715 και
595 2683 790 2726 transponit
811 2682 889 2721 Ed„
908 2694 977 2715 om.
998 2681 1039 2715 C.
1303 2681 1356 2715 16.
1382 2682 1426 2716 ὡς
1442 2693 1511 2715 om.
1532 2681 1572 2715 C.
1637 2683 1697 2715 τοῦ
1713 2682 1910 2726 πράγματος

327 2729 475 2762 διάνοιαν
491 2728 557 2762 hoc
575 2728 696 2762 ordine
714 2727 802 2762 A.C.
858 2728 983 2762 Statim
1001 2728 1243 2772 ἐμφανιζοντος
1261 2726 1345 2772 (Slc)
1367 2727 1406 2761 C.
1529 2736 1581 2773 17.
1607 2729 1698 2772 φασὶ
1715 2742 1826 2761 τοινυν
1841 2727 1909 2761 hoc

327 2774 449 2809 ordine
467 2774 555 2809 A.C.
616 2776 664 2808 ἔτι
679 2780 902 2819 assumptum
915 2786 957 2808 ex
975 2774 1075 2817 A.C.‚
1094 2780 1174 2818 post
1192 2774 1325 2817 καιροὺς
1342 2773 1438 2807 addit
1455 2779 1488 2807 et
1508 2774 1554 2808 D.
1615 2773 1794 2817 διῃρῆσθαι
1812 2774 1907 2808 A.D.

326 2821 530 2866 διαιρεῖσθαι
549 2821 589 2855 C.
608 2821 796 2865 διῃρεῖσθαι
815 2821 881 2855 Ed.
1098 2821 1151 2855 18.
1177 2823 1237 2855 τοῦ
1254 2826 1287 2853 et
1303 2822 1503 2865 γεγονόντας
1519 2826 1740 2864 assumptum
1757 2831 1799 2853 ex
1816 2819 1907 2854 A.C.

330 2878 384 2913 19.
402 2869 597 2912 Assumpta
614 2871 673 2902 τοῦ
691 2880 731 2902 ex
750 2867 903 2908 A.C.D.,
922 2867 982 2911 τὴν
999 2879 1039 2901 ex
1059 2867 1102 2902 A.
1166 2868 1211 2902 ὡς
1228 2878 1290 2912 pro
1308 2865 1344 2902 ὃς
1364 2867 1444 2911 (sic)
1464 2866 1505 2900 C.
1604 2877 1658 2900 20.
1676 2866 1715 2900 τὸ
1732 2878 1801 2899 om.
1817 2866 1906 2900 A.C.

1666 2911 1683 2936 ἁ
1701 2919 1783 2936 manu
1795 2913 1854 2938 ead.

326 2947 560 2981 ἐπικαλεῖσθαι
578 2948 668 2993 φησὶ
686 2946 751 2982 hoc
770 2946 891 2981 ordine
909 2947 996 2981 A.C.
1096 2957 1150 2981 22.
1169 2946 1398 2991 δικαιοσύνης]
1420 2951 1454 2987 -1-
1478 2945 1564 2989 ἦσαν
1583 2945 1622 2980 C.
1686 2947 1798 2989 πάσης
1862 2945 1905 2978 Α.

1938 1088 1986 1113 10

1932 2001 2017 2046 20!

2014 2050 2017 2096 i

2015 2115 2017 2140 ι

2015 2171 2017 2203 1
