2012 3272
105 144 131 183 i.
154 156 203 184 10
221 158 305 197 sqq.
420 142 488 182 IN
530 140 873 182 EPISTOLAM
914 139 997 180 AD
1041 139 1373 180 HEBRAEOS.
1606 139 1688 179 381
1820 201 1903 243 M]

1711 203 1804 245 [110
1862 226 1869 234 .

1644 244 1657 260 N

173 248 289 300 “Ort
331 248 380 299 δὲ
419 249 567 300 καίτοι
609 247 857 316 κεχρῖσθαι
902 246 1154 313 λεγόμενος
1197 245 1326 311 παρὰ
1371 250 1455 296 τοῦ
1499 248 1690 312 Πατρος

105 331 224 383 κατὰ
254 331 308 382 τὸ
337 331 645 397 ἀνθρώπινον,
671 331 725 380 οὐ
757 329 989 381 πέπαυται
1015 334 1098 379 τοῦ
1124 325 1236 378 εἶναι
1263 326 1287 378 ὃ
1314 326 1370 392 ἧν
1396 350 1445 378 τε
1481 329 1556 377 καὶ
1589 327 1692 378 ε”στι

105 417 181 465 καὶ
207 413 340 464 ε”σται
377 411 641 475 διαπαντὸς,
670 410 886 462 τουτέστι
914 411 1049 472 Θεὸς,
1076 409 1214 463 αὐτὸς
1240 410 1359 473 ἡμᾶς
1387 410 1411 460 ὁ
1438 408 1691 462 θεσπέσιος

110 498 305 550 Παῦλος
345 492 589 560 ἐνδοιαζειν
615 494 698 544 οὐκ
736 495 809 561 ἐᾷ,
839 492 958 543 κατὰ
996 498 1079 543 τοῦ
1110 493 1252 542 αὐτοῦ
1278 490 1542 556 προσώπου
1571 492 1689 541 ἐντι-

61 586 83 624 5
106 579 198 630 θεὶς
225 576 396 645 ἐφεξῆς
425 581 514 627 Και
543 600 596 626 συ
626 598 716 626 κατ
755 574 905 644 αρχοις
933 574 1054 643 Κυριε
1085 599 1153 634 την
1179 598 1258 639 γῆν
1286 572 1585 640 ἐθεμελίωσας
1615 596 1691 623 και
1712 601 1778 621 ver.
1798 599 1844 621 10.

105 659 215 728 ἔργα
247 683 326 710 των
357 658 506 727 χειροῖν
538 681 615 708 σου
647 661 748 708 εἰσιν
777 663 811 708 οἱ
849 656 1024 726 ουρανοί·
1077 679 1196 706 αυτοι
1237 657 1525 717 απολουνται,
1555 679 1608 705 συ
1648 652 1693 705 δε
1712 682 1778 702 ver.
1799 680 1847 703 11

105 737 339 809 ὃιαμενεις·
396 763 474 790 και
514 737 682 794 πάντες
722 763 780 794 ως
817 738 992 807 ἱματιον
1032 736 1425 798 παλαιωθήσονται
1475 760 1552 788 και
1593 760 1779 788 ωσεινετ
1796 758 1845 780 12

103 823 390 892 περιβολαιον
430 821 590 890 ἑλίξεις
629 820 785 876 αὐτους
827 844 905 872 και
946 821 1307 885 ἀλλαγήσονται,
1339 843 1393 870 συ
1427 816 1472 870 δὲ
1512 825 1529 871 ὁ
1565 818 1694 874 αὐτος

105 902 158 966 εἰ,
189 928 268 955 και
297 927 357 955 τα
385 904 452 964 ἔτη
479 927 554 954 σου
582 907 655 954 οὐκ
682 899 982 973 ἐκλείψουσιν.

37 997 84 1022 10
179 983 298 1036 Εἶτα
336 984 517 1038 τούτοις
555 984 888 1036 ε’πισυνάπτων
922 984 1056 1037 εὐθύς
1085 984 1198 1053 Προς
1232 986 1329 1035 τίνα
1362 980 1407 1034 δὲ
1434 981 1513 1035 τῶν
1540 982 1691 1049 αγγέ-
1712 1001 1852 1032 ver.13.

103 1080 191 1119 λων
219 1066 358 1135 εἴρηκέ
376 1090 484 1118 ποτε
507 1065 650 1118 Κάθου
677 1067 728 1118 ἐκ
756 1064 900 1136 δεξιῶν
925 1091 1011 1135 μου
1039 1065 1116 1121 ἕως
1142 1066 1194 1117 ἂν
1221 1065 1278 1117 θῶ
1302 1064 1397 1120 τοῖις
1420 1064 1590 1132 ἐχθρούς
1617 1089 1694 1116 σου

103 1145 337 1200 ὁποπόὸιον
382 1148 463 1200 τῶν
503 1145 647 1200 ποθοῦν
687 1173 780 1200 σου.
834 1151 911 1200 καὶ
955 1149 1038 1199 οὑκ
1083 1146 1140 1199 ἂν
1185 1146 1312 1212 οἶμαι
1352 1146 1588 1207 ὑπολάβοι
1625 1170 1695 1200 τις

103 1235 372 1298 σωφρονῶν
397 1230 552 1297 ἕτερον
578 1229 692 1281 εἶναι
718 1230 801 1282 τὸν
827 1230 1058 1296 σύνεδρον
1084 1234 1151 1300 τῷ
1178 1231 1335 1297 Πατρὶ
1361 1227 1492 1295 παρὰ
1526 1228 1609 1280 τὸν
1645 1231 1695 1280 ἐκ

103 1315 187 1376 τῆς
223 1313 358 1378 ἁγίας
391 1311 625 1378 παρθένου
661 1311 781 1363 κατὰ
807 1311 966 1377 σάρκα
993 1310 1342 1379 γεγεννημένον.
1396 1313 1472 1362 καὶ
1496 1310 1616 1377 πρός
1639 1333 1694 1377 γε

37 1411 84 1450 15
104 1400 243 1445 τοῦτο
281 1394 402 1458 ἡμᾶς
441 1393 579 1447 αὐτὸς
617 1396 810 1457 ἐμπεδοΐ
843 1392 998 1460 λέγων
1038 1395 1062 1444 ὁ
1093 1393 1405 1458 Ἐμμανουὴλ
1443 1398 1539 1447 τοῖς
1571 1393 1688 1444 Ἰου-

536 1480 555 1489 Α

104 1477 247 1527 δαίων
285 1480 575 1542 καθηγηταις
602 1476 713 1526 “Τι
748 1477 854 1539 ὑμῖν
893 1479 1021 1527 δοκεῖ
1054 1499 1159 1543 περι
1198 1480 1282 1526 τοῦ
1309 1479 1542 1542 Χριστοῦ,
1569 1498 1692 1529 τινος
1710 1484 1886 1560 {xilsshffh‘

103 1565 131 1587 “
159 1557 253 1611 υἱός
290 1559 449 1620 ἐστιν;
504 1558 733 1623 λέγουσιν
771 1559 897 1627 αυτῷ
930 1562 1031 1609 Τοῦ
1057 1556 1279 1609 Δαυείδ·”
1320 1555 1418 1608 εἶτα
1448 1556 1566 1624 πρὸς
1602 1559 1688 1609 αὑ·
1807 1541 1826 1568 4

103 1639 210 1694 τοὺς
245 1642 270 1691 ὁ
295 1639 508 1707 Χριστός
549 1647 576 1669 “
599 1643 711 1693 Πῶς
737 1640 819 1690 οῦν
846 1642 1023 1691 Δαυεὶδ
1048 1641 1097 1691 ἐν
1120 1639 1350 1703 πνεύματι
1385 1645 1525 1691 καλεῖ
1551 1639 1693 1691 αὑτὸν
1712 1654 1829 1696 Ib-43‚
1845 1664 1898 1695 44-

105 1729 132 1752 “
158 1721 316 1788 κύριον
355 1721 511 1786 λέγων
548 1719 695 1772 Εἶπεν
729 1722 754 1772 ὁ
791 1721 965 1787 Κύριος
999 1726 1066 1791 τῷ
1107 1722 1268 1790 Κυρίῳ
1307 1744 1398 1783 μου
1440 1719 1606 1773 Κάθου
1643 1724 1693 1773 ἐκ

35 1826 84 1851 20
105 1811 132 1835 ‘⁶
157 1804 324 1873 δεξιῶν
347 1826 438 1868 μου
457 1804 497 1861 ;”
539 1803 679 1857 σύνες
705 1803 786 1853 οῦν
814 1803 884 1854 ὅτι
910 1802 993 1855 τὸν
1019 1803 1329 1871 κεχρισμένον
1354 1806 1415 1857 ὡς
1443 1803 1693 1870 ἄνθρωπον

103 1886 233 1952 παρὰ
283 1885 390 1939 τοὺς
433 1884 663 1952 μετόχους
708 1886 850 1936 αὐτοῦ
892 1887 967 1936 καὶ
1006 1885 1166 1952 κύριον
1210 1884 1422 1952 ὀνομάζει
1468 1888 1544 1936 καὶ
1590 1890 1692 1938 κατ’

105 1969 256 2039 ἀρχὰς
290 1967 381 2036 ἔφη
416 1967 709 2030 θεμελιῶσαί
738 1990 788 2017 τε
813 1965 881 2027 τὴν
907 1966 987 2033 γ’ἦν
1013 1970 1088 2018 καὶ
1116 1967 1282 2021 αὐτοὺς
1309 1966 1558 2035 εἰργάσθαι
1585 1966 1693 2023 τοὺς

106 2049 342 2116 οὐρανοὺς,
371 2048 595 2117 ὑπάρχειν
622 2047 670 2100 δὲ
697 2051 773 2100 καὶ
799 2047 1071 2104 διαπαντός·
1107 2048 1251 2103 ἀΐδιος
1278 2049 1370 2117 γὰρ
1397 2049 1516 2101 κατὰ
1542 2051 1693 2119 φύσιν

106 2132 132 2182 ὁ
169 2133 219 2182 ἐκ
258 2134 383 2182 Θεοῦ
420 2128 611 2197 Πατρός
651 2130 809 2197 Λόγος
848 2132 996 2182 καίτοι
1034 2135 1129 2182 τῶν
1156 2131 1211 2182 δι’
1246 2133 1388 2183 αὑτοῦ
1426 2131 1693 2198 γεγονότων

37 2230 84 2269 25
106 2214 188 2264 οὑκ
221 2212 425 2280 ἐχόντων
450 2213 691 2265 οὑσιωδῶς
725 2211 780 2263 τὸ
815 2212 1022 2280 ἄναρχον
1049 2214 1098 2263 ἐν
1123 2212 1293 2282 χρόνῳ,
1320 2213 1567 2278 κέκληνται
1598 2212 1692 2280 γὰρ

104 2299 166 2349 εἶς
194 2293 248 2346 τὸ
275 2293 388 2345 εἶναι
415 2293 545 2360 παρὰ
569 2297 695 2344 Θεοῦ
722 2292 772 2347 ὃς
799 2296 874 2344 καὶ
899 2293 1041 2357 μόνος
1067 2294 1189 2362 ἔχειν
1210 2295 1384 2361 εἴρηται
1409 2295 1496 2359 τὴν
1516 2297 1692 2346 ἀθανα-

103 2376 232 2428 σίαν·
269 2377 517 2444 ἄφθαρτον
533 2373 625 2442 γὰρ
645 2377 721 2426 καὶ
741 2375 1012 2442 ἀνώλεθρον
1027 2377 1137 2443 παρ’
1157 2375 1299 2427 αὑτὸν
1326 2377 1474 2428 οὐδέν.
1515 2400 1692 2444 προσε-

102 2458 244 2524 πάγει
289 2457 338 2509 δὲ
387 2457 568 2511 τούτοις
617 2460 755 2526 σαφῆ
801 2459 876 2508 καὶ
928 2457 1280 2524 ἐναργεστάτην
1325 2457 1566 2528 ἀπόδειξιν
1609 2462 1693 2523 τῆς

103 2540 299 2600 ἐνούσης
337 2540 462 2608 αὐτῷ
500 2538 620 2591 κατὰ
659 2539 809 2607 φύσιν
836 2541 1067 2607 ὑπεροχῆς
1095 2540 1207 2610 Προς
1235 2541 1335 2591 τίνα
1370 2539 1462 2607 γὰρ
1489 2539 1586 2592 εἶπε
1611 2541 1691 2592 τῶν

35 2652 84 2688 30
103 2624 314 2689 ἀγγέλων
343 2620 487 2673 Κάθου
526 2621 576 2672 ἐκ
614 2619 757 2690 ὃεξιῶν
787 2646 902 2690 μου,
946 2625 1040 2685 οὐχὶ
1082 2622 1244 2676 πάντες
1285 2627 1364 2673 εἶσὶ
1405 2620 1690 2692 λειτουργικέι
1708 2652 1774 2673 ver.
1792 2650 1841 2681 14·

103 2703 343 2771 πνεύματα
386 2708 444 2758 εἰς
489 2701 711 2754 διακονίαν
753 2705 1133 2771 ἀποστελλόμενα
1175 2700 1252 2754 δια
1295 2702 1390 2759 τους
1433 2703 1689 2770 μέλλοντας

108 2788 375 2854 κληρονομεῖν
409 2786 646 2854 σωτηρίαν,
694 2788 730 2835 εἶ
766 2784 860 2851 γὰρ
899 2786 924 2836 ὁ
963 2784 1047 2848 μὲν
1084 2790 1180 2840 τοῖς
1218 2788 1301 2849 τῆς
1340 2785 1558 2851 θεότητος
1597 2786 1687 2836 ἐνί-

154 2908 207 2931 10.
233 2908 251 2930 e
270 2908 298 2930 c.
318 2896 378 2930 fol.
399 2895 465 2938 246
484 2896 543 2940 qui
559 2896 663 2930 πάλιν
681 2898 698 2930 ὁ
716 2896 877 2941 μακάριος
895 2895 1067 2941 Κύριλλος
1086 2897 1286 2941 praemittit.
1461 2908 1517 2942 30.
1544 2896 1624 2942 μου]
1650 2901 1685 2938 -Ι-

106 2942 165 2977 ἕως
182 2942 221 2977 ἂν
239 2943 286 2977 θῶ
304 2942 380 2978 τοὺς
398 2942 541 2987 ἐχθρούς
560 2957 625 2977 σου
643 2943 827 2978 ὑποπόδιον
844 2947 909 2978 τῶν
926 2944 1038 2978 ποδῶν
1056 2958 1121 2978 σου
1141 2943 1199 2978 Cr.
1218 2943 1327 2978 invito
1345 2955 1375 2977 c.
