1981 3267
51 1743 66 1764 2
82 1733 155 1764 Cor.
172 1744 204 1764 x.

48 2141 99 2172 Cf.
118 2149 130 2170 1
152 2141 183 2171 S.

50 2185 123 2215 Pet.
139 2184 172 2215 ii.

51 2237 102 2267 23.

268 109 322 147 ἐξ

668 109 719 149 Β.
753 110 1031 150 CYRILLI
1073 110 1450 150 ALEXANDR.
1655 107 1769 148 xviii.
1792 118 1855 148 10-

204 301 250 325 10
271 286 417 336 Σίμων
458 286 531 329 οὖν
574 289 736 346 Πέτρος
779 288 890 343 ἔχων
934 290 1146 345 μάχαιραν
1189 289 1383 330 εἵλκυσεν
1424 288 1555 330 αὐτὴν
1600 287 1669 328 καὶ
1705 287 1857 329 ἔπαισε

337 370 410 414 τὸν
448 376 521 412 τοῦ
560 371 795 428 ἀρχιερέως
834 371 988 412 δοῦλον
1029 372 1097 412 καὶ
1135 371 1356 421 ἀπέκοψεν
1396 371 1525 413 αὑτοῦ
1562 371 1611 414 τὸ
1643 370 1772 411 ὠτίον
1810 368 1859 410 τὸ

338 454 490 496 δεξιόν·
540 451 588 495 ἦν
628 454 674 495 δὲ
711 454 848 502 ὄνομα
886 456 948 507 τῷ
986 453 1128 507 δούλῳ
1164 453 1355 509 Μάλχος,

346 567 465 617 Ε’ίτα
500 568 549 617 τί
579 567 633 617 τὸ
665 566 946 632 ἀναγκάζον,
977 569 1072 633 ἐρεῖ
1093 590 1163 620 τις
1188 566 1345 634 τυχὸν,
1371 568 1453 618 τὸν
1481 567 1740 619 θεσπέσιον
1768 569 1860 618 Εὑ-

272 649 569 715 αγγελιστὴν
606 653 874 714 μεμνῆσθαι
915 651 989 701 καὶ
1032 650 1224 713 τούτων,
1264 652 1325 703 ὡς
1360 653 1435 701 καὶ
1476 651 1692 718 μαχαίρᾳ
1731 648 1902 715 παρά5

272 755 325 797 γε
362 732 414 782 τὸ
447 731 608 786 εἰωθὸς
644 733 930 800 κεχρημένον
969 732 1194 800 ἐπιδεῖξαι
1233 731 1315 783 τὸν
1353 731 1569 797 μαθητὴν
1608 730 1727 782 κατὰ
1764 736 1859 782 τῶν

223 827 249 867 b
273 813 480 879 ἡκόντων
529 819 591 868 εἷς
637 815 894 883 σύλληψιν
941 820 1024 866 τοῦ
1074 818 1306 880 Χριστοῦ,
1356 814 1637 881 θερμότερόν
1689 837 1738 865 τε
1785 813 1861 865 καὶ

272 896 594 962 ἀπηνέστερον
629 896 746 964 ἥπερ
774 898 863 947 ἔδει
889 895 1197 961 κεκινημένον,
1226 898 1305 948 ἐπί
1331 919 1381 947 τε
1419 896 1600 949 τούτοις
1625 897 1750 965 αὐτῷ
1786 898 1862 947 καὶ

271 980 555 1042 ἐπιτιμῶντα
586 977 817 1045 Χριστόν.
875 981 950 1030 καὶ
990 978 1182 1046 περιττὴ
1221 978 1306 1043 μὲν
1344 979 1460 1033 ἴσως
1488 980 1707 1047 φανεῖταί
1735 1001 1862 1029 τισιν

271 1062 298 1125 ἡ
325 1062 505 1112 τούτων
536 1060 778 1129 ἐξήγησις,
817 1061 909 1129 ἔχει
945 1060 992 1112 δὲ
1020 1063 1107 1129 οὐχ
1143 1063 1304 1115 οὕτως.
1361 1063 1414 1112 οὐ
1447 1061 1541 1128 γὰρ
1575 1064 1658 1125 τῆς
1693 1059 1861 1128 τυχού-
1880 1086 1927 1111 10

271 1166 363 1208 σης
387 1143 497 1208 ἡμῖν
523 1143 753 1212 ὠφελείας
784 1143 1099 1207 εἶσκεκόμικεν
1124 1144 1233 1207 ἡμῖν
1260 1142 1586 1210 ὑπογραμμόν,
1639 1141 1862 1207 εἰσόμεθα

271 1224 366 1292 γὰρ
418 1225 494 1276 διὰ
542 1231 626 1277 τοῦ
683 1224 949 1291 γεγονότος,
1000 1226 1137 1292 μέχρι
1188 1225 1272 1289 μὲν
1322 1227 1446 1280 τίνος
1497 1223 1862 1291 ἀκατηγορήτως

270 1308 455 1373 πρόεισι
492 1311 574 1371 τῆς
609 1312 670 1361 εἷς
705 1308 923 1374 Χριστὸν
958 1309 1198 1368 εὐσεβείας
1230 1310 1254 1359 ὁ
1295 1309 1452 1375 ζῆλος,
1488 1309 1537 1359 τί
1568 1308 1615 1359 δὲ
1654 1307 1710 1372 δὴ
1747 1311 1863 1374 δρᾶν

271 1389 513 1444 ἐθέλοντες
539 1392 587 1441 ἐν
613 1395 710 1444 τοῖς
741 1390 964 1443 τοιούτοις
1000 1392 1199 1456 ἀγῶσιν,
1227 1391 1310 1442 οὐκ
1342 1391 1400 1442 ἄν
1425 1414 1469 1442 τι
1503 1391 1860 1457 προσπταῖσαι-

271 1496 357 1536 μεν
395 1478 490 1523 τῶν
527 1474 599 1542 ἐφ’
629 1471 696 1526 οἷς
734 1477 952 1524 λυπεῖται
989 1473 1127 1527 Θεός.
1186 1474 1240 1524 οὐ
1279 1472 1372 1540 γὰρ
1411 1472 1468 1538 δὴ
1507 1474 1704 1540 σίδηρον
1744 1474 1858 1524 ἀνα·
1881 1494 1928 1532 15

232 1575 253 1600 C
273 1554 498 1619 τει’νειν,ἢ
532 1556 693 1609 λίθους
731 1555 930 1623 ἐξαίρειν
963 1555 1083 1606 κατά
1112 1579 1264 1618 τινων,
1292 1555 1438 1622 ἤγουν
1471 1555 1603 1625 ξύλῳ
1640 1555 1864 1608 παίοντας

274 1636 380 1691 τοὺς
419 1638 474 1688 δι’
503 1637 730 1699 ἐναντίας,
760 1641 818 1704 τῇ
859 1642 923 1690 εἷς
956 1637 1173 1704 Χριστὸν
1199 1638 1416 1707 εὐσεβείᾳ
1447 1642 1704 1689 συναθλεῖν
1731 1638 1756 1688 ὁ
1781 1643 1866 1688 τοῦ

273 1720 554 1787 πράγματος
605 1720 726 1784 ἡμᾶς
775 1720 939 1789 ἐφίησι
982 1720 1146 1774 τύπος·
1208 1719 1268 1772 τὰ
1313 1720 1406 1787 γὰρ
1447 1720 1577 1772 ὅπλα
1627 1721 1760 1784 ἡμῶν
1811 1721 1866 1770 οὐ

273 1802 491 1868 σαρκικὰ,
544 1802 662 1853 κατὰ
713 1800 797 1866 τὴν
847 1808 931 1853 τοῦ
985 1802 1185 1855 Παύλου
1232 1802 1411 1872 φωνήν·
1484 1804 1598 1853 ἀλλ’
1650 1801 1865 1867 ἠπιότητι

274 1889 467 1948 μᾶλλον
493 1886 569 1935 καὶ
605 1889 701 1937 τοῖς
741 1888 927 1953 φονῶσι
967 1886 1346 1953 προσφερεσθαι,
1375 1886 1487 1937 ὅταν
1526 1886 1636 1950 ἡμῖν
1673 1884 1728 1936 τὸ
1767 1888 1862 1935 δια-
1883 1907 1933 1932 20

275 1966 465 2035 φεύγειν
503 1964 670 2020 αὐτοὺς
709 1968 1031 2018 ἀποκλείωσιν
1070 1970 1112 2018 οἱ
1141 1969 1304 2034 καιροί.
1361 1967 1488 2019 πολὺ
1512 1966 1604 2034 γάρ
1633 1967 1688 2032 δή
1727 1991 1771 2018 τι
1809 1967 1863 2018 τὸ

275 2049 476 2113 ἄμεινον,
504 2048 619 2116 ὑπὲρ
653 2053 747 2100 τῶν
785 2053 846 2103 εἷς
882 2050 1001 2113 ἡμᾶς
1037 2050 1337 2114 ἀδικημάτων
1372 2050 1553 2116 ἑτέρους
1589 2050 1866 2101 εὐθύνεσθαι

275 2131 404 2198 παρὰ
445 2137 525 2182 τοῦ
559 2131 618 2182 τὰ
655 2132 808 2182 δίκαια
850 2133 1103 2198 κρίνοντος,
1140 2132 1258 2199 ἥπερ
1296 2132 1378 2183 οὖν
1416 2133 1536 2197 ἡμᾶς
1578 2132 1744 2185 αὐτοὺς
1784 2130 1867 2182 τὸν

275 2214 347 2283 ἐφ’
384 2214 581 2278 αἵμασιν
619 2214 908 2283 ἐξαιτεῖσθαι
951 2214 1114 2280 λόγον,
1147 2214 1395 2283 πρόφασιν
1437 2237 1739 2278 ποιουμενους
1780 2213 1866 2278 τὴν

276 2296 534 2355 εὐσε’.βειαν
581 2297 698 2363 φαίη
726 2297 768 2346 δ’
800 2296 857 2347 ἄν
884 2319 953 2350 τις
984 2319 1059 2347 και
1086 2296 1251 2362 ἑτερως
1276 2294 1389 2347 εἶναι
1416 2301 1509 2347 τῶν
1535 2295 1864 2359 ἀτοπωτάτων,
1885 2319 1935 2357 25

230 2386 258 2426 d
276 2378 342 2446 τῷ
373 2381 467 2428 τῶν
500 2375 762 2428 διωκόντων
790 2376 978 2447 θανάτῳ
1005 2382 1144 2441 τιμᾶν
1169 2377 1252 2429 τὸν
1279 2379 1353 2430 ἐπι
1384 2377 1588 2429 θανάτου
1619 2378 1756 2429 λύσει
1790 2380 1867 2429 καὶ

276 2458 418 2510 αὑτὸν
463 2459 606 2523 ἡδέως
643 2458 857 2510 παθόντα
896 2459 979 2510 τὸν
1018 2459 1238 2511 θάνατον.
1294 2462 1369 2511 καὶ
1412 2461 1537 2530 αὐτῷ
1579 2460 1637 2511 δέ
1667 2483 1768 2514 πως
1809 2459 1868 2525 ἦν

276 2542 542 2607 ἀναγκαίως
580 2541 777 2592 ἕπεσθαι
817 2540 935 2593 κατὰ
973 2548 1113 2593 τοῦτο
1150 2546 1366 2611 Χριστῷ.
1422 2546 1460 2592 εὶ
1498 2541 1583 2606 μὲν
1621 2541 1715 2608 γὰρ
1753 2543 1863 2593 ἐκα-

275 2628 403 2674 λεῖτο
438 2621 557 2690 πρὸς
591 2622 811 2683 θάνατον,
842 2626 903 2677 ὡς
938 2625 994 2693 ἐξ
1027 2624 1236 2690 ἀνάγκης
1273 2626 1348 2674 καὶ
1379 2624 1500 2685 βίας,
1528 2626 1589 2677 ὡς
1627 2624 1710 2674 οὐκ
1746 2622 1866 2691 ἔχων

275 2706 549 2772 ἀνατρέπειν
575 2704 631 2773 ἐξ
659 2705 775 2759 ἰδίας
803 2704 968 2772 ἰσχύος
984 2704 1368 2770 ἀπλεονέκτητον
1395 2706 1545 2756 οὖσαν
1572 2704 1648 2756 διὰ
1673 2703 1865 2770 πληθὺν
1883 2730 1936 2768 30

323 2882 356 2915 9.
382 2884 438 2927 γρ.
457 2872 596 2917 Χριστῷ
615 2869 681 2904 Ed.
700 2882 772 2915 mg.
791 2870 942 2914 Χριστὸν
958 2869 1064 2904 habet
1084 2870 1121 2904 F.
1562 2881 1613 2913 15.
1640 2870 1804 2906 ἀνατίνειν
1821 2871 1865 2907 Ε.

278 2928 333 2962 23.
360 2931 515 2961 κρινοντα
534 2917 576 2951 Ε.
