<?xml version="1.0" encoding="UTF-8"?>
<!DOCTYPE html PUBLIC "-//W3C//DTD XHTML 1.0 Transitional//EN"
    "http://www.w3.org/TR/xhtml1/DTD/xhtml1-transitional.dtd">
<html xmlns="http://www.w3.org/1999/xhtml" xml:lang="en" lang="en">
 <head>
  <title>
</title>
<meta http-equiv="Content-Type" content="text/html;charset=utf-8" />
  <meta name='ocr-system' content='tesseract 3.04.00' />
  <meta name='ocr-capabilities' content='ocr_page ocr_carea ocr_par ocr_line ocrx_word'/>
</head>
<body>
  <div class='ocr_page' id='page_1' title='image "./operacyrilli05cyriuoft/operacyrilli05cyriuoft_0354.png"; bbox 0 0 1997 3262; ppageno 0'>
   <div class='ocr_carea' id='block_1_1' title="bbox 260 159 1835 208">
    <p class='ocr_par' dir='ltr' id='par_1_1' title="bbox 260 159 1835 208">
     <span class='ocr_line' id='line_1_1' title="bbox 260 159 1835 208; baseline -0.006 -1"><span class='ocrx_word' id='word_1_1' title='bbox 260 168 344 207; x_wconf 73' lang='lat'>340</span> <span class='ocrx_word' id='word_1_2' title='bbox 490 165 540 205; x_wconf 88' lang='lat' dir='ltr'>B.</span> <span class='ocrx_word' id='word_1_3' title='bbox 573 163 820 204; x_wconf 80' lang='lat' dir='ltr'>CYRILLI</span> <span class='ocrx_word' id='word_1_4' title='bbox 856 161 1202 202; x_wconf 86' lang='lat' dir='ltr'><strong>ALEXANDR.</strong></span> <span class='ocrx_word' id='word_1_5' title='bbox 1241 160 1613 201; x_wconf 82' lang='lat' dir='ltr'><strong>FRAGMENTA</strong></span> <span class='ocrx_word' id='word_1_6' title='bbox 1727 159 1780 198; x_wconf 84' lang='lat' dir='ltr'>iv.</span> <span class='ocrx_word' id='word_1_7' title='bbox 1796 170 1835 208; x_wconf 84' lang='lat'>4.</span> 
     </span>
    </p>
   </div>
   <div class='ocr_carea' id='block_1_2' title="bbox 56 240 1840 347">
    <p class='ocr_par' dir='ltr' id='par_1_2' title="bbox 56 240 1840 347">
     <span class='ocr_line' id='line_1_2' title="bbox 56 240 1840 347; baseline 0.024 -30"><span class='ocrx_word' id='word_1_8' title='bbox 56 240 226 283; x_wconf 54' lang='grc' dir='ltr'>[ΨΜ]</span> <span class='ocrx_word' id='word_1_9' title='bbox 334 278 526 344; x_wconf 81' lang='grc' dir='ltr'>Ἐπειδὴ</span> <span class='ocrx_word' id='word_1_10' title='bbox 581 279 639 330; x_wconf 87' lang='grc' dir='ltr'>δέ</span> <span class='ocrx_word' id='word_1_11' title='bbox 679 282 830 347; x_wconf 77' lang='grc' dir='ltr'>φησιν</span> <span class='ocrx_word' id='word_1_12' title='bbox 875 279 900 328; x_wconf 88' lang='grc' dir='ltr'><strong>ὁ</strong></span> <span class='ocrx_word' id='word_1_13' title='bbox 944 274 1258 341; x_wconf 48' lang='grc' dir='ltr'>,υιυστῡῑγωγός</span> <span class='ocrx_word' id='word_1_14' title='bbox 1302 274 1515 344; x_wconf 50' lang='grc' dir='ltr'><em>Καθάπερ</em></span> <span class='ocrx_word' id='word_1_15' title='bbox 1556 274 1647 326; x_wconf 49' lang='grc' dir='ltr'>ἀπὶ</span> <span class='ocrx_word' id='word_1_16' title='bbox 1703 275 1840 345; x_wconf 59' lang='grc' dir='ltr'>κυρίου</span> 
     </span>
    </p>
   </div>
   <div class='ocr_carea' id='block_1_3' title="bbox 43 362 647 431">
    <p class='ocr_par' dir='ltr' id='par_1_3' title="bbox 43 362 647 431">
     <span class='ocr_line' id='line_1_3' title="bbox 43 362 647 431; baseline 0.013 -26"><span class='ocrx_word' id='word_1_17' title='bbox 43 376 149 416; x_wconf 78' lang='lat' dir='ltr'>Supra</span> <span class='ocrx_word' id='word_1_18' title='bbox 165 385 231 407; x_wconf 83' lang='lat' dir='ltr'>ver.</span> <span class='ocrx_word' id='word_1_19' title='bbox 265 363 529 431; x_wconf 62' lang='grc' dir='ltr'>πνεύματος,</span> <span class='ocrx_word' id='word_1_20' title='bbox 568 362 647 412; x_wconf 72' lang='grc' dir='ltr'>Καί</span> 
     </span>
    </p>
   </div>
   <div class='ocr_carea' id='block_1_4' title="bbox 45 356 1840 459">
    <p class='ocr_par' dir='ltr' id='par_1_4' title="bbox 45 356 1840 459">
     <span class='ocr_line' id='line_1_4' title="bbox 45 356 1840 459; baseline -0.004 -44"><span class='ocrx_word' id='word_1_21' title='bbox 45 426 83 459; x_wconf 56' lang='lat'>¹7</span> <span class='ocrx_word' id='word_1_22' title='bbox 681 367 709 390; x_wconf 75' lang='lat'>‘⁶</span> <span class='ocrx_word' id='word_1_23' title='bbox 730 360 806 411; x_wconf 80' lang='grc' dir='ltr'>Οὗ</span> <span class='ocrx_word' id='word_1_24' title='bbox 844 358 892 410; x_wconf 80' lang='grc' dir='ltr'>δὲ</span> <span class='ocrx_word' id='word_1_25' title='bbox 929 357 983 409; x_wconf 82' lang='grc' dir='ltr'>τὸ</span> <span class='ocrx_word' id='word_1_26' title='bbox 1014 363 1197 420; x_wconf 86' lang='grc' dir='ltr'>πνεῦμα</span> <span class='ocrx_word' id='word_1_27' title='bbox 1227 357 1417 423; x_wconf 83' lang='grc' dir='ltr'>Κυρίου,</span> <span class='ocrx_word' id='word_1_28' title='bbox 1442 356 1717 422; x_wconf 85' lang='grc' dir='ltr'>ἐλευθερία,”</span> <span class='ocrx_word' id='word_1_29' title='bbox 1757 357 1840 419; x_wconf 84' lang='grc' dir='ltr'>τῆς</span> 
     </span>
    </p>
   </div>
   <div class='ocr_carea' id='block_1_5' title="bbox 263 437 1886 914">
    <p class='ocr_par' dir='ltr' id='par_1_5' title="bbox 263 437 1886 914">
     <span class='ocr_line' id='line_1_5' title="bbox 263 437 1840 507; baseline -0.004 -11"><span class='ocrx_word' id='word_1_30' title='bbox 263 449 357 496; x_wconf 81' lang='grc' dir='ltr'>τῶν</span> <span class='ocrx_word' id='word_1_31' title='bbox 401 443 605 494; x_wconf 82' lang='grc' dir='ltr'>ἀνοσίων</span> <span class='ocrx_word' id='word_1_32' title='bbox 648 444 888 507; x_wconf 82' lang='grc' dir='ltr'>αἱρετικῶν</span> <span class='ocrx_word' id='word_1_33' title='bbox 932 437 1253 506; x_wconf 80' lang='grc' dir='ltr'>συκοφαντίας</span> <span class='ocrx_word' id='word_1_34' title='bbox 1299 438 1381 488; x_wconf 80' lang='grc' dir='ltr'>οὐκ</span> <span class='ocrx_word' id='word_1_35' title='bbox 1424 437 1699 505; x_wconf 75' lang='grc' dir='ltr'>ἀνεξόμεθα,</span> <span class='ocrx_word' id='word_1_36' title='bbox 1745 441 1840 490; x_wconf 83' lang='grc' dir='ltr'>τοῖς</span> 
     </span>
     <span class='ocr_line' id='line_1_6' title="bbox 264 517 1842 591; baseline -0.005 -15"><span class='ocrx_word' id='word_1_37' title='bbox 264 530 470 591; x_wconf 80' lang='grc' dir='ltr'>γενητοῖς</span> <span class='ocrx_word' id='word_1_38' title='bbox 509 524 773 589; x_wconf 82' lang='grc' dir='ltr'>ἐναρίθμιον</span> <span class='ocrx_word' id='word_1_39' title='bbox 803 524 1040 573; x_wconf 82' lang='grc' dir='ltr'>ποιεῖσθαι</span> <span class='ocrx_word' id='word_1_40' title='bbox 1078 519 1131 570; x_wconf 83' lang='grc' dir='ltr'>τὸ</span> <span class='ocrx_word' id='word_1_41' title='bbox 1160 523 1368 582; x_wconf 83' lang='grc' dir='ltr'>Πνεῦμα·</span> <span class='ocrx_word' id='word_1_42' title='bbox 1411 522 1448 568; x_wconf 79' lang='grc' dir='ltr'>εἰ</span> <span class='ocrx_word' id='word_1_43' title='bbox 1480 517 1573 584; x_wconf 79' lang='grc' dir='ltr'>γὰρ</span> <span class='ocrx_word' id='word_1_44' title='bbox 1603 518 1713 569; x_wconf 75' lang='grc' dir='ltr'>ἔνθα</span> <span class='ocrx_word' id='word_1_45' title='bbox 1749 540 1842 569; x_wconf 89' lang='grc' dir='ltr'>που</span> 
     </span>
     <span class='ocr_line' id='line_1_7' title="bbox 264 598 1886 669; baseline -0.006 -11"><span class='ocrx_word' id='word_1_46' title='bbox 264 609 365 658; x_wconf 77' lang='grc' dir='ltr'>ἐστὶ</span> <span class='ocrx_word' id='word_1_47' title='bbox 405 605 458 657; x_wconf 80' lang='grc' dir='ltr'>τὸ</span> <span class='ocrx_word' id='word_1_48' title='bbox 488 610 695 668; x_wconf 86' lang='grc' dir='ltr'>Πνεῦμα,</span> <span class='ocrx_word' id='word_1_49' title='bbox 723 605 816 654; x_wconf 81' lang='grc' dir='ltr'>ἐκεῖ</span> <span class='ocrx_word' id='word_1_50' title='bbox 848 625 941 654; x_wconf 90' lang='grc' dir='ltr'>που</span> <span class='ocrx_word' id='word_1_51' title='bbox 978 601 1167 654; x_wconf 84' lang='grc' dir='ltr'>πάντως</span> <span class='ocrx_word' id='word_1_52' title='bbox 1199 603 1274 651; x_wconf 80' lang='grc' dir='ltr'>καὶ</span> <span class='ocrx_word' id='word_1_53' title='bbox 1309 601 1336 664; x_wconf 86' lang='grc' dir='ltr'>ἡ</span> <span class='ocrx_word' id='word_1_54' title='bbox 1373 598 1601 669; x_wconf 72' lang='grc' dir='ltr'>ἐλευθερία,</span> <span class='ocrx_word' id='word_1_55' title='bbox 1629 604 1729 653; x_wconf 81' lang='grc' dir='ltr'>πῶς</span> <span class='ocrx_word' id='word_1_56' title='bbox 1760 600 1842 650; x_wconf 82' lang='grc' dir='ltr'>οὐκ</span> <span class='ocrx_word' id='word_1_57' title='bbox 1863 615 1886 653; x_wconf 89' lang='grc'><strong>5</strong></span> 
     </span>
     <span class='ocr_line' id='line_1_8' title="bbox 265 682 1840 753; baseline -0.006 -14"><span class='ocrx_word' id='word_1_58' title='bbox 265 687 508 753; x_wconf 84' lang='grc' dir='ltr'>ἐλεύθερον</span> <span class='ocrx_word' id='word_1_59' title='bbox 535 684 653 736; x_wconf 78' lang='grc' dir='ltr'>κατὰ</span> <span class='ocrx_word' id='word_1_60' title='bbox 688 684 837 753; x_wconf 86' lang='grc' dir='ltr'>φύσιν</span> <span class='ocrx_word' id='word_1_61' title='bbox 871 684 1031 744; x_wconf 83' lang='grc' dir='ltr'>ἐστίν;</span> <span class='ocrx_word' id='word_1_62' title='bbox 1073 687 1109 733; x_wconf 83' lang='grc' dir='ltr'>εὶ</span> <span class='ocrx_word' id='word_1_63' title='bbox 1141 682 1189 733; x_wconf 76' lang='grc' dir='ltr'>δὲ</span> <span class='ocrx_word' id='word_1_64' title='bbox 1223 687 1375 744; x_wconf 89' lang='grc' dir='ltr'>τοῦτο,</span> <span class='ocrx_word' id='word_1_65' title='bbox 1402 682 1478 732; x_wconf 79' lang='grc' dir='ltr'>καὶ</span> <span class='ocrx_word' id='word_1_66' title='bbox 1502 686 1597 731; x_wconf 84' lang='grc' dir='ltr'>τῶν</span> <span class='ocrx_word' id='word_1_67' title='bbox 1622 683 1704 744; x_wconf 83' lang='grc' dir='ltr'>τῆς</span> <span class='ocrx_word' id='word_1_68' title='bbox 1731 682 1840 730; x_wconf 92' lang='grc' dir='ltr'>δου-</span> 
     </span>
     <span class='ocr_line' id='line_1_9' title="bbox 266 760 1849 832; baseline -0.005 -13"><span class='ocrx_word' id='word_1_69' title='bbox 266 770 393 822; x_wconf 83' lang='grc' dir='ltr'>λείας</span> <span class='ocrx_word' id='word_1_70' title='bbox 425 768 521 818; x_wconf 77' lang='grc' dir='ltr'>ὁίνω</span> <span class='ocrx_word' id='word_1_71' title='bbox 556 772 700 817; x_wconf 85' lang='grc' dir='ltr'>κεῖται</span> <span class='ocrx_word' id='word_1_72' title='bbox 736 765 933 832; x_wconf 87' lang='grc' dir='ltr'>μέτρων·</span> <span class='ocrx_word' id='word_1_73' title='bbox 980 769 1175 826; x_wconf 82' lang='grc' dir='ltr'>Πνεῦμα</span> <span class='ocrx_word' id='word_1_74' title='bbox 1210 762 1304 829; x_wconf 80' lang='grc' dir='ltr'>γάρ</span> <span class='ocrx_word' id='word_1_75' title='bbox 1329 765 1430 813; x_wconf 88' lang='grc' dir='ltr'>ἐστι</span> <span class='ocrx_word' id='word_1_76' title='bbox 1456 767 1539 813; x_wconf 89' lang='grc' dir='ltr'>τοῦ</span> <span class='ocrx_word' id='word_1_77' title='bbox 1567 760 1757 827; x_wconf 81' lang='grc' dir='ltr'>Πατρὸς</span> <span class='ocrx_word' id='word_1_78' title='bbox 1792 760 1849 829; x_wconf 76' lang='grc' dir='ltr'>ἐξ</span> 
     </span>
     <span class='ocr_line' id='line_1_10' title="bbox 267 847 1300 914; baseline -0.007 -12"><span class='ocrx_word' id='word_1_79' title='bbox 267 852 408 902; x_wconf 83' lang='grc' dir='ltr'>αὐτοῦ</span> <span class='ocrx_word' id='word_1_80' title='bbox 435 853 592 913; x_wconf 86' lang='grc' dir='ltr'>διῆκον</span> <span class='ocrx_word' id='word_1_81' title='bbox 618 850 690 899; x_wconf 78' lang='grc' dir='ltr'>ἐπὶ</span> <span class='ocrx_word' id='word_1_82' title='bbox 718 847 803 912; x_wconf 83' lang='grc' dir='ltr'>τὴν</span> <span class='ocrx_word' id='word_1_83' title='bbox 829 847 985 898; x_wconf 81' lang='grc' dir='ltr'>κτίσιν</span> <span class='ocrx_word' id='word_1_84' title='bbox 1011 848 1058 897; x_wconf 85' lang='grc' dir='ltr'>ἐν</span> <span class='ocrx_word' id='word_1_85' title='bbox 1084 849 1300 914; x_wconf 82' lang='grc' dir='ltr'>Χριστῷ.</span> 
     </span>
    </p>
   </div>
   <div class='ocr_carea' id='block_1_6' title="bbox 47 973 1817 1037">
    <p class='ocr_par' dir='ltr' id='par_1_6' title="bbox 47 973 1817 1037">
     <span class='ocr_line' id='line_1_11' title="bbox 47 973 1817 1037; baseline -0.006 -12"><span class='ocrx_word' id='word_1_86' title='bbox 47 988 149 1037; x_wconf 86' lang='grc' dir='ltr'>Κεφ.</span> <span class='ocrx_word' id='word_1_87' title='bbox 165 981 248 1031; x_wconf 78' lang='grc' dir='ltr'><em>ὃ’.4</em></span> <span class='ocrx_word' id='word_1_88' title='bbox 296 979 369 1022; x_wconf 73' lang='grc' dir='ltr'>Εἷς</span> <span class='ocrx_word' id='word_1_89' title='bbox 405 981 452 1022; x_wconf 83' lang='grc' dir='ltr'>τὸ</span> <span class='ocrx_word' id='word_1_90' title='bbox 490 979 544 1027; x_wconf 53' lang='lat' dir='ltr'>m}</span> <span class='ocrx_word' id='word_1_91' title='bbox 586 979 763 1025; x_wconf 65' lang='grc' dir='ltr'>αὐῑάσοιι</span> <span class='ocrx_word' id='word_1_92' title='bbox 802 974 945 1017; x_wconf 70' lang='grc' dir='ltr'>αὐτοῖς</span> <span class='ocrx_word' id='word_1_93' title='bbox 983 976 1055 1017; x_wconf 85' lang='grc' dir='ltr'>τὸν</span> <span class='ocrx_word' id='word_1_94' title='bbox 1093 976 1313 1030; x_wconf 79' lang='grc' dir='ltr'>φωτισμὸν</span> <span class='ocrx_word' id='word_1_95' title='bbox 1351 979 1424 1015; x_wconf 80' lang='grc' dir='ltr'>τοῦ</span> <span class='ocrx_word' id='word_1_96' title='bbox 1462 973 1706 1020; x_wconf 75' lang='grc' dir='ltr'>εὐοιΓΓελίου</span> <span class='ocrx_word' id='word_1_97' title='bbox 1743 978 1817 1014; x_wconf 70' lang='grc' dir='ltr'>Τιῗιε</span> 
     </span>
    </p>
   </div>
   <div class='ocr_carea' id='block_1_7' title="bbox 485 1056 1919 1116">
    <p class='ocr_par' dir='ltr' id='par_1_7' title="bbox 485 1056 1919 1116">
     <span class='ocr_line' id='line_1_12' title="bbox 485 1056 1919 1116; baseline -0.006 -13"><span class='ocrx_word' id='word_1_98' title='bbox 485 1063 614 1105; x_wconf 74' lang='grc' dir='ltr'>ὃόΞΗε</span> <span class='ocrx_word' id='word_1_99' title='bbox 652 1064 724 1102; x_wconf 82' lang='grc' dir='ltr'>τοῦ</span> <span class='ocrx_word' id='word_1_100' title='bbox 764 1061 957 1116; x_wconf 74' lang='grc' dir='ltr'>Χριοτοῦ,</span> <span class='ocrx_word' id='word_1_101' title='bbox 994 1059 1040 1100; x_wconf 72' lang='grc' dir='ltr'>ὅς</span> <span class='ocrx_word' id='word_1_102' title='bbox 1076 1058 1190 1100; x_wconf 81' lang='grc' dir='ltr'>ἐστιν</span> <span class='ocrx_word' id='word_1_103' title='bbox 1229 1056 1355 1098; x_wconf 78' lang='grc' dir='ltr'>εἰκὼν</span> <span class='ocrx_word' id='word_1_104' title='bbox 1393 1061 1466 1098; x_wconf 84' lang='grc' dir='ltr'>τοῦ</span> <span class='ocrx_word' id='word_1_105' title='bbox 1505 1057 1631 1101; x_wconf 83' lang='grc' dir='ltr'>Θεοῦ,</span> <span class='ocrx_word' id='word_1_106' title='bbox 1871 1074 1919 1098; x_wconf 92' lang='lat'>10</span> 
     </span>
    </p>
   </div>
   <div class='ocr_carea' id='block_1_8' title="bbox 48 1152 1997 2527">
    <p class='ocr_par' dir='ltr' id='par_1_8' title="bbox 48 1152 1997 2527">
     <span class='ocr_line' id='line_1_13' title="bbox 342 1152 1848 1222; baseline -0.005 -12"><span class='ocrx_word' id='word_1_107' title='bbox 342 1158 534 1222; x_wconf 78' lang='grc' dir='ltr'>Ἐπειδὴ</span> <span class='ocrx_word' id='word_1_108' title='bbox 579 1157 716 1221; x_wconf 82' lang='grc' dir='ltr'>ἡλίου</span> <span class='ocrx_word' id='word_1_109' title='bbox 761 1156 893 1219; x_wconf 88' lang='grc' dir='ltr'>δίκην</span> <span class='ocrx_word' id='word_1_110' title='bbox 936 1155 990 1206; x_wconf 82' lang='grc' dir='ltr'>τὸ</span> <span class='ocrx_word' id='word_1_111' title='bbox 1043 1154 1162 1220; x_wconf 79' lang='grc' dir='ltr'>ἱερὸν</span> <span class='ocrx_word' id='word_1_112' title='bbox 1205 1152 1471 1216; x_wconf 78' lang='grc' dir='ltr'>ἀναλάμπει</span> <span class='ocrx_word' id='word_1_113' title='bbox 1513 1152 1729 1218; x_wconf 79' lang='grc' dir='ltr'>κήρυγμα</span> <span class='ocrx_word' id='word_1_114' title='bbox 1773 1153 1848 1202; x_wconf 81' lang='grc' dir='ltr'>καὶ</span> 
     </span>
     <span class='ocr_line' id='line_1_14' title="bbox 48 1233 1846 1307; baseline -0.004 -18"><span class='ocrx_word' id='word_1_115' title='bbox 48 1260 154 1299; x_wconf 77' lang='lat' dir='ltr'>Supra</span> <span class='ocrx_word' id='word_1_116' title='bbox 171 1259 215 1289; x_wconf 79' lang='lat' dir='ltr'><strong>iii.</strong></span> <span class='ocrx_word' id='word_1_117' title='bbox 269 1239 696 1307; x_wconf 77' lang='grc' dir='ltr'>ἀνακεκαλυμμένῳ</span> <span class='ocrx_word' id='word_1_118' title='bbox 722 1236 968 1305; x_wconf 75' lang='grc' dir='ltr'>προσώπῳ</span> <span class='ocrx_word' id='word_1_119' title='bbox 993 1240 1085 1289; x_wconf 80' lang='grc' dir='ltr'>πᾶς</span> <span class='ocrx_word' id='word_1_120' title='bbox 1112 1235 1283 1288; x_wconf 82' lang='grc' dir='ltr'>πιστὸς</span> <span class='ocrx_word' id='word_1_121' title='bbox 1310 1241 1336 1264; x_wconf 82' lang='grc'><strong>“</strong></span> <span class='ocrx_word' id='word_1_122' title='bbox 1352 1233 1438 1298; x_wconf 79' lang='grc' dir='ltr'>τὴν</span> <span class='ocrx_word' id='word_1_123' title='bbox 1465 1233 1609 1301; x_wconf 76' lang='grc' dir='ltr'>δόξαν</span> <span class='ocrx_word' id='word_1_124' title='bbox 1633 1233 1846 1298; x_wconf 84' lang='grc' dir='ltr'>Κυρίου”</span> 
     </span>
     <span class='ocr_line' id='line_1_15' title="bbox 51 1303 1850 1387; baseline -0.006 -13"><span class='ocrx_word' id='word_1_125' title='bbox 51 1303 99 1333; x_wconf 68' lang='lat'>18&#39;</span> <span class='ocrx_word' id='word_1_126' title='bbox 271 1320 634 1387; x_wconf 76' lang='grc' dir='ltr'>κατοπτρίζεται,</span> <span class='ocrx_word' id='word_1_127' title='bbox 664 1320 746 1369; x_wconf 82' lang='grc' dir='ltr'>οὐκ</span> <span class='ocrx_word' id='word_1_128' title='bbox 784 1318 840 1368; x_wconf 80' lang='grc' dir='ltr'>ἄν</span> <span class='ocrx_word' id='word_1_129' title='bbox 879 1340 948 1371; x_wconf 88' lang='grc' dir='ltr'>τις</span> <span class='ocrx_word' id='word_1_130' title='bbox 986 1321 1080 1368; x_wconf 86' lang='grc' dir='ltr'>τῶν</span> <span class='ocrx_word' id='word_1_131' title='bbox 1106 1315 1225 1382; x_wconf 79' lang='grc' dir='ltr'>ὀρθὰ</span> <span class='ocrx_word' id='word_1_132' title='bbox 1263 1314 1565 1384; x_wconf 82' lang='grc' dir='ltr'>φρονούντων</span> <span class='ocrx_word' id='word_1_133' title='bbox 1599 1314 1685 1378; x_wconf 89' lang='grc' dir='ltr'>τὴν</span> <span class='ocrx_word' id='word_1_134' title='bbox 1711 1319 1850 1365; x_wconf 86' lang='grc' dir='ltr'>τινῶν</span> 
     </span>
     <span class='ocr_line' id='line_1_16' title="bbox 271 1394 1851 1470; baseline -0.005 -17"><span class='ocrx_word' id='word_1_135' title='bbox 271 1402 475 1466; x_wconf 71' lang='grc' dir='ltr'>ἀμάθ-ιαν</span> <span class='ocrx_word' id='word_1_136' title='bbox 516 1405 582 1470; x_wconf 89' lang='grc' dir='ltr'>τῷ</span> <span class='ocrx_word' id='word_1_137' title='bbox 624 1401 731 1470; x_wconf 90' lang='grc' dir='ltr'>θείῳ</span> <span class='ocrx_word' id='word_1_138' title='bbox 772 1398 1069 1467; x_wconf 65' lang='grc' dir='ltr'>καταγράφει</span> <span class='ocrx_word' id='word_1_139' title='bbox 1109 1398 1386 1463; x_wconf 84' lang='grc' dir='ltr'>κηρύγματι.</span> <span class='ocrx_word' id='word_1_140' title='bbox 1445 1396 1493 1447; x_wconf 88' lang='grc' dir='ltr'>τί</span> <span class='ocrx_word' id='word_1_141' title='bbox 1531 1394 1623 1462; x_wconf 77' lang='grc' dir='ltr'>γὰρ</span> <span class='ocrx_word' id='word_1_142' title='bbox 1666 1399 1704 1446; x_wconf 81' lang='grc' dir='ltr'>εἷ</span> <span class='ocrx_word' id='word_1_143' title='bbox 1743 1394 1851 1463; x_wconf 74' lang='grc' dir='ltr'>ἐξὸν</span> 
     </span>
     <span class='ocr_line' id='line_1_17' title="bbox 271 1476 1921 1546; baseline -0.007 -9"><span class='ocrx_word' id='word_1_144' title='bbox 271 1486 434 1537; x_wconf 79' lang='grc' dir='ltr'>εἰδέναι</span> <span class='ocrx_word' id='word_1_145' title='bbox 459 1484 760 1534; x_wconf 86' lang='grc' dir='ltr'>ἀποσείονται</span> <span class='ocrx_word' id='word_1_146' title='bbox 793 1480 878 1545; x_wconf 88' lang='grc' dir='ltr'>τὴν</span> <span class='ocrx_word' id='word_1_147' title='bbox 901 1485 1081 1546; x_wconf 84' lang='grc' dir='ltr'>γνῶσιν</span> <span class='ocrx_word' id='word_1_148' title='bbox 1107 1484 1245 1530; x_wconf 86' lang='grc' dir='ltr'>τινῶν</span> <span class='ocrx_word' id='word_1_149' title='bbox 1271 1478 1603 1544; x_wconf 87' lang='grc' dir='ltr'>πεπωρωμένοι</span> <span class='ocrx_word' id='word_1_150' title='bbox 1635 1476 1717 1527; x_wconf 80' lang='grc' dir='ltr'>τὸν</span> <span class='ocrx_word' id='word_1_151' title='bbox 1743 1481 1851 1527; x_wconf 90' lang='grc' dir='ltr'>νοῦν</span> <span class='ocrx_word' id='word_1_152' title='bbox 1875 1499 1921 1537; x_wconf 92' lang='lat'>15</span> 
     </span>
     <span class='ocr_line' id='line_1_18' title="bbox 271 1559 1853 1636; baseline -0.004 -18"><span class='ocrx_word' id='word_1_153' title='bbox 271 1568 328 1636; x_wconf 74' lang='grc' dir='ltr'>ἐξ</span> <span class='ocrx_word' id='word_1_154' title='bbox 363 1565 544 1629; x_wconf 79' lang='grc' dir='ltr'>ἀπάτης</span> <span class='ocrx_word' id='word_1_155' title='bbox 577 1565 884 1626; x_wconf 79' lang='grc' dir='ltr'>διαβολικῆςς</span> <span class='ocrx_word' id='word_1_156' title='bbox 931 1563 1040 1612; x_wconf 81' lang='grc' dir='ltr'>ἀλλ’</span> <span class='ocrx_word' id='word_1_157' title='bbox 1075 1562 1121 1612; x_wconf 84' lang='grc' dir='ltr'>οἵ</span> <span class='ocrx_word' id='word_1_158' title='bbox 1152 1584 1206 1627; x_wconf 86' lang='grc' dir='ltr'>γε</span> <span class='ocrx_word' id='word_1_159' title='bbox 1241 1564 1324 1624; x_wconf 87' lang='grc' dir='ltr'>τῆς</span> <span class='ocrx_word' id='word_1_160' title='bbox 1359 1561 1531 1611; x_wconf 88' lang='grc' dir='ltr'>ἐκείνου</span> <span class='ocrx_word' id='word_1_161' title='bbox 1566 1559 1853 1624; x_wconf 74' lang='grc' dir='ltr'>δυστροπίας</span> 
     </span>
     <span class='ocr_line' id='line_1_19' title="bbox 273 1638 1848 1714; baseline -0.007 -15"><span class='ocrx_word' id='word_1_162' title='bbox 273 1650 486 1713; x_wconf 80' lang='grc' dir='ltr'>ἀμείνους</span> <span class='ocrx_word' id='word_1_163' title='bbox 511 1645 662 1714; x_wconf 83' lang='grc' dir='ltr'>σοφοί</span> <span class='ocrx_word' id='word_1_164' title='bbox 684 1668 733 1695; x_wconf 89' lang='grc' dir='ltr'>τε</span> <span class='ocrx_word' id='word_1_165' title='bbox 761 1646 835 1695; x_wconf 80' lang='grc' dir='ltr'>καὶ</span> <span class='ocrx_word' id='word_1_166' title='bbox 857 1643 1203 1711; x_wconf 84' lang='grc' dir='ltr'>νουνεχέστεροι</span> <span class='ocrx_word' id='word_1_167' title='bbox 1228 1640 1587 1704; x_wconf 86' lang='grc' dir='ltr'>πεπλουτήκασι</span> <span class='ocrx_word' id='word_1_168' title='bbox 1614 1638 1698 1704; x_wconf 87' lang='grc' dir='ltr'>τὴν</span> <span class='ocrx_word' id='word_1_169' title='bbox 1723 1643 1848 1705; x_wconf 83' lang='grc' dir='ltr'>γνῶ-</span> 
     </span>
     <span class='ocr_line' id='line_1_20' title="bbox 274 1722 1854 1795; baseline -0.006 -13"><span class='ocrx_word' id='word_1_170' title='bbox 274 1754 371 1781; x_wconf 89' lang='grc' dir='ltr'>σιν.</span> <span class='ocrx_word' id='word_1_171' title='bbox 429 1727 519 1795; x_wconf 78' lang='grc' dir='ltr'>ἆρα</span> <span class='ocrx_word' id='word_1_172' title='bbox 557 1727 651 1793; x_wconf 80' lang='grc' dir='ltr'>γὰρ</span> <span class='ocrx_word' id='word_1_173' title='bbox 690 1730 727 1776; x_wconf 82' lang='grc' dir='ltr'>εἶ</span> <span class='ocrx_word' id='word_1_174' title='bbox 767 1723 1027 1792; x_wconf 79' lang='grc' dir='ltr'>βαρβάρων</span> <span class='ocrx_word' id='word_1_175' title='bbox 1065 1722 1193 1778; x_wconf 78' lang='grc' dir='ltr'>τινὰς</span> <span class='ocrx_word' id='word_1_176' title='bbox 1235 1722 1485 1790; x_wconf 79' lang='grc' dir='ltr'>εἰρηκότων</span> <span class='ocrx_word' id='word_1_177' title='bbox 1525 1724 1601 1773; x_wconf 82' lang='grc' dir='ltr'>καὶ</span> <span class='ocrx_word' id='word_1_178' title='bbox 1640 1725 1736 1774; x_wconf 87' lang='grc' dir='ltr'>τοῖς</span> <span class='ocrx_word' id='word_1_179' title='bbox 1771 1723 1854 1784; x_wconf 83' lang='grc' dir='ltr'>τῆς</span> 
     </span>
     <span class='ocr_line' id='line_1_21' title="bbox 276 1805 1855 1876; baseline -0.008 -13"><span class='ocrx_word' id='word_1_180' title='bbox 276 1811 488 1864; x_wconf 81' lang='grc' dir='ltr'>δουλείας</span> <span class='ocrx_word' id='word_1_181' title='bbox 514 1808 782 1860; x_wconf 83' lang='grc' dir='ltr'>ὑποθέντων</span> <span class='ocrx_word' id='word_1_182' title='bbox 805 1807 943 1876; x_wconf 74' lang='grc' dir='ltr'>ζυγῷ,</span> <span class='ocrx_word' id='word_1_183' title='bbox 967 1806 1198 1873; x_wconf 87' lang='grc' dir='ltr'>προσθείη</span> <span class='ocrx_word' id='word_1_184' title='bbox 1226 1828 1294 1859; x_wconf 92' lang='grc' dir='ltr'>τις</span> <span class='ocrx_word' id='word_1_185' title='bbox 1324 1805 1477 1871; x_wconf 79' lang='grc' dir='ltr'>ἕτερος</span> <span class='ocrx_word' id='word_1_186' title='bbox 1503 1807 1599 1857; x_wconf 83' lang='grc' dir='ltr'>τοῖς</span> <span class='ocrx_word' id='word_1_187' title='bbox 1629 1807 1691 1856; x_wconf 79' lang='grc' dir='ltr'>εἰς</span> <span class='ocrx_word' id='word_1_188' title='bbox 1716 1807 1855 1853; x_wconf 88' lang='grc' dir='ltr'>τοῦτο</span> 
     </span>
     <span class='ocr_line' id='line_1_22' title="bbox 275 1883 1997 1955; baseline -0.008 -11"><span class='ocrx_word' id='word_1_189' title='bbox 275 1897 482 1945; x_wconf 90' lang='grc' dir='ltr'>πεσοῦσι</span> <span class='ocrx_word' id='word_1_190' title='bbox 515 1890 836 1955; x_wconf 85' lang='grc' dir='ltr'>ταλαιπωρίας</span> <span class='ocrx_word' id='word_1_191' title='bbox 870 1892 964 1939; x_wconf 83' lang='grc' dir='ltr'>τῶν</span> <span class='ocrx_word' id='word_1_192' title='bbox 989 1885 1366 1950; x_wconf 79' lang='grc' dir='ltr'>συμβεβηκότων</span> <span class='ocrx_word' id='word_1_193' title='bbox 1393 1887 1548 1938; x_wconf 80' lang='grc' dir='ltr'>αὐτοῖς</span> <span class='ocrx_word' id='word_1_194' title='bbox 1578 1883 1663 1949; x_wconf 86' lang='grc' dir='ltr'>τὴν</span> <span class='ocrx_word' id='word_1_195' title='bbox 1691 1885 1849 1935; x_wconf 86' lang='grc' dir='ltr'>ἀπαλ-</span> <span class='ocrx_word' id='word_1_196' title='bbox 1876 1907 1924 1931; x_wconf 91' lang='lat'>20</span> <span class='ocrx_word' id='word_1_197' title='bbox 1984 1920 1997 1944; x_wconf 33' lang='grc' dir='ltr'>ι,</span> 
     </span>
     <span class='ocr_line' id='line_1_23' title="bbox 277 1963 1857 2039; baseline -0.007 -13"><span class='ocrx_word' id='word_1_198' title='bbox 277 1974 449 2039; x_wconf 85' lang='grc' dir='ltr'>λαγήν·</span> <span class='ocrx_word' id='word_1_199' title='bbox 510 1971 606 2023; x_wconf 78' lang='grc' dir='ltr'>εἶτα</span> <span class='ocrx_word' id='word_1_200' title='bbox 649 1974 731 2035; x_wconf 81' lang='grc' dir='ltr'>τῆς</span> <span class='ocrx_word' id='word_1_201' title='bbox 770 1970 1031 2035; x_wconf 84' lang='grc' dir='ltr'>ἐλευθερίας</span> <span class='ocrx_word' id='word_1_202' title='bbox 1069 1970 1229 2019; x_wconf 81' lang='grc' dir='ltr'>ἐκεῖνοι</span> <span class='ocrx_word' id='word_1_203' title='bbox 1266 1967 1515 2033; x_wconf 77' lang='grc' dir='ltr'>προθέντες</span> <span class='ocrx_word' id='word_1_204' title='bbox 1552 1965 1611 2016; x_wconf 79' lang='grc' dir='ltr'>τὰ</span> <span class='ocrx_word' id='word_1_205' title='bbox 1650 1963 1857 2031; x_wconf 76' lang='grc' dir='ltr'>ὑπόζυγα</span> 
     </span>
     <span class='ocr_line' id='line_1_24' title="bbox 278 2045 1857 2122; baseline -0.004 -16"><span class='ocrx_word' id='word_1_206' title='bbox 278 2060 475 2117; x_wconf 86' lang='grc' dir='ltr'>κεῖσθαι,</span> <span class='ocrx_word' id='word_1_207' title='bbox 502 2053 772 2122; x_wconf 74' lang='grc' dir='ltr'>ἀνεξίτητον</span> <span class='ocrx_word' id='word_1_208' title='bbox 805 2057 1013 2103; x_wconf 81' lang='grc' dir='ltr'>ποιοῖντο</span> <span class='ocrx_word' id='word_1_209' title='bbox 1047 2049 1132 2114; x_wconf 79' lang='grc' dir='ltr'>τὴν</span> <span class='ocrx_word' id='word_1_210' title='bbox 1167 2048 1435 2118; x_wconf 84' lang='grc' dir='ltr'>συμφοράν·</span> <span class='ocrx_word' id='word_1_211' title='bbox 1489 2045 1756 2098; x_wconf 79' lang='grc' dir='ltr'>αἰτιάσαιτό</span> <span class='ocrx_word' id='word_1_212' title='bbox 1787 2069 1857 2100; x_wconf 76' lang='grc' dir='ltr'>τις</span> 
     </span>
     <span class='ocr_line' id='line_1_25' title="bbox 277 2126 1857 2202; baseline -0.006 -14"><span class='ocrx_word' id='word_1_213' title='bbox 277 2137 380 2188; x_wconf 81' lang='grc' dir='ltr'>εἰπέ</span> <span class='ocrx_word' id='word_1_214' title='bbox 404 2159 483 2199; x_wconf 87' lang='grc' dir='ltr'>μοι</span> <span class='ocrx_word' id='word_1_215' title='bbox 513 2133 594 2186; x_wconf 80' lang='grc' dir='ltr'>τὸν</span> <span class='ocrx_word' id='word_1_216' title='bbox 618 2134 854 2199; x_wconf 78' lang='grc' dir='ltr'>προθέντα</span> <span class='ocrx_word' id='word_1_217' title='bbox 887 2131 1168 2202; x_wconf 77' lang='grc' dir='ltr'>φιλαγοῖθως</span> <span class='ocrx_word' id='word_1_218' title='bbox 1200 2134 1281 2194; x_wconf 79' lang='grc' dir='ltr'>τῆς</span> <span class='ocrx_word' id='word_1_219' title='bbox 1308 2130 1568 2195; x_wconf 86' lang='grc' dir='ltr'>ἐλευθερίας</span> <span class='ocrx_word' id='word_1_220' title='bbox 1593 2129 1747 2181; x_wconf 82' lang='grc' dir='ltr'>αὐτοῖς</span> <span class='ocrx_word' id='word_1_221' title='bbox 1772 2126 1857 2191; x_wconf 88' lang='grc' dir='ltr'>τὴν</span> 
     </span>
     <span class='ocr_line' id='line_1_26' title="bbox 280 2209 1859 2282; baseline -0.007 -13"><span class='ocrx_word' id='word_1_222' title='bbox 280 2220 436 2269; x_wconf 79' lang='grc' dir='ltr'>ἄδειαν</span> <span class='ocrx_word' id='word_1_223' title='bbox 477 2216 505 2282; x_wconf 75' lang='grc' dir='ltr'>ἢ</span> <span class='ocrx_word' id='word_1_224' title='bbox 546 2221 736 2279; x_wconf 84' lang='grc' dir='ltr'>μᾶλλον</span> <span class='ocrx_word' id='word_1_225' title='bbox 779 2215 976 2267; x_wconf 88' lang='grc' dir='ltr'>ἐκείνους</span> <span class='ocrx_word' id='word_1_226' title='bbox 1025 2213 1316 2274; x_wconf 79' lang='grc' dir='ltr'>δυσβουλίας</span> <span class='ocrx_word' id='word_1_227' title='bbox 1359 2209 1627 2279; x_wconf 76' lang='grc' dir='ltr'>γράψεται;</span> <span class='ocrx_word' id='word_1_228' title='bbox 1693 2209 1859 2259; x_wconf 84' lang='grc' dir='ltr'>οὐκοῦν</span> 
     </span>
     <span class='ocr_line' id='line_1_27' title="bbox 279 2289 1988 2365; baseline -0.008 -14"><span class='ocrx_word' id='word_1_229' title='bbox 279 2301 541 2365; x_wconf 75' lang='grc' dir='ltr'>προῦθηκεν</span> <span class='ocrx_word' id='word_1_230' title='bbox 566 2297 649 2361; x_wconf 76' lang='grc' dir='ltr'>μὲν</span> <span class='ocrx_word' id='word_1_231' title='bbox 677 2298 701 2347; x_wconf 87' lang='grc' dir='ltr'>ὁ</span> <span class='ocrx_word' id='word_1_232' title='bbox 725 2300 817 2347; x_wconf 84' lang='grc' dir='ltr'>τῶν</span> <span class='ocrx_word' id='word_1_233' title='bbox 848 2295 974 2346; x_wconf 77' lang='grc' dir='ltr'>ὅλων</span> <span class='ocrx_word' id='word_1_234' title='bbox 1001 2294 1122 2347; x_wconf 78' lang='grc' dir='ltr'>Θεὸς</span> <span class='ocrx_word' id='word_1_235' title='bbox 1154 2298 1248 2347; x_wconf 84' lang='grc' dir='ltr'>τοῖς</span> <span class='ocrx_word' id='word_1_236' title='bbox 1285 2291 1502 2343; x_wconf 88' lang='grc' dir='ltr'>ἐθέλουσι</span> <span class='ocrx_word' id='word_1_237' title='bbox 1537 2289 1772 2342; x_wconf 83' lang='grc' dir='ltr'>πιστεύειν</span> <span class='ocrx_word' id='word_1_238' title='bbox 1798 2291 1859 2343; x_wconf 80' lang='grc' dir='ltr'>εἰς</span> <span class='ocrx_word' id='word_1_239' title='bbox 1879 2309 1927 2348; x_wconf 87' lang='lat'>25</span> <span class='ocrx_word' id='word_1_240' title='bbox 1986 2355 1988 2358; x_wconf 11' lang='lat' dir='ltr'>y</span> 
     </span>
     <span class='ocr_line' id='line_1_28' title="bbox 281 2370 1860 2446; baseline -0.008 -15"><span class='ocrx_word' id='word_1_241' title='bbox 281 2381 362 2431; x_wconf 82' lang='grc' dir='ltr'>τὸν</span> <span class='ocrx_word' id='word_1_242' title='bbox 388 2379 517 2441; x_wconf 78' lang='grc' dir='ltr'>Υὶὸν,</span> <span class='ocrx_word' id='word_1_243' title='bbox 545 2378 598 2429; x_wconf 81' lang='grc' dir='ltr'>τὸ</span> <span class='ocrx_word' id='word_1_244' title='bbox 626 2381 788 2446; x_wconf 82' lang='grc' dir='ltr'>γυμνῷ</span> <span class='ocrx_word' id='word_1_245' title='bbox 813 2380 885 2427; x_wconf 81' lang='grc' dir='ltr'>καὶ</span> <span class='ocrx_word' id='word_1_246' title='bbox 913 2374 1338 2442; x_wconf 76' lang='grc' dir='ltr'>ἀνακεκαλυμμένῳ</span> <span class='ocrx_word' id='word_1_247' title='bbox 1364 2373 1608 2440; x_wconf 83' lang='grc' dir='ltr'>προσώπῳ</span> <span class='ocrx_word' id='word_1_248' title='bbox 1635 2370 1860 2421; x_wconf 82' lang='grc' dir='ltr'>καταθεοῖ-</span> 
     </span>
     <span class='ocr_line' id='line_1_29' title="bbox 283 2451 1862 2527; baseline -0.006 -16"><span class='ocrx_word' id='word_1_249' title='bbox 283 2466 466 2511; x_wconf 88' lang='grc' dir='ltr'>σασθαι</span> <span class='ocrx_word' id='word_1_250' title='bbox 504 2459 590 2523; x_wconf 83' lang='grc' dir='ltr'>τὴν</span> <span class='ocrx_word' id='word_1_251' title='bbox 624 2459 768 2527; x_wconf 72' lang='grc' dir='ltr'>δόξαν</span> <span class='ocrx_word' id='word_1_252' title='bbox 803 2459 956 2509; x_wconf 80' lang='grc' dir='ltr'>αὐτοῦ·</span> <span class='ocrx_word' id='word_1_253' title='bbox 1004 2456 1348 2522; x_wconf 87' lang='grc' dir='ltr'>διημαρτήκασι</span> <span class='ocrx_word' id='word_1_254' title='bbox 1387 2454 1434 2504; x_wconf 78' lang='grc' dir='ltr'>δὲ</span> <span class='ocrx_word' id='word_1_255' title='bbox 1472 2455 1552 2517; x_wconf 79' lang='grc' dir='ltr'>τῆς</span> <span class='ocrx_word' id='word_1_256' title='bbox 1591 2451 1780 2520; x_wconf 79' lang='grc' dir='ltr'>χάριτος</span> <span class='ocrx_word' id='word_1_257' title='bbox 1819 2455 1862 2502; x_wconf 80' lang='grc' dir='ltr'>οἱ</span> 
     </span>
    </p>
   </div>
   <div class='ocr_carea' id='block_1_9' title="bbox 285 2548 1863 2963">
    <p class='ocr_par' dir='ltr' id='par_1_9' title="bbox 285 2548 1863 2963">
     <span class='ocr_line' id='line_1_30' title="bbox 335 2548 1861 2601; baseline -0.007 -9"><span class='ocrx_word' id='word_1_258' title='bbox 335 2570 411 2601; x_wconf 85' lang='lat'>1—4.</span> <span class='ocrx_word' id='word_1_259' title='bbox 438 2558 727 2600; x_wconf 77' lang='grc' dir='ltr'>ἐπειδὴ-πνεῦμα</span> <span class='ocrx_word' id='word_1_260' title='bbox 745 2567 814 2590; x_wconf 84' lang='lat' dir='ltr'>om.</span> <span class='ocrx_word' id='word_1_261' title='bbox 835 2555 883 2589; x_wconf 64' lang='lat' dir='ltr'>H„</span> <span class='ocrx_word' id='word_1_262' title='bbox 1056 2554 1136 2596; x_wconf 86' lang='lat'><strong>4—8.</strong></span> <span class='ocrx_word' id='word_1_263' title='bbox 1164 2552 1252 2586; x_wconf 77' lang='lat' dir='ltr'>Vide</span> <span class='ocrx_word' id='word_1_264' title='bbox 1269 2552 1353 2585; x_wconf 81' lang='lat' dir='ltr'>haec</span> <span class='ocrx_word' id='word_1_265' title='bbox 1371 2550 1523 2585; x_wconf 80' lang='lat' dir='ltr'>exhibita</span> <span class='ocrx_word' id='word_1_266' title='bbox 1540 2561 1645 2594; x_wconf 85' lang='lat' dir='ltr'>supra</span> <span class='ocrx_word' id='word_1_267' title='bbox 1662 2548 1705 2582; x_wconf 84' lang='lat' dir='ltr'>ad</span> <span class='ocrx_word' id='word_1_268' title='bbox 1722 2549 1787 2583; x_wconf 81' lang='lat' dir='ltr'><strong>loc.</strong></span> <span class='ocrx_word' id='word_1_269' title='bbox 1806 2549 1861 2593; x_wconf 87' lang='lat' dir='ltr'>(p.</span> 
     </span>
     <span class='ocr_line' id='line_1_31' title="bbox 285 2595 1861 2650; baseline -0.007 -12"><span class='ocrx_word' id='word_1_270' title='bbox 285 2615 365 2650; x_wconf 83' lang='lat'><strong>337,</strong></span> <span class='ocrx_word' id='word_1_271' title='bbox 386 2604 513 2648; x_wconf 82' lang='lat'>21-27)</span> <span class='ocrx_word' id='word_1_272' title='bbox 533 2615 574 2637; x_wconf 80' lang='lat' dir='ltr'>ex</span> <span class='ocrx_word' id='word_1_273' title='bbox 594 2603 642 2643; x_wconf 86' lang='lat' dir='ltr'>H,</span> <span class='ocrx_word' id='word_1_274' title='bbox 662 2602 721 2647; x_wconf 86' lang='lat' dir='ltr'>qui</span> <span class='ocrx_word' id='word_1_275' title='bbox 743 2608 859 2635; x_wconf 79' lang='lat' dir='ltr'>tamen</span> <span class='ocrx_word' id='word_1_276' title='bbox 878 2607 910 2634; x_wconf 78' lang='lat' dir='ltr'>et</span> <span class='ocrx_word' id='word_1_277' title='bbox 927 2600 982 2634; x_wconf 79' lang='lat' dir='ltr'>hic</span> <span class='ocrx_word' id='word_1_278' title='bbox 1001 2600 1060 2644; x_wconf 86' lang='lat' dir='ltr'>(ut</span> <span class='ocrx_word' id='word_1_279' title='bbox 1084 2599 1198 2643; x_wconf 64' lang='lat' dir='ltr'>saepe)</span> <span class='ocrx_word' id='word_1_280' title='bbox 1219 2598 1350 2642; x_wconf 78' lang='lat' dir='ltr'><strong>repetit,</strong></span> <span class='ocrx_word' id='word_1_281' title='bbox 1369 2597 1625 2642; x_wconf 82' lang='lat' dir='ltr'>aliquantulum</span> <span class='ocrx_word' id='word_1_282' title='bbox 1644 2595 1861 2638; x_wconf 79' lang='lat' dir='ltr'>abbrevians,</span> 
     </span>
     <span class='ocr_line' id='line_1_32' title="bbox 286 2641 1863 2690; baseline -0.007 -5"><span class='ocrx_word' id='word_1_283' title='bbox 286 2653 313 2685; x_wconf 85' lang='grc' dir='ltr'>εἷ</span> <span class='ocrx_word' id='word_1_284' title='bbox 331 2651 441 2685; x_wconf 83' lang='grc' dir='ltr'>τοίνυν</span> <span class='ocrx_word' id='word_1_285' title='bbox 459 2651 543 2683; x_wconf 82' lang='grc' dir='ltr'>ὅπου</span> <span class='ocrx_word' id='word_1_286' title='bbox 561 2650 599 2682; x_wconf 79' lang='grc' dir='ltr'>τὸ</span> <span class='ocrx_word' id='word_1_287' title='bbox 618 2651 752 2690; x_wconf 80' lang='grc' dir='ltr'>Πνεῦμα</span> <span class='ocrx_word' id='word_1_288' title='bbox 770 2648 837 2680; x_wconf 80' lang='grc' dir='ltr'>ἐκεῖ</span> <span class='ocrx_word' id='word_1_289' title='bbox 853 2648 905 2680; x_wconf 84' lang='grc' dir='ltr'>καὶ</span> <span class='ocrx_word' id='word_1_290' title='bbox 922 2646 1107 2689; x_wconf 82' lang='grc' dir='ltr'>ἐλευθερία,</span> <span class='ocrx_word' id='word_1_291' title='bbox 1126 2646 1244 2678; x_wconf 81' lang='grc' dir='ltr'>οὐκοῦν</span> <span class='ocrx_word' id='word_1_292' title='bbox 1259 2643 1439 2686; x_wconf 77' lang='grc' dir='ltr'>ἐλεύθερον</span> <span class='ocrx_word' id='word_1_293' title='bbox 1455 2644 1492 2676; x_wconf 89' lang='grc' dir='ltr'>τὸ</span> <span class='ocrx_word' id='word_1_294' title='bbox 1509 2644 1638 2685; x_wconf 87' lang='grc' dir='ltr'>πνεῦμα</span> <span class='ocrx_word' id='word_1_295' title='bbox 1655 2642 1737 2674; x_wconf 84' lang='grc' dir='ltr'>κατὰ</span> <span class='ocrx_word' id='word_1_296' title='bbox 1754 2641 1863 2686; x_wconf 75' lang='grc' dir='ltr'>φύσιν</span> 
     </span>
     <span class='ocr_line' id='line_1_33' title="bbox 287 2688 1862 2740; baseline -0.007 -8"><span class='ocrx_word' id='word_1_297' title='bbox 287 2699 361 2732; x_wconf 75' lang='grc' dir='ltr'>ἔστι</span> <span class='ocrx_word' id='word_1_298' title='bbox 389 2698 440 2730; x_wconf 76' lang='grc' dir='ltr'>καὶ</span> <span class='ocrx_word' id='word_1_299' title='bbox 458 2698 522 2740; x_wconf 77' lang='grc' dir='ltr'>ἕξω</span> <span class='ocrx_word' id='word_1_300' title='bbox 538 2699 603 2729; x_wconf 84' lang='grc' dir='ltr'>τῶν</span> <span class='ocrx_word' id='word_1_301' title='bbox 620 2696 676 2737; x_wconf 81' lang='grc' dir='ltr'>τῆς</span> <span class='ocrx_word' id='word_1_302' title='bbox 702 2694 855 2728; x_wconf 84' lang='grc' dir='ltr'>δουλείας</span> <span class='ocrx_word' id='word_1_303' title='bbox 881 2693 955 2726; x_wconf 75' lang='grc' dir='ltr'>ἐστὶ</span> <span class='ocrx_word' id='word_1_304' title='bbox 980 2692 1110 2734; x_wconf 84' lang='grc' dir='ltr'>μέτρων</span> <span class='ocrx_word' id='word_1_305' title='bbox 1127 2692 1179 2724; x_wconf 77' lang='grc' dir='ltr'>καὶ</span> <span class='ocrx_word' id='word_1_306' title='bbox 1200 2691 1340 2735; x_wconf 80' lang='grc' dir='ltr'>γενητὸν</span> <span class='ocrx_word' id='word_1_307' title='bbox 1357 2690 1420 2734; x_wconf 79' lang='grc' dir='ltr'>οὐχ</span> <span class='ocrx_word' id='word_1_308' title='bbox 1438 2690 1593 2732; x_wconf 79' lang='grc' dir='ltr'>ὑπάρχει,</span> <span class='ocrx_word' id='word_1_309' title='bbox 1611 2688 1701 2721; x_wconf 76' lang='grc' dir='ltr'>ἀλλὰ</span> <span class='ocrx_word' id='word_1_310' title='bbox 1720 2689 1862 2721; x_wconf 84' lang='grc' dir='ltr'>συντάτ-</span> 
     </span>
     <span class='ocr_line' id='line_1_34' title="bbox 287 2733 1861 2786; baseline -0.007 -9"><span class='ocrx_word' id='word_1_311' title='bbox 287 2758 377 2778; x_wconf 81' lang='grc' dir='ltr'>τεται</span> <span class='ocrx_word' id='word_1_312' title='bbox 395 2744 434 2786; x_wconf 79' lang='grc' dir='ltr'>τῇ</span> <span class='ocrx_word' id='word_1_313' title='bbox 453 2742 608 2776; x_wconf 74' lang='grc' dir='ltr'>ἀνωτάτω</span> <span class='ocrx_word' id='word_1_314' title='bbox 626 2742 678 2774; x_wconf 77' lang='grc' dir='ltr'>καὶ</span> <span class='ocrx_word' id='word_1_315' title='bbox 696 2739 863 2785; x_wconf 74' lang='grc' dir='ltr'>ἐλευθέρῳ</span> <span class='ocrx_word' id='word_1_316' title='bbox 882 2739 961 2782; x_wconf 76' lang='lat' dir='ltr'>(Sic)</span> <span class='ocrx_word' id='word_1_317' title='bbox 979 2737 1096 2782; x_wconf 72' lang='grc' dir='ltr'>φύσει·</span> <span class='ocrx_word' id='word_1_318' title='bbox 1121 2740 1249 2780; x_wconf 83' lang='grc' dir='ltr'>πνεῦμα</span> <span class='ocrx_word' id='word_1_319' title='bbox 1268 2737 1319 2780; x_wconf 87' lang='grc'>(7)</span> <span class='ocrx_word' id='word_1_320' title='bbox 1341 2736 1388 2769; x_wconf 88' lang='lat' dir='ltr'>H.</span> <span class='ocrx_word' id='word_1_321' title='bbox 1560 2736 1593 2768; x_wconf 83' lang='grc'>8.</span> <span class='ocrx_word' id='word_1_322' title='bbox 1621 2734 1731 2777; x_wconf 83' lang='grc' dir='ltr'>διῆκον</span> <span class='ocrx_word' id='word_1_323' title='bbox 1751 2733 1798 2767; x_wconf 89' lang='grc' dir='ltr'>Η.</span> <span class='ocrx_word' id='word_1_324' title='bbox 1817 2733 1861 2767; x_wconf 86' lang='lat' dir='ltr'>cf.</span> 
     </span>
     <span class='ocr_line' id='line_1_35' title="bbox 288 2780 1863 2834; baseline -0.006 -10"><span class='ocrx_word' id='word_1_325' title='bbox 288 2802 394 2834; x_wconf 81' lang='lat' dir='ltr'>supra</span> <span class='ocrx_word' id='word_1_326' title='bbox 412 2802 445 2833; x_wconf 91' lang='lat' dir='ltr'>p.</span> <span class='ocrx_word' id='word_1_327' title='bbox 462 2788 540 2833; x_wconf 85' lang='lat'>326,</span> <span class='ocrx_word' id='word_1_328' title='bbox 559 2798 611 2829; x_wconf 88' lang='lat'>15.</span> <span class='ocrx_word' id='word_1_329' title='bbox 630 2787 665 2820; x_wconf 86' lang='grc' dir='ltr'>δέ</span> <span class='ocrx_word' id='word_1_330' title='bbox 684 2785 762 2829; x_wconf 79' lang='grc' dir='ltr'>ἧκον</span> <span class='ocrx_word' id='word_1_331' title='bbox 776 2785 842 2818; x_wconf 91' lang='lat' dir='ltr'>Ed.</span> <span class='ocrx_word' id='word_1_332' title='bbox 943 2795 1064 2826; x_wconf 78' lang='lat'>11—-24,</span> <span class='ocrx_word' id='word_1_333' title='bbox 1084 2783 1234 2826; x_wconf 82' lang='grc' dir='ltr'>(οὐκοῦν)</span> <span class='ocrx_word' id='word_1_334' title='bbox 1252 2782 1353 2815; x_wconf 85' lang='lat' dir='ltr'>nobis</span> <span class='ocrx_word' id='word_1_335' title='bbox 1372 2780 1572 2825; x_wconf 75' lang='lat' dir='ltr'>suppeditat</span> <span class='ocrx_word' id='word_1_336' title='bbox 1592 2780 1640 2814; x_wconf 91' lang='lat' dir='ltr'>H.</span> <span class='ocrx_word' id='word_1_337' title='bbox 1722 2780 1774 2814; x_wconf 88' lang='lat'>18.</span> <span class='ocrx_word' id='word_1_338' title='bbox 1792 2781 1863 2815; x_wconf 81' lang='grc' dir='ltr'>τοῖς</span> 
     </span>
     <span class='ocr_line' id='line_1_36' title="bbox 291 2826 1863 2878; baseline -0.007 -8"><span class='ocrx_word' id='word_1_339' title='bbox 291 2836 379 2870; x_wconf 83' lang='lat' dir='ltr'><strong>Cod.</strong></span> <span class='ocrx_word' id='word_1_340' title='bbox 397 2836 483 2869; x_wconf 84' lang='lat' dir='ltr'><strong>forte</strong></span> <span class='ocrx_word' id='word_1_341' title='bbox 501 2833 689 2878; x_wconf 83' lang='lat' dir='ltr'>legendum</span> <span class='ocrx_word' id='word_1_342' title='bbox 708 2833 819 2877; x_wconf 78' lang='grc' dir='ltr'>ζυγοῖς</span> <span class='ocrx_word' id='word_1_343' title='bbox 836 2831 895 2864; x_wconf 86' lang='lat' dir='ltr'><strong>lin.</strong></span> <span class='ocrx_word' id='word_1_344' title='bbox 917 2842 968 2875; x_wconf 82' lang='lat'>19.</span> <span class='ocrx_word' id='word_1_345' title='bbox 1069 2841 1120 2873; x_wconf 86' lang='lat'>19.</span> <span class='ocrx_word' id='word_1_346' title='bbox 1147 2828 1334 2873; x_wconf 71' lang='lat' dir='ltr'>legendum</span> <span class='ocrx_word' id='word_1_347' title='bbox 1352 2834 1390 2861; x_wconf 80' lang='lat' dir='ltr'>ut</span> <span class='ocrx_word' id='word_1_348' title='bbox 1407 2827 1477 2862; x_wconf 80' lang='lat' dir='ltr'>vid.</span> <span class='ocrx_word' id='word_1_349' title='bbox 1494 2826 1645 2871; x_wconf 83' lang='grc' dir='ltr'>προθείη.</span> <span class='ocrx_word' id='word_1_350' title='bbox 1742 2837 1797 2860; x_wconf 84' lang='lat'>21.</span> <span class='ocrx_word' id='word_1_351' title='bbox 1821 2826 1863 2860; x_wconf 88' lang='grc' dir='ltr'>τὰ</span> 
     </span>
     <span class='ocr_line' id='line_1_37' title="bbox 288 2871 1860 2926; baseline -0.007 -10"><span class='ocrx_word' id='word_1_352' title='bbox 288 2881 454 2926; x_wconf 78' lang='grc' dir='ltr'>ὑπόζυγα]</span> <span class='ocrx_word' id='word_1_353' title='bbox 474 2879 661 2925; x_wconf 75' lang='lat' dir='ltr'>legendum</span> <span class='ocrx_word' id='word_1_354' title='bbox 680 2884 718 2913; x_wconf 80' lang='lat' dir='ltr'>ut</span> <span class='ocrx_word' id='word_1_355' title='bbox 734 2877 804 2912; x_wconf 82' lang='lat' dir='ltr'>vid.</span> <span class='ocrx_word' id='word_1_356' title='bbox 823 2879 860 2911; x_wconf 87' lang='grc' dir='ltr'>τὸ</span> <span class='ocrx_word' id='word_1_357' title='bbox 878 2878 941 2911; x_wconf 75' lang='grc' dir='ltr'>ὑπὸ</span> <span class='ocrx_word' id='word_1_358' title='bbox 961 2875 1053 2921; x_wconf 80' lang='grc' dir='ltr'>ζύγα.</span> <span class='ocrx_word' id='word_1_359' title='bbox 1216 2875 1269 2909; x_wconf 83' lang='lat'>26.</span> <span class='ocrx_word' id='word_1_360' title='bbox 1297 2875 1333 2908; x_wconf 79' lang='grc' dir='ltr'>τὸ</span> <span class='ocrx_word' id='word_1_361' title='bbox 1352 2874 1500 2908; x_wconf 82' lang='grc' dir='ltr'>-αὐτοῦ</span> <span class='ocrx_word' id='word_1_362' title='bbox 1518 2884 1623 2917; x_wconf 80' lang='lat' dir='ltr'><strong>supra</strong></span> <span class='ocrx_word' id='word_1_363' title='bbox 1640 2872 1709 2906; x_wconf 79' lang='lat' dir='ltr'>fere</span> <span class='ocrx_word' id='word_1_364' title='bbox 1726 2871 1860 2906; x_wconf 76' lang='lat' dir='ltr'>exhibi-</span> 
     </span>
     <span class='ocr_line' id='line_1_38' title="bbox 289 2925 595 2963; baseline -0.01 0"><span class='ocrx_word' id='word_1_365' title='bbox 289 2937 366 2963; x_wconf 70' lang='lat' dir='ltr'>tum</span> <span class='ocrx_word' id='word_1_366' title='bbox 385 2929 439 2962; x_wconf 84' lang='lat' dir='ltr'>hic</span> <span class='ocrx_word' id='word_1_367' title='bbox 458 2939 526 2961; x_wconf 87' lang='lat' dir='ltr'>om.</span> <span class='ocrx_word' id='word_1_368' title='bbox 549 2925 595 2960; x_wconf 89' lang='lat' dir='ltr'>H.</span> 
     </span>
    </p>
   </div>
   <div class='ocr_carea' id='block_1_10' title="bbox 1952 0 1997 2658">
    <p class='ocr_par' dir='ltr' id='par_1_10' title="bbox 1952 0 1997 2658">
     <span class='ocr_line' id='line_1_39' title="bbox 1952 0 1997 2658; baseline 0 0"><span class='ocrx_word' id='word_1_369' title='bbox 1952 0 1997 2658; x_wconf 95' lang='lat' dir='ltr'> </span> 
     </span>
    </p>
   </div>
  </div>
 </body>
</html>
