2012 3272
99 138 181 178 xxi.
207 150 354 191 15-17.
432 137 505 177 IN
549 136 590 176 S.
622 136 962 176 JOANNEM.
1016 136 1142 176 LIB.
1172 136 1275 177 XII.
1329 137 1463 177 CAP.
1493 137 1526 177 Ῑ.
1606 138 1683 177 165

99 248 272 315 ἐξαιτεῖ
305 246 351 298 δὲ
390 251 545 309 εἰπεῖν,
573 251 608 297 εἰ
645 249 719 297 καὶ
755 245 887 298 πλέον
913 252 1006 296 τῶν
1034 247 1202 296 ἄλλων
1233 251 1424 315 ἀγαπᾷ.
1478 249 1552 297 καὶ
1592 247 1685 311 γάρ

99 351 170 379 τοι
206 327 323 379 κατὰ
357 328 593 393 ἀλήθειαν,
622 329 701 380 ἅτε
731 328 786 392 δὴ
814 331 889 379 καὶ
925 329 1128 394 μείζονος
1157 328 1494 381 ἀπολελαυκὼς
1522 329 1680 397 ἀνεξι-

99 410 273 472 κακίας,
295 413 368 461 καὶ
397 413 529 462 οἱονεὶ
555 411 887 479 πλουσιωτέρα
914 413 1030 478 χειρὶ
1057 410 1143 474 τὴν
1169 416 1252 461 τοῦ
1276 410 1685 474 πλημμελήματος

100 492 413 555 κομισάμενος
435 493 623 561 ἄφεσιν,
642 496 723 557 τῆς
744 498 838 543 τῶν
863 493 1031 543 ἄλλων
1053 493 1240 558 ἀγάπης
1265 492 1451 558 μείζονα
1476 496 1578 545 πῶς
1604 493 1687 542 οὐκ

57 587 79 625 5
100 574 156 624 ἂν
183 575 368 628 εἰκότως
397 576 641 644 συλλέξας
669 577 716 625 ἐν
742 577 909 644 ἑαυτῷ,
940 580 1039 628 ταῖς
1079 578 1140 629 εἰς
1176 575 1320 640 ἄκρον
1350 575 1572 638 ἡκούσαις
1607 575 1682 625 εὐ·
1706 596 1727 622 c

101 657 243 710 νοίαις
281 656 362 708 τὸν
388 658 630 724 εὐεργέτην
665 657 932 725 ἠμείψατος
974 657 1129 707 κοινὸν
1168 656 1252 721 μὲν
1286 656 1379 723 γὰρ
1406 655 1558 708 ἅπασι
1591 660 1688 709 τοῖς

99 739 247 805 ἁγίοις
288 744 517 803 μαθηταῖς
559 740 612 791 τὸ
657 738 917 806 τετράφθαι
955 738 1073 805 πρὸς
1113 738 1285 807 φυγὴν,
1326 742 1408 802 τῆς
1450 739 1689 790 Ἰουδαίων

99 822 437 887 ἀπανθρωπίας
476 821 717 889 ἀφόρητον
742 823 896 875 αὐτοῖς
934 823 1191 885 ἐντιθείσης
1227 821 1280 872 τὸ
1317 824 1466 883 δεῖμα,
1495 823 1570 871 καὶ
1606 823 1689 884 τῆς

99 909 193 954 τῶν
219 910 525 969 στρατιωτῶν
557 903 834 971 ἀγριότητος
867 903 950 954 τὸν
985 903 1114 967 ὠμὸν
1147 903 1437 967 ἀπειλούσης
1470 903 1688 963 θάνατον,

32 1009 80 1034 10
101 985 176 1036 ὅτε
215 985 584 1055 συλληψόμενοι
622 990 847 1052 παρῆσαν
873 985 955 1036 τὸν
981 986 1189 1050 Ἰησοῦν·
1245 984 1509 1050 ἰδιαζόντως
1542 983 1689 1050 γεμὴν

99 1067 218 1134 πρὸς
252 1068 401 1138 τούτῳ
428 1070 609 1133 συνέβη
634 1069 687 1120 τὸ
719 1075 801 1120 τοῦ
831 1068 1017 1135 Πέτρου
1050 1068 1396 1133 πλημμέλημα,
1423 1065 1478 1118 τὸ
1505 1066 1580 1118 διὰ
1606 1070 1689 1131 τῆς

100 1156 161 1205 εἷς
186 1150 240 1203 τὸ
266 1153 423 1218 τρίτον
450 1152 704 1218 ἀρνήσεως.

175 1236 377 1298 Οὐκοῦν,
403 1237 464 1288 ὡς
490 1233 686 1286 πλείονα
718 1238 811 1284 τῶν
837 1233 1005 1284 ἄλλων
1031 1232 1116 1297 τὴν
1143 1232 1320 1300 ἄφεσιν
1348 1232 1684 1297 κομισάμενος,

0 1387 1 1390 ¹
99 1320 345 1388 ἐξαιτεῖται
385 1319 537 1386 λέγειν
576 1322 611 1370 εἷ
648 1320 722 1370 καὶ
763 1323 929 1370 πλεῖον
964 1319 1146 1386 ἀγαπᾷ·
1193 1318 1313 1368 κατὰ
1349 1317 1443 1384 γὰρ
1481 1317 1567 1382 τὴν
1605 1322 1736 1367 τοῦᾶ

0 1396 1 1402 ¹
34 1419 81 1456 Ι5
102 1404 322 1467 Σωτῆρος
349 1401 525 1470 φωνὴν,
548 1399 584 1470 ᾧ
609 1400 736 1452 πολὺ
763 1401 963 1466 ἀφίεται,
983 1398 1111 1451 πολὺ
1137 1401 1211 1450 καὶ
1238 1400 1494 1464 ἀγαπήσει.
1543 1400 1688 1452 τύπος
1751 1409 1865 1460 S;‚1¹1¹0

100 1483 148 1535 δὲ
187 1484 334 1535 πάλιν
360 1489 459 1537 ταῖς
499 1483 583 1546 μὲν
610 1484 882 1548 ἐκκλησίαις
908 1484 1115 1533 ἐντεῦθεν
1143 1486 1205 1536 εἷς
1239 1481 1293 1533 τὸ
1329 1486 1498 1550 χρῆναι
1531 1482 1688 1549 τρίτον
1750 1459 1870 1493 vu.47.

100 1569 323 1632 διερωτᾶν
364 1565 449 1630 τὴν
495 1570 556 1619 εὶς
596 1564 814 1632 Χριστὸν
854 1566 1116 1630 ὁμολογίαν
1161 1564 1268 1619 τοὺς
1312 1567 1503 1631 ἀγαπᾶν
1549 1562 1691 1615 αὐτὸν

99 1648 361 1712 ἑλομένους,
406 1648 481 1699 διὰ
525 1653 608 1698 τοῦ
650 1650 724 1699 καὶ
769 1651 1056 1712 προσελθεῖν
1099 1651 1165 1716 τῷ
1206 1648 1325 1717 ἁγίῳ
1368 1647 1685 1709 βαπτίσματι.

99 1731 405 1784 διδασκάλοις
444 1730 492 1781 δὲ
531 1735 708 1796 γνῶσις
743 1730 819 1782 διὰ
849 1733 931 1793 τῆς
961 1734 1056 1781 τῶν
1080 1730 1396 1794 προκειμένων
1435 1729 1687 1792 εἶσβεζΒηκε

33 1834 82 1859 20
101 1813 305 1879 θεωρίας,
334 1816 395 1867 ὡς
430 1814 512 1864 οὐκ
548 1812 606 1863 ἂν
632 1812 795 1879 ἑτέρως
830 1811 1194 1878 εὐαρεστήσαιεν
1226 1815 1292 1882 τῷ
1328 1812 1521 1863 πάντων
1547 1812 1682 1878 ἀρχι·
1751 1811 1916 1895 {gfff-4·

99 1895 296 1959 ποιμένι,
323 1894 537 1946 τουτέστι
563 1899 776 1965 Χριστῷ,
804 1899 841 1946 εἰ
875 1894 939 1958 μὴ
966 1897 1048 1958 τῆς
1079 1898 1174 1945 τῶν
1200 1898 1408 1960 λογικῶν
1432 1892 1690 1960 προβάτων

101 1978 357 2043 εὑρωστιάς
378 1979 555 2041 καὶτῆς
576 1982 638 2032 εἰς
663 1977 718 2029 τὸ
746 1979 794 2029 εὖ
821 1976 934 2028 εἶναι
962 1979 1184 2041 διαμονῆς
1210 1981 1417 2027 ποιοῖντο
1444 1975 1687 2044 φροντίδα.
1709 1996 1730 2022 e

101 2058 309 2113 τοιοῦτός
346 2083 415 2113 τις
445 2058 503 2124 ἧν
529 2062 553 2111 ὁ
588 2060 843 2114 θεσπέσιος
872 2064 1084 2121 Παῦλος,
1111 2063 1208 2113 τοῖς
1246 2060 1503 2110 ἀσθενοῦσι
1543 2080 1692 2108 συνα-
1756 2070 1769 2092 1
1790 2060 1866 2091 0⁰¹·-

1751 2104 1796 2135 ix.
1815 2113 1866 2134 22.

102 2145 301 2204 σθενῶν,
340 2141 559 2209 καύχημα
605 2140 652 2193 δὲ
696 2145 778 2205 τῆς
822 2142 938 2195 ἰδίας
978 2143 1258 2204 ἀποστολῆς
1303 2142 1378 2191 καὶ
1419 2139 1574 2208 χαρὰν
1613 2140 1690 2189 καὶ
1754 2148 1840 2221 fhil-
1854 2147 1898 2178 iv.

35 2247 84 2286 25
103 2223 342 2291 στέφανον
382 2223 620 2289 ὀνομάζων
665 2224 771 2277 τοὺς
816 2225 868 2274 δι’
911 2224 1053 2274 αὑτοῦ
1091 2222 1458 2285 πιστεύσαντας,
1498 2226 1575 2272 καὶ
1615 2219 1692 2272 διὰ

0 2322 3 2375 ξ
103 2309 185 2370 τῆς
212 2311 306 2357 τῶν
332 2305 482 2372 ἔργων
508 2304 841 2372 λαμπρότητος
875 2307 1128 2366 εὐδοκιμεῖν
1153 2304 1416 2368 ἑλομένους.
1474 2303 1572 2372 ᾔδει
1598 2302 1692 2369 γὰρ

0 2379 3 2439 Ῐ
43 2418 52 2443 ;
102 2386 200 2455 ᾔδει
239 2391 321 2452 τῆς
356 2393 417 2442 εἰς
456 2387 672 2454 Χριστὸν
710 2388 888 2441 τελείας
927 2387 1115 2453 ἀγάπης
1155 2386 1336 2453 καρπὸν
1375 2384 1488 2448 εἶναι
1526 2391 1693 2437 τοῦτον

102 2472 303 2538 ἐμφανῆ.
356 2474 580 2540 λογισμῷ
617 2469 664 2521 δὲ
697 2475 837 2521 τοῦτο
871 2474 1004 2538 καλῷ
1043 2493 1091 2520 τε
1133 2471 1209 2520 καὶ
1250 2471 1416 2537 ἀγαθῷ
1455 2467 1693 2535 θεωρήσαι

103 2575 171 2605 τις
209 2553 283 2603 ἄν.
337 2556 373 2603 εἰ
413 2551 506 2618 γὰρ
544 2552 774 2603 ἀπέθανεν
814 2552 928 2618 ὑπὲρ
967 2552 1114 2616 ἡμῶν,
1140 2556 1240 2605 πῶς
1280 2552 1362 2602 οὐκ
1403 2550 1459 2601 ἂν
1498 2550 1694 2614 ἀπάσης

37 2659 88 2696 30
107 2634 283 2703 ἠξίωσε
303 2635 552 2703 φροντίδος
580 2634 664 2698 τὴν
681 2633 904 2685 ἁπάντων
926 2635 1059 2698 ἡμῶν
1075 2634 1314 2699 σωτηρίαν
1335 2635 1410 2684 καὶ
1438 2632 1557 2699 ζωήν
1579 2654 1589 2693 ;
1619 2634 1694 2683 καὶ

7 2697 10 2722 1

7 2724 10 2746 '1

154 2811 188 2846 5.
213 2803 342 2838 ἑαυτοῖς
361 2801 402 2836 Ε.
625 2813 677 2836 12.
702 2802 741 2836 τὸ
758 2808 979 2847 assumptum
1000 2813 1041 2835 ex
1061 2801 1104 2835 E.
1315 2813 1366 2844 14.
1392 2803 1512 2836 πλεῖον
1528 2799 1633 2836 habet
1652 2797 1694 2831 E.

107 2849 190 2882 κατὰ
208 2849 291 2882 EF.
312 2848 378 2882 Ed.
397 2860 470 2894 mg.
489 2849 543 2882 καὶ
562 2848 628 2883 Ed.
823 2859 876 2894 19.
904 2849 1109 2883 ὃιὸασκάλοι
1128 2847 1171 2882 Ε.
1364 2859 1418 2883 20.
1443 2848 1493 2882 ἰ’σ.
1511 2844 1694 2890 εὐαρεστή-

107 2908 203 2928 σειαν
221 2895 287 2929 Ed.
304 2907 378 2940 mg.
396 2895 661 2940 εὖαρεστὴσαιεν
678 2894 783 2929 habet
803 2895 839 2930 F.
1002 2904 1058 2940 ²5·
1084 2893 1297 2930 πιστεύσασι
1316 2895 1358 2930 E.
1519 2892 1574 2926 26.
1599 2888 1691 2935 ᾔδει]

109 2941 233 2983 ἥιδεται
252 2941 331 2985 (Sic)
351 2942 393 2976 E.
