2012 3272
38 590 60 627 (τι

15 1005 61 1030 10

11 1824 61 1849 20

481 139 640 179 RESP.
673 138 754 180 AD
786 138 896 180 TIB.
932 138 1281 180 SOCIOSQUE.
1591 139 1671 178 585

84 248 225 298 αὐτοῦ
251 254 334 298 τοῦ
357 251 486 310 Υὶοῦ,
507 252 607 300 πῶς
635 249 717 297 οὐκ
744 246 836 298 οἶδε
864 247 921 296 τὰ
947 249 995 297 ἐν
1021 251 1087 315 τῷ
1115 249 1215 315 ἰδίῳ
1246 248 1405 313 Πατρί
1420 270 1431 307 ;
1472 252 1674 298 πολλῶν

82 335 331 395 τοιγαροῦν
369 333 431 382 εἰς
469 330 667 380 ἀτοπίαν
701 332 888 380 ἐννοιῶν
920 333 1244 379 συνωθουσῶν
1283 329 1366 379 τὸν
1398 331 1556 392 ἀμαθῆ
1598 332 1673 380 καὶ

81 411 312 475 κίβδηλον
350 411 533 461 ἐκείνων
572 410 733 474 λόγον,
762 413 1016 476 ἀναγκαῖον
1055 411 1209 460 ἐλθεῖν
1250 412 1322 461 ἐπὶ
1362 410 1448 474 τὴν
1487 414 1665 461 οὶκονο-
1693 437 1713 460 (ἐ

79 492 207 554 μίαν,
237 493 384 561 φάναι
423 515 486 554 τε,
524 493 598 543 ὅτι
639 492 878 560 πεφόρηκε
921 491 1005 555 μὲν
1047 492 1071 541 ὁ
1109 492 1386 556 Μονογενὴς
1427 498 1510 543 τοῦ
1547 496 1673 543 Θεοῦ

82 572 238 639 Λόγος
276 574 394 636 μετὰ
432 577 514 638 τῆς
554 573 917 640 ἀνθρωπότητος
956 575 1031 624 καὶ
1069 572 1226 624 πάντα
1265 573 1325 623 τὰ
1363 575 1527 637 αὐτῆς,
1564 576 1673 641 δίχα

80 652 225 719 μόνης
255 656 499 721 ἁμαρτίας.
543 656 904 721 ἀνθρωπότητος
944 655 991 705 δὲ
1030 655 1215 720 με’τροις
1249 655 1418 720 πρέποι
1460 655 1517 706 ἂν
1546 655 1666 707 εἰκό-

80 760 172 790 τως
210 740 285 788 καὶ
321 737 374 789 τὸ
401 739 588 802 ἀγνοεῖν
614 736 672 787 τὰ
711 736 929 800 ἐσόμενα·
984 738 1151 787 οὐκοῦν
1191 739 1296 788 καθ’
1327 736 1351 788 ὃ
1386 736 1471 801 μὲν
1503 742 1672 789 νοεῖται

81 818 216 881 Θεὸς,
244 818 337 870 οἶδε
375 819 531 870 πάντα
570 819 665 869 ὅσα
701 820 775 869 καὶ
801 820 826 868 ὁ
856 818 1042 883 Πατήρ·
1099 819 1208 869 καθ’
1240 818 1264 869 ’ὸ
1298 819 1448 884 γεμὴν
1487 820 1670 886 ἅνθρω-

79 923 168 954 πος
195 902 220 951 ὁ
245 900 397 963 αὐτὸς,
424 902 506 951 οὐκ
542 901 813 952 ἀποσείεται
847 900 900 951 τὸ
938 902 1015 950 καὶ
1048 902 1284 965 ἀγνοῆσαι
1317 903 1486 964 δοκεῖν,
1517 901 1593 952 διὰ
1619 901 1675 952 τὸ

80 986 138 1050 τῇ
170 982 496 1048 ἀνθρωπότητι
528 982 724 1048 πρέπον.
782 980 948 1047 ὥσπερ
976 981 1022 1032 δὲ
1050 980 1190 1035 αὐτὸς
1218 980 1283 1032 ῶν
1309 983 1336 1046 ἡ
1362 982 1554 1034 πάντων
1581 982 1672 1049 ζωὴ

80 1065 155 1114 καὶ
197 1064 387 1126 δύναμις
429 1064 613 1132 τροφὴν
654 1063 834 1130 ἐδέχετο
874 1061 1166 1126 σωματικὴν,
1211 1065 1294 1115 οὐκ
1339 1063 1573 1130 ἀτιμάζων
1618 1064 1670 1116 τὸ
1691 1076 1716 1115 d

79 1147 161 1207 τῆς
200 1145 440 1199 κενώσεως
479 1147 662 1210 μέτρον,
689 1146 1044 1210 ἀναγέγραπται
1084 1145 1133 1196 δὲ
1172 1147 1246 1200 καὶ
1279 1147 1438 1197 ὑπνῶν
1477 1148 1553 1198 καὶ
1589 1170 1668 1198 κο-

79 1226 272 1288 πιάσας,
313 1228 433 1277 οὕτω
473 1230 548 1277 καὶ
587 1226 742 1277 πάντα
781 1225 909 1280 εἰδὼς
952 1225 1038 1289 τὴν
1076 1231 1134 1293 τῇ
1176 1225 1504 1293 ἀνθρωπότητι
1550 1228 1664 1294 πρέ-

79 1330 268 1358 πουσαν
295 1308 488 1373 ἄγνοιαν
515 1310 598 1359 οὐκ
631 1310 820 1378 ἐρυθριᾷ
857 1308 1143 1373 προσνέμων
1170 1309 1337 1377 ἑαυτῷ·
1387 1309 1550 1374 γέγονε
1577 1309 1670 1375 γὰρ

81 1390 223 1439 αὑτοῦ
261 1389 417 1441 πάντα
455 1389 514 1440 τὰ
552 1393 634 1453 τῆς
673 1389 1055 1454 ἀνθρωπότητος,
1087 1391 1197 1456 δίχα
1235 1389 1381 1454 μόνης
1420 1390 1664 1457 ἁμαρτίας.

79 1469 233 1535 ἐπειδὴ
273 1471 321 1522 δὲ
361 1471 420 1522 τὰ
466 1470 580 1536 ὑπὲρ
617 1471 806 1525 ἑαυτοὺς
849 1472 1024 1535 ἤθελον
1068 1475 1111 1521 οἱ
1151 1473 1358 1534 μαθηταὶ
1400 1471 1669 1535 μανθάνειν,

79 1550 343 1615 σκήπτεται
369 1554 618 1620 χρησίμως
644 1551 698 1602 τὸ
725 1552 789 1616 μὴ
816 1552 980 1603 εἰδέναι
1003 1551 1120 1603 καθὸ
1149 1553 1409 1617 ἄνθρωπος,
1427 1554 1508 1603 καί
1529 1558 1667 1621 φησι,

78 1633 194 1696 μηδὲ
236 1632 402 1686 αὐτοὺς
443 1634 607 1684 εἰδέναι
647 1632 755 1687 τοὺς
798 1633 915 1685 κατὰ
961 1633 1043 1684 τὸν
1089 1633 1288 1698 οὐρανὸν
1333 1633 1469 1688 ὄντας
1510 1636 1708 1700 ἀγίουςο

80 1715 331 1779 ἀγγέλους,
361 1715 436 1765 ἵνα
474 1714 538 1779 μὴ
581 1720 822 1767 λυπῶνται
856 1717 917 1769 ὡς
949 1713 1015 1783 μὴ
1043 1714 1349 1782 θαῤῥηθέντες
1388 1715 1442 1766 τὸ
1479 1716 1665 1780 μυστήρ-

78 1817 194 1861 ριον.

1686 1897 1708 1921 a
1728 1889 1817 1922 390
1838 1887 1891 1924 A.

81 1947 189 1999 Πρὸς
220 1948 305 1991 τοὺς
335 1948 524 2001 λέγοντας
554 1949 612 1988 ὅτι
645 1950 770 1991 ἰδικῶς
801 1950 821 1989 ὁ
854 1951 983 2002 Λόγος
1014 1951 1171 2001 ἐνεργεῖ
1198 1952 1265 1991 τὰς
1296 1951 1520 2000 θεοσημίας,
1557 1949 1668 1995 οὐδὲν
1688 1944 1746 1985 Ε’-

395 2021 487 2073 πρὸς
509 2024 621 2062 τοῦτο
645 2023 811 2076 ἐχούσης
833 2025 901 2073 τῆς
922 2023 1034 2075 ἁγίας
1056 2022 1171 2062 αὐτοῦ
1193 2022 1347 2073 σαρκός.

700 2155 1050 2192 ΕΠΙΛΎΣΙΣ.

150 2247 275 2301 Τοὺς
321 2247 368 2298 δὲ
413 2248 655 2313 λε’γοντας,
696 2247 768 2298 ιὅτι
823 2249 877 2298 οὐ
924 2247 1015 2314 χρὴ
1065 2252 1340 2299 κοινοποιεΐν
1382 2247 1468 2311 τὴν
1508 2247 1667 2315 σάρκα

128 2384 158 2406 Ι.
177 2371 268 2418 υἱοῦ]
287 2375 433 2418 χριστοῦ
451 2378 487 2408 Γ.
544 2372 664 2418 πατρί]
682 2377 718 2411 -Ι-
737 2374 754 2406 ὁ
772 2373 842 2407 υἱός
858 2385 893 2408 n.
947 2372 1015 2407 Pro
1031 2373 1145 2417 πατρί,
1159 2373 1285 2415 legisse
1301 2372 1464 2416 πνεύματι
1478 2372 1616 2407 videtur
1630 2379 1666 2409 Γ.

77 2431 112 2461 4.
146 2420 336 2464 πεφόρεκεν
367 2420 451 2453 D.n.
513 2419 638 2453 Statim
671 2420 732 2463 μὲν
761 2431 830 2452 om.
866 2431 902 2452 n.
975 2422 1035 2453 τοῦ
1069 2422 1157 2453 Θεοῦ
1189 2421 1299 2464 Λόγος
1331 2419 1398 2452 hoc
1432 2419 1554 2452 ordine
1582 2420 1665 2457 A,.n.

77 2466 110 2499 6.
135 2464 255 2510 μόνης]
277 2469 314 2506 —4-
335 2467 394 2510 τῆς
412 2465 477 2500 Ed.
497 2466 777 2510 repugnantibus
795 2465 931 2499 A.D.n.
991 2466 1251 2509 ἀνθρωπότητος
1265 2465 1301 2499 δὲ
1315 2465 1429 2509 p..hoc
1448 2465 1665 2508 ordinQAm.

75 2512 197 2556 πρέπει
215 2511 282 2546 Ed.
441 2513 473 2547 8.
499 2514 518 2546 ὁ
537 2518 759 2556 assumptum
778 2523 820 2545 ex
838 2512 972 2546 A.D.n.
1038 2512 1123 2546 καθὰ
1140 2524 1204 2555 pro
1223 2511 1298 2545 καθ’
1318 2511 1336 2545 ὃ
1354 2512 1398 2546 Α.
1545 2523 1598 2546 10.
1624 2515 1664 2556 τῇ

79 2557 313 2602 ἇνθρωπότητι
330 2557 458 2602 πρέπον
475 2558 542 2593 hoc
562 2558 683 2592 ordine
702 2559 784 2592 A.n.
854 2558 994 2602 πρέπειν
1011 2558 1078 2593 Ed.
1096 2559 1206 2592 invito
1225 2558 1272 2594 D.
1341 2557 1458 2603 αὐτὸς]
1479 2560 1497 2591 ὁ
1514 2558 1613 2593 αὐτὸς
1629 2571 1665 2592 n.

75 2605 210 2638 πάντων
228 2605 292 2648 ζωὴ
311 2612 344 2638 et
361 2604 498 2649 ἐδέχετο
517 2604 710 2647 σωματικὴν
727 2604 794 2639 hoc
813 2604 935 2638 Ordine
953 2605 1036 2638 A.n.
1287 2615 1339 2638 11.
1366 2605 1426 2638 οὐκ
1443 2605 1611 2648 ἀτιμάζων
1627 2607 1665 2639 τὸ

78 2651 138 2692 τῆς
154 2653 326 2685 κενώσεως
342 2650 410 2684 hoc
424 2651 549 2684 ordine
563 2651 610 2688 A.
629 2652 667 2684 τὸ
684 2652 743 2694 τῆς
760 2652 933 2686 κενώσεως
949 2651 1009 2685 οὐκ
1026 2651 1193 2694 ἀτιμάζων
1211 2650 1277 2687 Ed.
1545 2662 1598 2695 13.
1625 2653 1664 2695 τῇ

75 2696 306 2740 ἀνθρωπότητι
325 2697 525 2739 πρέπουσαν
542 2697 608 2730 hoc
626 2696 748 2730 ordine
766 2697 849 2731 A.n.
994 2707 1047 2740 15.
1074 2698 1193 2731 ἑαυτοῦ
1211 2709 1247 2731 n.
1319 2696 1438 2742 μόνης]
1464 2701 1499 2736 -ἱ-
1520 2699 1577 2740 τῆς
1596 2697 1663 2730 Ed.

75 2743 356 2787 repugnantibus
374 2743 508 2777 A.D.n.
580 2743 744 2787 ἁμαρτίας
762 2742 834 2777 deS.
852 2755 887 2778 n.
1060 2743 1112 2777 16.
1138 2744 1261 2788 ἤθελον
1278 2743 1309 2776 οἱ
1323 2744 1470 2786 μαθηταὶ
1486 2743 1665 2786 μανθάνειν

76 2787 145 2822 hoc
162 2788 287 2822 ordine
304 2789 349 2823 A.
368 2789 490 2832 ἤθελον
506 2797 587 2833 post
603 2789 780 2831 μανθάνειν
797 2789 995 2834 transponit
1012 2789 1080 2824 Ed.
1190 2790 1243 2823 18.
1270 2790 1353 2823 κατὰ
1370 2791 1429 2823 τὸν
1445 2790 1489 2824 A.
1508 2787 1576 2822 κατ’
1596 2788 1663 2823 Ed.

78 2844 135 2869 21.
160 2840 187 2868 E
205 2834 239 2868 in
259 2847 331 2880 mg.
350 2835 491 2879 reposui
508 2847 526 2868 e
544 2840 580 2868 Γ.
599 2833 634 2868 Δ’
654 2835 794 2869 exhibet
812 2836 843 2868 A
861 2847 934 2880 mg.
1131 2846 1185 2869 22.
1211 2836 1295 2880 πρὸς
1311 2837 1413 2869 τοῦτο
1432 2834 1579 2878 ἐχούσης
1597 2834 1664 2868 hoe

77 2880 198 2914 ordine
215 2881 259 2915 A.
420 2891 477 2925 23.
503 2883 661 2916 επιλυσις
678 2886 714 2915 Γ.
765 2881 806 2915 In
826 2882 857 2915 A
876 2881 981 2916 hodie
998 2893 1070 2915 non
1088 2882 1216 2926 legitur
1234 2882 1391 2925 margine
1409 2881 1661 2914 consarcinato.

79 2928 203 2971 κεφαλ.
222 2941 252 2961 κ.
272 2927 337 2961 Ed.

134 2995 224 3024 vor..
248 2996 314 3024 111.
852 2998 878 3034 4
900 2997 921 3022 F
