2017 3252
303 148 387 190 382
534 150 584 190 B.
621 149 869 190 CYRILLI
914 150 1259 192 ALEXANDR.
1305 149 1676 192 FRAGMENTA
1779 152 1820 194 ii.
1847 163 1882 205 7.

125 231 186 254 110
202 222 251 254 M.

92 222 105 263 [
269 222 465 324 ]δρυται
503 258 681 321 θώκοις,
719 258 774 309 τὸ
812 258 1094 310 δεσποτικὸν
1133 259 1322 327 ἀξίωμα
1365 259 1677 324 περικείμενος
1719 258 1805 310 κᾶν
1848 263 1887 311 εἱ

304 339 494 405 γέγονεν
529 339 622 393 υἱὸς
657 342 833 391 Δαυεὶδ
869 344 1013 403 σῶμα
1053 339 1220 401 λαβὼν
1257 341 1307 390 ἐκ
1345 343 1427 404 τῆς
1465 340 1601 406 ἁγίας
1637 340 1884 407 παρθένου,

304 424 346 471 οἱ
385 420 433 472 δὲ
463 420 821 487 παρεστήκασιν
846 424 908 475 ὡς
935 425 1044 490 Θεῷ
1069 444 1119 472 τε
1151 423 1227 472 καὶ
1264 426 1465 481 βασιλεῖ
1497 426 1591 472 τῶν
1629 422 1768 484 ὅλων,
1795 424 1884 473 τίνι

304 506 400 552 τῶν
437 502 586 553 ὄντων
627 501 915 570 ἀσυμφανὴς
949 503 976 566 ἡ
1002 502 1182 571 μεταξὺ
1209 502 1389 567 κειμένη
1428 502 1630 572 διαφορὰ
1669 507 1886 569 Χριστοῦ

305 585 382 633 καὶ
409 582 628 648 ἀγγέλων
644 605 656 645 3
706 585 731 634 ὁ
757 582 842 647 μὲν
868 582 960 650 γάρ
989 586 1118 634 ἐστιν
1143 583 1257 637 Υἱὸς
1283 586 1358 635 καὶ
1386 584 1519 647 Θεὸς,
1546 588 1588 635 οἱ
1615 583 1663 635 δὲ
1691 583 1745 635 τὸ
1772 588 1882 635 δου-
1906 610 1929 648 5

305 663 538 730 λοπρεπὲς
573 665 774 731 αὐχοῦσι
812 664 981 731 μέτρον
1020 666 1097 715 καὶ
1129 664 1248 731 πρὸς
1292 666 1498 718 εὐκλείας
1537 668 1618 729 τῆς
1663 666 1886 717 ἀνωτάτω

305 744 586 811 λελόγισται
615 746 725 812 παρ’
754 747 910 799 αὐτοῖς
935 745 989 796 τὸ
1015 745 1215 812 γνήσιον
1240 750 1302 800 εἰς
1329 745 1553 810 ὑπακοήν.
1596 749 1633 796 εἶ
1661 745 1708 797 δὲ
1735 746 1792 811 δή
1818 770 1886 801 τις

305 827 437 893 λέγοι
467 831 560 878 Καὶ
595 832 727 880 ποῖος
757 828 878 891 ἡμᾶς
913 828 1155 879 ἀναπείσει
1193 827 1367 893 τρόπος
1406 827 1548 878 αὐτὸν
1585 827 1767 879 οἴεσθαι
1803 827 1886 879 τὸν

305 910 353 959 ἐν
377 908 593 976 ἐσχάτοις
614 914 696 960 τοῦ
722 913 887 963 αἰῶνος
914 914 1087 975 καιροῖς
1114 908 1188 959 διὰ
1214 912 1296 973 τῆς
1319 910 1453 975 ἁγίας
1473 909 1706 975 παρθένου
1725 932 1886 975 γεγεν-

307 991 502 1055 νημένον
528 990 816 1054 θεμελιῶσαί
835 1013 883 1041 τε
913 989 977 1051 τὴν
1002 990 1081 1057 γ’ἦν
1110 994 1210 1043 κατ’
1239 989 1391 1060 ἀρχέις
1419 992 1494 1041 καὶ
1523 990 1690 1045 αὐτοὺς
1716 993 1885 1057 ἐγεῖραι
1908 1019 1955 1044 10

305 1072 412 1126 τοὺς
438 1071 672 1138 οὐρανοὺς,
698 1071 1036 1123 ἀντακούσεται
1067 1073 1175 1139 παρ’
1204 1073 1335 1135 ἡμῶν
1362 1073 1424 1126 ὡς
1458 1072 1584 1138 ε’ίπερ
1611 1073 1765 1124 ἕλοιτο
1799 1072 1885 1138 τὴν

305 1158 387 1218 τῆς
425 1157 631 1218 ἀληθοῦς
670 1154 879 1206 ἑνώσεως
917 1155 1134 1217 ἐννοῆσαι
1175 1155 1383 1217 δύναμιν,
1424 1155 1478 1204 οὐ
1512 1153 1598 1218 τὴν
1636 1156 1684 1205 ἐν
1726 1154 1885 1219 μόνοις

303 1236 579 1302 προσώποις
618 1237 694 1285 καὶ
729 1233 847 1285 κατὰ
878 1234 1077 1298 θέλησιν
1103 1234 1249 1300 ἤγουν
1276 1236 1498 1297 εὐδοκίαν,
1527 1235 1618 1286 ’ίδια
1643 1234 1728 1299 μὲν
1752 1235 1885 1302 εὑρή-

302 1341 379 1369 σει
415 1318 648 1383 γεγονότα
685 1316 761 1367 διά
797 1315 883 1381 τὴν
916 1318 1182 1380 οἰκονομίαν
1220 1322 1303 1367 τοῦ
1341 1321 1465 1368 Θεοῦ
1503 1316 1561 1367 τὰ
1600 1317 1882 1383 ἀνθρώπινα,

303 1400 385 1450 οὐκ
411 1398 643 1464 ἀλλότρια
670 1397 718 1449 δὲ
744 1401 826 1462 τῆς
858 1397 1220 1463 ἀνθρωπότητος
1253 1397 1313 1449 τὰ
1339 1399 1464 1467 αὐτῷ
1498 1400 1574 1449 καὶ
1608 1398 1737 1468 μόνῳ
1773 1399 1882 1465 πρέ-
1907 1418 1953 1455 15

301 1504 453 1533 ποντα
479 1485 546 1550 τῷ
574 1480 787 1531 ἑνωθέντι
815 1478 975 1548 Λόγῳ·
1025 1482 1121 1530 ἐπεὶ
1161 1479 1215 1529 δέ
1247 1482 1378 1530 ἐστιν
1415 1479 1477 1533 εἷς
1515 1481 1589 1530 καὶ
1628 1479 1769 1542 μόνος
1807 1482 1882 1531 καὶ

301 1563 525 1627 ἀληθινὸς
550 1561 663 1616 Υἱὸς
695 1563 720 1612 ὁ
745 1560 1068 1626 Ἐμμανουὴλ,
1096 1566 1265 1612 νοεῖται
1300 1561 1348 1612 δὲ
1383 1560 1500 1628 πρὸς
1526 1562 1657 1626 ἡμῶν
1681 1561 1802 1616 Θεός
1832 1584 1882 1612 τε

302 1646 377 1696 καὶ
405 1644 666 1711 ἄνθρωπος.

80 1793 279 1846 Κεφ.β’,7
648 1787 794 1828 Πάντα
832 1786 1047 1830 ὑπέταξας
1083 1786 1170 1828 τῶν
1208 1786 1355 1828 Ποδῶν
1394 1787 1534 1828 αὐτοῦ.

365 1885 541 1949 ”Ανιθι,
560 1888 697 1956 φησὶ,
715 1892 815 1940 ταῖς
842 1887 1035 1940 ἐννοίαις
1061 1890 1122 1941 εἰς
1147 1886 1233 1951 τὴν
1259 1888 1308 1937 ἐν
1333 1888 1498 1954 ἀρχαῖς
1525 1892 1607 1938 τοῦ
1633 1887 1883 1954 ἀνθρώπου
1902 1914 1951 1939 20

300 1968 595 2033 κατασκευὴν
620 1971 696 2019 καὶ
726 1969 830 2019 τίνα
863 1968 1026 2034 γέγονε
1056 1972 1259 2035 πρῶτον,
1284 1967 1675 2035 πολυπραγμόνει
1706 1967 1756 2019 δὲ
1781 1972 1882 2022 πῶς

298 2049 590 2115 πεποιήμεθα
616 2049 745 2116 παρὰ
770 2054 894 2101 Θεοῦ
914 2051 1013 2101 κατ’
1041 2048 1194 2101 εἰκόνα
1221 2052 1296 2100 καὶ
1323 2051 1548 2114 ὁμοίωσιν
1572 2051 1728 2113 αὐτοῦ,
1754 2073 1878 2101 τετι-

298 2132 486 2197 μήμεθα
535 2131 582 2183 δὲ
625 2132 883 2194 πλουσίως,
933 2131 1093 2199 ἄρχειν
1124 2131 1352 2199 λαχόντες
1392 2136 1485 2182 τῶν
1528 2133 1601 2183 ἐπὶ
1650 2135 1733 2195 τῆς
1772 2134 1876 2196 γῆς.

298 2213 452 2278 ἐπειδὴ
492 2213 540 2266 δὲ
579 2214 606 2278 ἡ
643 2218 724 2264 τοῦ
763 2213 923 2279 γένους
958 2211 1097 2280 ἀρχὴ,
1140 2213 1383 2264 τουτέστιν
1421 2213 1591 2276 Ἀδὰμ,
1629 2213 1713 2277 τὴν
1754 2212 1882 2263 θείαν

298 2296 563 2361 λελύπηκεν
596 2293 806 2358 ἐντολὴν,
833 2294 1058 2358 νενόσηκέ
1084 2317 1133 2345 τε
1171 2293 1340 2345 λοιπὸν
1365 2295 1393 2359 ἡ
1425 2295 1675 2361 ἀνθρώπου
1704 2292 1881 2345 διάνοια
1900 2318 1947 2355 25

297 2377 351 2429 τὸ
396 2378 505 2428 λίαν
545 2377 858 2442 εὐποῖροιστον
908 2380 971 2429 εἷς
1014 2375 1068 2426 τὸ
1112 2375 1406 2439 πλημμελὲς,
1452 2376 1670 2443 ταύτῃτοι
1714 2376 1880 2441 γυμνοὶ

299 2459 440 2527 δόξης
476 2461 551 2510 καὶ
589 2459 861 2527 ἀφθαρσίας
887 2459 962 2508 καὶ
987 2462 1082 2508 τῶν
1107 2459 1155 2507 ἐν
1180 2459 1345 2524 ἀρχαῖς
1369 2459 1562 2522 ἀγαθῶν
1588 2461 1880 2519 διετελοῦμεν

297 2541 345 2590 ἐν
376 2539 557 2609 κόσμῳ·
600 2539 893 2601 σεσώσμεθα
928 2538 975 2589 δὲ
1014 2537 1090 2589 διὰ
1117 2542 1348 2603 Χριστοῦ,
1389 2540 1465 2588 καὶ
1503 2542 1561 2606 τῇ
1599 2539 1709 2605 παρ’
1738 2539 1879 2589 αὑτοῦ

297 2619 452 2687 χάριτι
493 2619 752 2684 κεκτήμεθα
795 2618 854 2669 τὰ
896 2617 1014 2684 πρὸς
1059 2617 1306 2685 ἀνάληψιν
1347 2623 1440 2669 τῶν
1481 2619 1633 2670 πάλαι
1675 2622 1874 2686 δεδωρη-

297 2702 461 2765 μένων.
513 2705 607 2752 τῶν
642 2700 863 2751 τοιούτων
895 2698 1195 2765 διηγημάτων
1222 2700 1246 2749 ὁ
1273 2704 1366 2750 τῶν
1392 2700 1706 2766 προκειμένων
1732 2699 1877 2766 λόγος
1895 2730 1946 2765 30

297 2783 544 2850 εἰσκομίζει
582 2782 635 2833 τὸ
674 2781 872 2835 πλάτος·
928 2780 1218 2844 κατατέθηπε
1251 2780 1342 2848 γὰρ
1370 2782 1394 2831 ὁ
1421 2781 1673 2836 θεσπέσιος
1700 2782 1877 2832 Δαυεὶδ

344 2890 376 2924 6.
403 2891 548 2935 αὐχοῦσι
567 2888 654 2923 Cod.
673 2889 793 2933 ἔχουσι
812 2887 870 2921 Cr.
1010 2886 1063 2921 16.
1090 2888 1142 2921 καὶ
1160 2888 1218 2922 alt.
1238 2888 1353 2922 omisit
1373 2887 1430 2922 Cr.
1565 2899 1619 2922 20.
1645 2899 1662 2922 e
1681 2899 1710 2922 c.
1729 2887 1788 2922 fol.
1808 2897 1874 2931 249

297 2937 356 2982 qui
375 2938 392 2970 ὁ
409 2938 569 2981 μακάριος
587 2936 620 2971 δέ
641 2934 811 2980 Κύριλλός
828 2936 936 2978 φησιν
954 2933 1156 2979 praemittit.
