1981 3247
255 144 330 179 620

309 262 449 298 tionem
473 273 549 297 non
569 261 782 309 tangendus
809 261 880 297 nisi
899 260 1012 309 puris,

310 338 373 368 sc„
402 338 469 373 per
495 324 675 373 Spiritum
696 325 877 362 Sanctum
907 337 1013 361 sanc—

309 389 459 427 tificatis
482 391 597 432 1085,
623 391 723 427 1086
762 389 926 426 ecclesiis
946 389 1016 424 hac

310 455 347 490 in
367 467 407 491 re
426 460 539 503 typus
564 456 678 491 1086.

257 518 430 555 Christus
457 519 607 555 locutus
635 523 692 554 est
722 518 759 554 in
788 518 940 567 Angelis
971 517 1016 553 ad

310 582 549 631 sepulchrum
575 584 675 619 1082
697 595 729 619 e.

256 647 428 685 Christus
476 647 696 683 Passionem
746 652 898 694 propter
948 658 1017 681 nos

309 712 441 754 voluit,
473 717 625 759 propter
654 711 772 759 ipsam
802 710 1017 746 Passionem

310 777 431 813 noluit
448 778 535 819 331,
554 778 629 813 332
667 775 787 811 voluit
803 777 894 818 452,
916 776 1015 811 1067

311 854 344 886 a,
374 854 442 889 pro
467 840 573 877 uobis
600 846 638 876 et
667 840 834 876 ascendit
862 845 899 875 et
928 851 1016 875 con-

312 906 407 942 sedit
454 910 491 941 et
531 917 656 941 coram
695 904 806 940 Patre
848 903 1019 951 apparuit

314 972 390 1007 764
412 970 501 1006 cde
551 969 734 1005 Ascensio
763 969 855 1016 Ejus
886 970 963 1004 843
985 980 1017 1009 e,
1051 1006 1054 1015 .

313 1037 389 1071 845
411 1048 432 1070 a
480 1039 518 1070 et
538 1046 613 1069 non
638 1033 718 1069 sine
739 1045 849 1069 carne
869 1033 916 1069 iii.
941 1035 1016 1069 587

312 1103 441 1135 nostra
460 1110 665 1140 assumens,
687 1097 766 1134 Sua
784 1102 913 1133 nostra
932 1097 1020 1134 fecit

314 1166 391 1200 764
412 1175 444 1208 e,
466 1165 542 1199 765
564 1175 597 1204 a,
620 1164 695 1199 998
717 1162 785 1203 60,
807 1162 851 1197 cf.
877 1164 977 1198 1002
999 1174 1020 1197 a

312 1227 456 1275 patitur
484 1226 728 1274 Impassibilis
753 1228 853 1263 1065
876 1227 900 1262 d
941 1226 1018 1262 dia-

311 1291 438 1328 bolum
458 1292 574 1328 ]atere
593 1291 711 1327 voluit
730 1290 771 1326 M
793 1293 855 1328 53.

259 1355 432 1393 Christus
478 1361 647 1392 mortuos
695 1361 781 1391 ante
819 1356 1020 1391 adventum

314 1420 434 1457 Suum
456 1421 517 1468 qui
537 1420 781 1456 credidissent
801 1425 838 1456 et
857 1420 895 1455 in
913 1420 1021 1455 Hade

312 1485 463 1522 visitare
484 1485 657 1533 dignatus
679 1490 736 1521 est
755 1485 806 1521 iii.
829 1487 916 1521 448.

260 1549 413 1587 Christo
451 1548 652 1585 Incarnato
691 1554 728 1586 et
765 1561 833 1598 per
871 1561 1021 1585 carnem

314 1614 467 1662 cognati
500 1627 638 1660 sumus,
673 1619 710 1650 et
741 1614 955 1662 spiritaliter
992 1615 1022 1650 si

314 1679 374 1715 Illi
428 1679 575 1727 placere
635 1679 828 1715 studemus
886 1680 961 1716 543
989 1691 1021 1722 e,

316 1746 393 1781 544
415 1756 446 1780 a.

262 1808 434 1845 Christus
464 1807 684 1844 maledictus
715 1812 753 1844 et
782 1808 883 1844 mitis
913 1807 1021 1843 nobis

315 1873 518 1920 Exemplar
549 1875 621 1909 571
646 1885 668 1908 a
713 1872 860 1920 piorum
890 1872 1020 1908 adora-

314 1937 456 1973 tionem
484 1942 664 1984 tanquam
696 1937 916 1973 sacrificium
948 1936 1020 1983 spi-

315 2002 421 2038 ritale
468 2002 603 2049 accipit
640 2004 718 2038 626
752 2015 774 2038 a
836 2000 1023 2049 quomodo

316 2067 415 2103 diem
444 2066 690 2102 novissimum
718 2066 838 2103 nescit
865 2065 917 2102 iii.
945 2066 1022 2101 469

315 2131 390 2174 fin„
412 2133 502 2168 584.

262 2195 457 2234 Christum
491 2195 554 2243 qui
591 2208 667 2231 non
704 2195 833 2232 vident
866 2197 943 2232 814
964 2195 1024 2231 bc

317 2261 379 2308 qui
399 2260 525 2297 vident
546 2262 622 2296 814
644 2273 674 2296 0.

263 2324 405 2363 Christi
433 2337 554 2373 genus
592 2338 661 2361 nos
693 2327 769 2362 945
791 2325 827 2367 b,
866 2324 915 2361 cf.
941 2324 1025 2360 Filii

317 2402 448 2437 genus.
507 2389 691 2437 primitiae
713 2389 779 2425 Ille
801 2391 877 2425 990
894 2402 924 2434 c,
946 2391 1019 2426 991

316 2453 351 2498 b,
374 2455 465 2495 993,
493 2455 569 2489 994
588 2453 622 2495 d,
647 2455 748 2490 1063
769 2453 805 2495 b,
828 2452 868 2489 M
891 2456 953 2496 27,
974 2453 1022 2489 iii.

319 2519 397 2553 424
453 2517 638 2553 motiones
677 2523 833 2553 naturae
875 2522 1025 2553 nostrae

319 2593 412 2628 quae
447 2581 525 2617 sine
555 2585 709 2629 peccato
738 2581 868 2617 habuit
896 2580 938 2616 M
964 2584 1024 2623 13,

321 2647 383 2682 27.

266 2708 439 2746 Christus
459 2709 645 2757 exemplar
664 2708 772 2745 nobis
793 2709 855 2745 dat
870 2709 1025 2744 fratrum

321 2774 618 2821 adjuvandorum
652 2779 689 2810 et
721 2786 788 2821 per
816 2785 1026 2809 sermonem

321 2843 359 2874 et
378 2851 443 2886 per
462 2851 590 2886 preces
620 2840 698 2875 946
720 2851 740 2874 a
754 2838 791 2874 b.

269 2901 442 2939 Christus
459 2903 589 2945 Unus,
621 2916 696 2939 non
716 2903 758 2939 fit
779 2902 909 2939 divisio
931 2902 1026 2938 inter

783 141 994 177 INDEX
1054 141 1294 177 RERUM.

1644 153 1837 177 CHRISTUS

1134 260 1267 297 Filium
1298 266 1334 296 et
1355 261 1522 308 Virginis
1541 260 1735 309 Templum
1762 264 1835 298 301

1135 325 1205 366 ab.
1236 326 1308 361 361
1332 325 1369 369 b,
1406 326 1482 362 363
1502 325 1570 370 bc,
1605 328 1692 368 377,
1712 328 1787 362 393
1809 338 1840 368 e,

1138 391 1214 424 744
1236 389 1271 429 d,
1309 392 1383 425 747
1406 401 1438 430 e,
1473 391 1548 425 762
1572 389 1641 431 de,
1674 391 1749 425 763
1771 389 1841 432 ab,

1137 455 1212 489 836
1235 454 1259 488 d
1279 466 1310 494 e,
1345 455 1499 495 10010,
1535 456 1635 489 1110
1657 466 1689 494 a,
1724 455 1842 496 1112,

1137 517 1180 553 M
1207 519 1268 559 93,
1304 518 1352 554 iii.
1389 520 1479 559 381,
1510 519 1598 559 382,
1630 520 1721 558 405,
1753 520 1843 562 417,

1139 584 1227 623 421,
1262 584 1352 622 509,
1384 584 1473 623 512,
1507 584 1595 623 513,
1629 584 1719 624 514,
1753 584 1842 623 537,

1140 648 1320 683 538-541
1392 646 1515 690 Quem
1571 659 1618 682 ne
1675 645 1842 683 Thomas

1138 711 1287 758 quidem
1325 710 1480 758 palpans
1517 711 1554 746 in
1588 710 1683 746 duos
1717 710 1843 748 divisit

1144 778 1243 812 1109
1265 775 1289 810 d
1326 775 1504 811 miracula
1528 775 1667 812 faciens
1688 781 1725 812 et
1746 776 1841 812 Cor-

1139 853 1228 888 pore
1260 839 1338 876 Suo
1369 839 1498 881 utitur,
1528 839 1715 876 vivificum
1747 840 1843 876 indi—

1139 916 1228 940 cans
1275 909 1312 940 et
1353 904 1515 940 Carnem
1560 906 1633 941 361
1658 917 1677 941 0
1694 905 1716 940 d
1733 917 1752 941 e
1809 909 1845 941 et

1140 967 1306 1016 Corpore
1337 968 1384 1004 ad
1412 969 1618 1005 sanandum
1647 969 1766 1006 utitur
1794 969 1845 1005 iii.

1141 1035 1231 1074 537,
1255 1035 1344 1075 591,
1366 1035 1442 1069 592
1482 1038 1519 1069 et
1547 1033 1584 1068 in
1603 1038 1742 1070 terram
1763 1046 1847 1070 cum

1139 1096 1262 1134 Carne
1320 1097 1445 1133 coelos
1491 1109 1567 1133 non
1614 1098 1848 1146 relinquebat

1140 1164 1217 1198 600
1238 1161 1272 1207 d,
1305 1164 1380 1198 747
1403 1161 1438 1203 d,
1469 1162 1514 1197 cf.
1536 1162 1585 1198 iii.
1607 1165 1682 1198 577
1737 1162 1848 1199 hodie

1140 1227 1179 1262 in
1195 1225 1317 1263 Carne
1338 1226 1484 1267 absens,
1507 1239 1732 1274 quamquam
1752 1239 1847 1263 sem-

1140 1303 1208 1339 per
1251 1302 1428 1338 praesens
1469 1293 1543 1327 747
1565 1291 1634 1331 be‚
1680 1293 1756 1328 837
1777 1291 1847 1333 bc,

1143 1357 1220 1392 839
1243 1355 1314 1398 de,
1338 1357 1414 1391 916
1436 1355 1506 1397 de,
1530 1354 1575 1391 cf.
1600 1358 1688 1397 973,
1711 1357 1787 1392 977
1810 1355 1847 1391 (1.

1089 1419 1230 1456 Christi
1251 1419 1349 1455 Caro
1371 1418 1467 1456 Caro
1488 1419 1559 1454 Dei
1580 1419 1628 1455 iii.
1651 1421 1742 1456 515.

1089 1483 1261 1522 Christus
1293 1484 1398 1519 Deus
1437 1484 1511 1527 Qui
1546 1483 1848 1520 “Reconciliati-

1143 1549 1224 1584 onis
1238 1548 1391 1584 verbum
1412 1548 1450 1583 in
1466 1548 1573 1584 nobis
1592 1548 1745 1596 posuit'’
1767 1547 1850 1584 Deo

1142 1618 1305 1661 ponente
1325 1613 1368 1648 M
1391 1615 1440 1649 99
1462 1612 1544 1648 init.
1586 1613 1709 1657 Quem
1735 1612 1760 1648 ii
1790 1612 1852 1660 qui

1143 1682 1285 1725 negent
1303 1677 1405 1725 impii
1425 1677 1475 1713 iii.
1499 1679 1575 1713 452
1616 1677 1739 1721 Quem
1758 1689 1849 1713 con-

1144 1741 1232 1778 fessi
1261 1742 1339 1777 sine
1369 1741 1477 1789 culpa
1495 1742 1533 1776 in
1553 1741 1699 1777 asinum
1719 1741 1851 1777 seden-

1144 1812 1221 1842 tem
1255 1806 1361 1853 pueri
1393 1806 1445 1842 iii.
1477 1808 1566 1851 453,
1597 1808 1674 1842 454
1728 1806 1851 1850 Quem

1144 1871 1362 1919 praedicans
1380 1870 1547 1906 “multos
1561 1870 1720 1906 filiorum
1735 1869 1851 1906 Israel

1145 1935 1329 1971 convertit
1379 1934 1426 1970 ad
1472 1934 1676 1970 Dominum
1727 1933 1851 1970 Deum

1144 1998 1340 2047 ipsorum”
1364 1998 1411 2034 D.
1428 1998 1452 2034 J
1457 2011 1596 2034 oannes
1612 1999 1783 2046 Baptista
1801 1998 1850 2035 iii.

1147 2066 1222 2100 454
1253 2060 1348 2114 [vide
1367 2063 1484 2099 Filius
1504 2060 1624 2113 Deus]
1669 2062 1754 2110 quia
1775 2063 1853 2099 An-

1145 2128 1249 2176 tiquo
1283 2127 1436 2163 Dierum
1477 2127 1661 2174 σῦνθρονος
1698 2132 1735 2163 et
1767 2140 1853 2163 cum

1146 2205 1257 2229 carne
1277 2192 1326 2228 iii.
1349 2195 1439 2237 455,
1462 2194 1538 2228 456
1585 2191 1671 2239 quia
1690 2190 1854 2227 venienti

1146 2262 1336 2305 tamquam
1351 2257 1374 2293 J
1378 2256 1474 2292 udici
1490 2256 1703 2292 ministrant
1715 2255 1854 2304 Angeli

1145 2322 1195 2358 iii.
1233 2324 1308 2359 456
1375 2321 1500 2365 Quem
1538 2325 1575 2356 et
1613 2321 1854 2356 Incarnatum

1147 2387 1303 2423 adorant
1322 2385 1457 2433 Angeli
1475 2385 1526 2421 iii.
1550 2387 1626 2421 457
1675 2384 1760 2432 quia
1785 2397 1853 2432 pro

1146 2450 1276 2486 mundi
1317 2450 1415 2486 vitae
1457 2449 1551 2485 mori
1596 2461 1672 2484 non
1719 2449 1854 2485 sufficit

1146 2515 1260 2551 homo
1281 2514 1330 2550 iii.
1353 2516 1443 2550 467.

1095 2578 1268 2616 Christus
1296 2590 1434 2614 nomen
1467 2577 1555 2625 quid
1589 2577 1775 2625 significat
1804 2576 1854 2613 iii.

1151 2645 1227 2679 514
1272 2643 1397 2678 Deum
1427 2647 1464 2678 et
1488 2641 1693 2678 Hominem
1716 2641 1856 2678 indicat

1148 2707 1197 2743 iii.
1222 2709 1311 2743 591.

1097 2772 1190 2810 Cibo
1229 2770 1368 2809 Christi
1402 2771 1613 2807 obedientia
1652 2774 1780 2807 nostra
1802 2769 1853 2807 iii.

1151 2839 1240 2878 472,
1263 2839 1351 2872 473.

1097 2900 1337 2939 Circumcisio
1344 2901 1531 2949 perJosue
1541 2904 1749 2937 armaturae
1763 2911 1850 2936 con-
