2012 3257
309 150 393 189 316
468 148 518 188 B.
546 147 795 189 CYRILLI
828 148 1177 189 ALEXANDR.
1212 148 1584 189 FRAGMENTA
1644 162 1710 187 xv.
1730 156 1779 199 51
1802 161 1888 200 sqq.

104 216 175 257 [80
192 217 240 247 M.
261 216 276 258 ]
411 261 431 271 Α
521 257 531 272 ‚
597 254 618 265 ἢ
671 259 681 273 ‚
819 255 831 270 ,
983 259 992 272 ,
1229 258 1242 274 x
1303 259 1323 269 ,,
1485 256 1496 275 ,
1626 257 1638 271 ,
1750 253 1763 271 s

88 279 157 309 Col.
170 279 203 309 ii.
219 287 247 317 3.
313 278 447 319 στου,
467 262 494 285 “
509 279 557 307 εν
583 280 620 325 (ρ
646 278 737 307 εισι
763 279 934 310 παντες
954 279 995 306 οι
1015 259 1244 322 θησαυροι
1268 279 1350 320 της
1370 259 1547 324 σοφιας
1567 279 1642 306 και
1669 276 1891 321 γνωσεως

163 354 212 388 81
232 352 295 391 Μ.
314 344 342 366 “
368 338 682 406 ἀπόκρυφοι.”
736 337 875 390 αὐτὸς
911 337 1004 403 γάρ
1030 339 1133 387 ἐστι
1166 340 1242 388 καὶ
1268 342 1361 388 τῶν
1387 337 1584 388 ἔσεσθαι
1609 338 1888 402 προσδοκω-

314 419 464 482 μένων
492 418 731 480 διανομεὺς
758 420 966 484 ἀγαθῶν·
1014 418 1152 472 αὐτὸς
1176 419 1589 485 μεταστοιχειώσει
1613 418 1698 482 τὴν
1724 417 1891 479 κτίσιν,

88 501 186 576 {fm-
204 503 271 535 viii.
314 501 390 550 καὶ
430 499 757 565 καινουργήσει
788 500 841 550 τὸ
875 499 1084 562 σύμπαν,
1113 502 1186 550 καὶ
1226 499 1497 568 ἀπαλλάξει
1536 507 1563 529 “
1583 499 1792 552 δουλείας
1830 502 1893 551 εἷς

314 588 341 610 “
367 580 452 644 τὴν
486 581 751 646 ἐλευθερίαν
786 584 867 645 τῆς
904 580 1046 649 δόξης
1077 586 1171 632 τῶν
1201 581 1375 632 τέκνων
1409 587 1492 631 τοῦ
1520 581 1692 632 Θεοῦ.”
1742 582 1822 631 καὶ
1855 582 1891 630 εἰ
1912 593 1935 632 5

311 667 458 712 ταῦτα
484 663 653 725 ἀληθῆ,
671 666 771 715 πῶς
798 663 880 712 οὐκ
907 662 994 712 ἔδει
1018 661 1174 726 πάντη
1200 685 1248 713 τε
1275 665 1352 713 καὶ
1377 660 1564 715 πάντως
1589 684 1894 727 συνκαινουρ-

315 746 506 808 γεῖσθαι
533 748 590 810 τῇ
618 743 766 794 κτίσει
793 743 874 794 τὸν
901 743 955 794 δι’
985 742 1037 794 ὃν
1057 744 1084 807 ἡ
1105 744 1268 805 κτίσις,
1291 744 1412 812 φημὶ
1432 742 1480 793 δὲ
1505 740 1586 793 τόν
1612 742 1890 808 ἄνθρωπον,

314 823 404 874 ἔδει
430 826 504 874 καὶ
525 825 665 875 αὐτὸν
686 826 888 891 ὁρᾶσθαι
915 824 1085 887 καινὸν,
1112 826 1164 875 οὐ
1191 826 1349 893 φθορᾷ
1374 828 1431 892 τῇ
1455 824 1618 891 πρώτῃ
1645 824 1894 890 τυραννού-

312 928 468 968 μενον,
504 907 556 956 οὐ
594 911 840 973 σαρκικαῖς
875 907 1060 970 ἡδοναῖς
1099 910 1161 960 εἷς
1196 906 1423 972 ἁμαρτίας
1456 905 1893 969 πλεονεκτούμενον,

312 987 622 1053 ἐγηγερμένον
648 988 695 1039 δὲ
722 993 914 1052 μᾶλλον
939 990 986 1038 ἐν
1012 989 1261 1056 ἀφθαρσίᾳ
1295 1011 1343 1038 τε
1375 990 1451 1038 καὶ
1482 989 1529 1038 ἐν
1555 988 1793 1055 εὐσθενείᾳ
1819 990 1893 1038 καὶ
1917 1009 1966 1034 10

312 1070 360 1119 ἐν
386 1073 498 1137 τιμῇ
520 1073 596 1120 καὶ
621 1071 721 1138 θείᾳ
747 1093 835 1121 τινι
862 1069 978 1138 δόξῃ
1004 1070 1418 1136 περιεσταλμένον.
1467 1069 1557 1137 ἔφη
1584 1068 1676 1135 γάρ
1701 1092 1793 1120 που
1819 1072 1894 1120 καὶ

89 1163 285 1195 Es.1viii.8.
313 1151 337 1200 ὁ
370 1151 624 1204 θεσπέσιος
663 1151 873 1204 Ἠσαίας
913 1159 939 1181 “
959 1154 1052 1201 Καὶ
1090 1150 1465 1216 προπορεύσεται
1502 1150 1770 1216 ἔμπροσθέν
1803 1173 1895 1201 σου

314 1239 340 1261 “
366 1232 393 1295 ἡ
426 1232 698 1296 δικαιοσύνη
737 1255 841 1292 σου,
877 1235 952 1283 καὶ
990 1234 1016 1296 ἡ
1057 1232 1175 1301 δόξα
1213 1237 1295 1282 τοῦ
1324 1236 1448 1283 Θεοῦ
1482 1237 1755 1297 περιστελεῖ
1788 1233 1892 1283 σε·”

313 1316 388 1364 καὶ
438 1313 532 1376 μὴν
582 1316 657 1364 καὶ
698 1312 836 1368 αὐτὸς
880 1315 905 1364 ὁ
954 1315 1126 1380 Κύριος
1170 1314 1302 1377 ἡμῶν
1348 1315 1535 1377 Ἰησοῦς
1577 1316 1895 1375 διεβεβαιοῦτο

313 1399 498 1464 σαφῶς,
526 1397 588 1448 ὡς
615 1397 663 1446 ἐν
690 1397 835 1464 καιρῷ
874 1396 1146 1449 συντελείας
1185 1401 1268 1446 τοῦ
1302 1399 1467 1449 αἰῶνος
1493 1395 1658 1446 τούτου
1685 1395 1888 1457 ἀναβιώ-
1919 1413 1964 1451 15

91 1490 176 1520 Dan.
193 1489 248 1520 xii.
267 1499 294 1529 3·
313 1500 480 1528 σονται
516 1476 602 1540 μὲν
627 1481 668 1527 οἱ
705 1480 869 1544 νεκροὶ,
903 1484 931 1506 ’“
953 1481 994 1527 οἱ
1028 1477 1177 1542 γεμὴν
1202 1477 1437 1530 συνιέντες
1470 1477 1807 1546 ἐκλάμψουσιν
1834 1479 1895 1530 ὡς

315 1567 341 1589 “
367 1559 394 1621 ἡ
426 1557 704 1624 λαμπρότης
738 1565 821 1609 τοῦ
857 1558 1199 1624 στερεώματος.
1283 1557 1413 1622 πλὴν
1441 1559 1526 1625 οὐχ
1552 1556 1732 1609 ἅπασιν
1757 1560 1892 1608 ἀδια-

312 1642 478 1705 κρίτως
517 1641 544 1704 ἦ
582 1643 665 1703 τῆς
698 1643 888 1691 τοιᾶσδε
929 1642 1064 1703 τιμῆς
1106 1641 1181 1690 καὶ
1222 1639 1363 1708 δόξης
1403 1640 1702 1705 προκείσεται
1743 1638 1894 1706 χάρις·

312 1721 480 1788 πρέποι
506 1723 544 1771 δ’
566 1720 623 1772 ἂν
646 1726 838 1785 μᾶλλον
854 1721 1124 1786 ἀπολέγδην
1150 1725 1244 1775 τοῖς
1269 1725 1363 1771 τῶν
1390 1721 1557 1772 ἄλλων
1577 1721 1892 1789 ἐξῃρημενοις,

1072 1810 1099 1831 66

90 1813 187 1844 Rom.
203 1813 270 1845 viii·
313 1803 355 1854 οἳ
387 1805 462 1854 καὶ
490 1803 769 1871 σύμμορφοι
804 1802 1034 1869 γεγόνασι
1120 1805 1201 1867 τῆς
1228 1803 1401 1856 εἰκόνος
1441 1808 1523 1854 τοῦ
1549 1807 1666 1853 Υἱοῦ
1705 1804 1893 1853 αὐτοῦ·”
1918 1826 1968 1851 20

95 1865 142 1897 29-
313 1885 663 1945 ἀναβιώσονται
701 1884 786 1948 μὲν
811 1885 905 1951 γὰρ
945 1884 1332 1950 ὁμολογουμένως
1371 1884 1429 1934 τὰ
1468 1883 1660 1935 πάντων
1693 1883 1896 1946 σώματα

311 1970 369 2034 τῇ
410 1969 493 2030 τῆς
535 1968 809 2034 ἀφθαρσίας
850 1965 1005 2033 χάριτι
1046 1965 1459 2034 κατημφιασμένα,
1502 1965 1896 2033 ἀλλαχθήσονται

312 2047 361 2098 δὲ
401 2052 443 2099 οὐ
481 2047 661 2103 πάντες·
717 2047 828 2098 ἀλλ’
857 2051 898 2098 οἱ
937 2046 1019 2110 μὲν
1055 2052 1232 2116 φαῦλοι
1268 2048 1587 2110 ἀπομενοῦσιν
1626 2050 1674 2098 ἐν
1710 2049 1777 2116 τῷ
1814 2050 1898 2112 τῆς

312 2130 496 2192 ἀτιμίας
534 2128 746 2196 σχήματι
786 2131 858 2180 ἐπὶ
897 2129 1024 2197 μόνῳ
1052 2132 1118 2197 τῷ
1158 2131 1325 2195 χρῆναι
1361 2127 1657 2199 κολάζεσθαι,
1682 2132 1724 2179 οἱ
1760 2129 1818 2180 δέ
1842 2152 1896 2195 γε

313 2211 477 2260 δίκαιοι
498 2209 894 2277 ἀλλαχθήσονται
916 2210 1050 2274 μόνοι
1076 2210 1194 2275 πρὸς
1219 2213 1285 2280 τῷ
1311 2213 1392 2273 τῆς
1419 2211 1690 2279 ἀφθαρσίας
1712 2212 1892 2280 ἀγαθῷ,
1917 2232 1966 2271 25

312 2293 389 2341 καὶ
440 2295 522 2355 τῆς
574 2293 699 2346 θείας
750 2292 891 2360 δόξης
941 2291 1417 2357 καταπλουτήσαντες
1459 2291 1544 2355 τὴν
1585 2291 1892 2358 περιστολήν.

91 2385 176 2418 Phil-
187 2386 296 2418 iii-21.
315 2372 452 2426 αὐτὸς
479 2379 727 2439 τοιγαροῦν
753 2375 843 2442 ἰδία
871 2373 1061 2436 δυνάμει
1087 2375 1162 2424 καὶ
1190 2375 1395 2442 ἐνεργείᾳ
1423 2378 1673 2439 θεοπρεπεῖ
1702 2379 1729 2402 “
1748 2396 1893 2437 μετα-

316 2461 342 2483 “
367 2456 654 2519 σχηματίσει
692 2453 746 2505 τὸ
778 2460 921 2518 σῶμα
954 2457 1037 2517 τῆς
1074 2454 1401 2507 ταπεινώσεως
1438 2455 1570 2517 ἡμῶν
1607 2454 1897 2523 σύμμορφον

315 2541 342 2563 “
371 2536 436 2603 τῷ
480 2535 667 2599 σώματι
712 2539 795 2599 τῆς
840 2536 981 2604 δόξης
1023 2536 1209 2586 αὐτοῦ.”
1265 2540 1400 2586 ποῖον
1444 2535 1492 2585 δὲ
1532 2534 1586 2585 τὸ
1631 2540 1774 2599 σῶμα
1813 2539 1896 2600 τῆς

315 2616 640 2670 ταπεινώσεως
678 2617 839 2680 ἡμῶν;
882 2619 1007 2667 τουτὶ
1047 2616 1100 2666 τὸ
1131 2617 1180 2666 ἐκ
1213 2619 1312 2681 γῆς,
1341 2615 1394 2667 τὸ
1427 2620 1494 2685 τῷ
1532 2616 1717 2687 θανάτῳ
1757 2640 1895 2682 κατη-
1915 2644 1966 2681 30

313 2698 556 2765 σχημένον
582 2699 632 2748 ἐκ
654 2701 736 2762 τῆς
763 2698 957 2765 ἀρχαίας
982 2698 1154 2761 ἐκείνης
1181 2699 1310 2764 ἀρᾶς,
1330 2697 1387 2762 ἣν
1414 2698 1611 2749 λε’λυκεν
1638 2700 1662 2749 ὁ
1682 2697 1895 2765 Χριστὸς

366 2900 396 2935 7.
422 2890 474 2936 δὲ]
495 2890 533 2934 δὴ
553 2894 595 2924 Α.
908 2902 964 2935 30.
993 2890 1262 2937 κατησχημένον]
1286 2891 1337 2926 Ita
1355 2898 1386 2926 et
1405 2892 1447 2926 A.
1467 2890 1716 2937 κατεσχημένον
1733 2889 1895 2925 emendat

318 2938 451 2980 Mignc.
472 2938 516 2971 cf.
536 2949 639 2983 supra
658 2948 736 2981 302,
756 2948 788 2979 5.
807 2945 879 2971 not.
