1986 3282
96 154 210 194 xviii.
231 156 299 210 38,
317 169 385 211 39.
463 155 536 196 IN
580 157 621 197 S.
654 156 993 198 JOANNEM.
1056 156 1182 197 LIB.
1219 157 1321 198 XII.
1635 159 1688 199 57

95 286 240 315 τατον
285 266 559 316 ὑπεκκλῖναι
604 265 761 328 κακὸν,
804 265 890 329 τὴν
935 265 1054 317 κατὰ
1101 270 1318 333 Χριστοῦ
1369 265 1416 317 δὲ
1469 264 1690 330 δηλονότι

95 346 370 416 μιαιφονίαν
421 348 558 416 φημί.
626 352 920 414 παραιτεῖται
970 354 1222 416 τοιγαροῦν
1277 349 1302 399 ὁ
1356 347 1569 402 Πιλάτος
1618 349 1686 399 ἐπ’

96 430 245 480 οὐδενὶ
296 434 391 481 τῶν
436 429 626 482 ἀτόπων
671 430 871 485 ἁλόντος
922 429 951 496 ἢ
1003 431 1324 497 ἐληλεγμένου
1376 428 1689 482 καταδικάσαι

95 515 327 578 Χριστοῦ,
373 514 450 564 καὶ
494 512 578 563 τὸν
623 514 771 567 αἰτίας
821 512 1013 578 ἁπάσης
1064 516 1126 568 ὡς
1176 512 1465 581 ποῤῥωτάτω
1516 511 1580 577 μὴ
1632 512 1689 577 δὴ

52 614 74 653 5
95 597 264 662 χρῆναι
304 594 433 650 δίκας
473 595 845 663 εἰσπράττεσθαι
890 596 1031 663 λέγει,
1071 595 1264 666 ἀπῳδόν
1308 620 1358 648 τε
1402 595 1517 648 εἶναι
1561 619 1683 648 παν-

95 681 245 730 τελῶς
284 679 360 728 καὶ
398 682 495 731 τοῖς
533 679 630 730 κατ’
665 678 807 729 αὐτὸν
842 684 980 730 τοῦτο
1016 678 1173 742 νόμοις
1207 680 1257 730 εὖ
1292 679 1426 743 μάλα
1458 678 1689 747 διισχυρί-

95 758 232 825 ζεται,
270 758 358 824 τὴν
396 758 517 811 κατὰ
554 766 638 812 τοῦ
677 761 803 813 θείου
842 761 987 825 νόμου
1026 762 1420 830 φρικωδεστάτην
1460 760 1689 814 ἀπόνοιαν

93 845 189 893 τῶν
215 843 456 894 Ἰουδαίων
495 845 802 895 ε’κδυσωπῶν.
858 843 974 913 ᾤετο
1012 842 1105 911 γὰρ
1144 848 1237 896 δεῖν
1274 844 1354 896 ἅτε
1394 844 1450 910 δὴ
1490 849 1566 896 καὶ
1605 845 1688 897 τὸν

93 930 177 975 τοῦ
214 925 392 976 δικαίου
425 948 473 976 τε
506 927 580 976 καὶ
616 925 725 976 ’ίσου
761 924 910 992 λόγον
934 927 1216 993 πρεσβεύειν
1240 927 1688 994 ἐπαγγελλομένους

25 1031 74 1056 10
95 1007 368 1058 ἀναπείσειν
393 1010 688 1076 παραχρῆμα
714 1010 772 1077 τῇ
798 1014 882 1060 τοῦ
917 1010 1095 1060 δικαίου
1129 1011 1205 1061 καὶ
1239 1009 1499 1077 πρέποντος
1534 1034 1688 1078 παρα-
1708 1026 1735 1067 d

94 1090 239 1141 θέσει.
298 1093 616 1156 διενθυμηθεὶς
643 1090 691 1142 δὲ
720 1091 869 1143 πάλιν
895 1092 1016 1143 κατά
1051 1115 1104 1158 γε
1137 1092 1192 1144 τὸ
1228 1092 1360 1156 εἰκὸς,
1387 1093 1457 1144 ὅτι
1483 1096 1567 1158 τῆς
1593 1098 1688 1145 τῶν

92 1171 334 1224 Ἰουδαίων
356 1174 634 1240 προπετείας
661 1173 716 1225 οὐ
739 1174 937 1242 μετρίως
962 1173 1329 1243 κατηγορήσειεν
1354 1173 1412 1227 ἂν
1438 1175 1493 1227 τὸ
1525 1176 1688 1243 πάσης

93 1255 244 1309 αἷτίας
293 1255 627 1307 ἀπολελύσθαι
678 1255 762 1308 τὸν
806 1260 1159 1324 προσηγμένον,
1200 1258 1275 1309 ἵνα
1317 1257 1382 1323 μὴ
1429 1258 1504 1309 διὰ
1546 1266 1686 1311 τοῦτο

92 1337 237 1405 τυχὸν
277 1338 563 1405 ἰταμώτερον
601 1339 848 1405 ἐγκέοιντο,
882 1341 957 1390 καὶ
996 1344 1305 1409 φιλονεικοΐεν
1343 1340 1544 1405 ἀτόπως,
1577 1341 1687 1394 ὁδὸν

25 1437 71 1476 15
95 1418 259 1486 ὥσπερ
284 1423 351 1490 τῷ
376 1418 622 1487 πράγματι
645 1423 720 1473 καὶ
747 1422 922 1489 χρῶμά
951 1445 994 1473 τι
1029 1423 1297 1475 κάλλιστον
1324 1425 1505 1488 ἐπινοεῖ,
1532 1423 1686 1491 λέγων

83 1500 217 1552 ’Ἔστι
245 1501 439 1563 συνήθεια
466 1506 563 1572 ὑμῖν
585 1503 658 1555 ’ἶνα
685 1503 757 1556 ἕνα
783 1503 958 1573 θέσμιον
984 1505 1205 1557 ἀπολύσω
1231 1510 1328 1575 ὑμῖν
1353 1508 1389 1558 ἐν
1410 1513 1469 1577 τῷ
1495 1506 1684 1571 πάσχα,

91 1582 307 1645 βούλεσθε
343 1582 407 1636 οῦν
432 1585 651 1638 ἀπολύσω
686 1590 783 1655 ὑμῖν
809 1585 874 1639 τον
900 1587 1111 1649 βασιλέα
1145 1588 1223 1640 ‘mmm
1248 1586 1492 1651 Ἰουδαίων,
1535 1592 1682 1650 βασι-

91 1664 180 1718 λέα
219 1665 268 1718 δὲ
306 1667 385 1719 τῶν
408 1665 627 1720 Ἰουδαίων
659 1668 899 1735 ὀνομάζων
929 1669 1014 1721 τὸν
1040 1671 1244 1736 Ἰησοῦν,
1271 1671 1602 1739 χαριεντίζεταί
1636 1696 1686 1724 τε

92 1749 211 1813 ὁμοῦ
237 1751 313 1801 καὶ
341 1751 566 1820 ὑποχαλᾷ
600 1755 667 1821 τῷ
697 1753 870 1821 γελοίῳ
896 1751 983 1817 τὴν
1006 1757 1101 1804 τῶν
1127 1753 1489 1820 λελυττηκότων
1515 1755 1683 1822 ὀργὴν,

22 1859 73 1885 20
93 1831 141 1882 ἐν
166 1832 322 1902 ταύτῷ
348 1856 397 1884 τε
424 1834 616 1885 δεικνύει
642 1836 718 1885 καὶ
744 1834 878 1898 μάλα
901 1839 1089 1904 σαφῶς,
1111 1838 1172 1890 ὡς
1199 1838 1268 1888 ἐπ’
1298 1838 1424 1907 αὐτῷ
1451 1836 1508 1902 δὴ
1534 1838 1686 1908 τούτῳ

92 1920 423 1982 κατηγορεῖται
448 1915 614 1982 μάτην·
666 1916 731 1982 μὴ
759 1916 853 1984 γὰρ
881 1916 939 1969 ἂν
966 1917 1183 1986 ἀφέσεως
1218 1920 1428 1988 ἀξιῶσαί
1454 1943 1569 1972 ποτε
1603 1919 1687 1972 τὸν

91 1997 166 2048 ἐπὶ
199 1998 436 2064 τυραννίδι
475 2000 550 2050 καὶ
591 2004 890 2070 νεωτερισμῷ
927 2002 994 2069 τῷ
1032 2000 1153 2052 κατὰ
1177 2002 1424 2066 Ῥωμαίων
1450 2022 1906 2069 κατεγνω-31041Α.

92 2078 285 2143 σμένον,
313 2079 396 2131 τὸν
420 2081 669 2143 Ῥωμαίων
700 2081 991 2149 στρατηγόν.
1047 2083 1101 2133 δι’
1131 2081 1197 2134 ὧν
1234 2084 1317 2134 οὖν
1356 2085 1531 2136 ἀνεῖναι
1567 2109 1684 2153 προ-

91 2161 261 2228 τρέπει,
288 2163 642 2229 μεμαρτύρηκεν
669 2165 796 2234 aba}
819 2163 874 2215 τὸ
900 2170 1147 2219 παντελῶς
1174 2168 1461 2219 ἀνυπαίτιον.

23 2273 70 2312 25
166 2247 315 2295 Ταυτὶ
356 2243 441 2307 μὲν
468 2246 548 2296 οὖν
576 2244 703 2309 οἶμαι
734 2245 817 2297 τὸν
847 2251 941 2297 τῶν
966 2247 1280 2314 προκειμένων
1308 2252 1526 2313 δηλῶσαι
1558 2273 1677 2301 σκο-

92 2325 199 2377 πόν·
252 2328 636 2397 διασκεπτομένῳ
679 2328 733 2378 δέ
770 2351 849 2391 μοι
900 2332 975 2379 καὶ
1027 2335 1285 2381 σκοποῦντι
1327 2332 1426 2381 κατ’
1467 2332 1681 2396 ἐμαυτὸν,

91 2406 237 2459 πόθεν
263 2409 354 2475 ἄρα
387 2414 483 2463 τοῖς
507 2410 748 2464 Ἰουδαίοις
784 2411 832 2461 ἐν
858 2411 949 2463 ε”θει
980 2412 1174 2477 γέγονεν
1207 2412 1404 2482 ἐξαιτεῖν
1438 2414 1539 2468 ἑνὸς
1565 2414 1683 2484 ἀφε-

91 2512 186 2554 σιν,
213 2489 242 2555 ἦ
269 2498 455 2559 λῃστοῦ
492 2492 636 2560 τυχὸν
662 2490 690 2557 ἢ
720 2497 960 2562 φονευτοῦ,
988 2493 1224 2560 λογισμὸς
1256 2494 1341 2558 μὲν
1373 2497 1592 2560 ἐπῆλθεν,
1620 2500 1683 2552 ὡς

91 2572 241 2623 οὐκέτι
279 2572 364 2636 μὲν
396 2572 554 2625 πάντα
593 2574 712 2625 κατὰ
753 2574 836 2626 τὸν
875 2580 999 2627 θεῖον
1037 2578 1193 2630 αὐτοῖς
1231 2576 1486 2644 ἐπράττετο
1522 2579 1682 2643 νόμον,

20 2683 70 2719 30
91 2654 216 2705 ε”θεσι
253 2655 301 2707 δὲ
333 2660 527 2720 μᾶλλον
553 2658 682 2711 ἰδίοις
708 2659 1067 2726 ἀποκεχρῆσθαι
1104 2662 1284 2722 δοκοῦν,
1310 2658 1429 2726 πρὸς
1461 2661 1681 2729 ἐξίτηλον

141 2796 171 2819 Ι.
197 2786 350 2830 Χριστὸν
367 2787 409 2821 E.
554 2798 586 2822 2.
613 2788 712 2830 δηλοῖ
729 2800 792 2833 pro
810 2789 901 2834 φημί
918 2789 960 2824 Ε.
1115 2802 1149 2836 3.
1174 2791 1395 2826 καταδικάσαι
1414 2791 1497 2827 E.F.
1519 2791 1584 2827 Ed.
1604 2804 1677 2836 mg.

91 2833 298 2877 καταδικάσῃ
317 2833 384 2868 Ed.
566 2844 600 2880 5.
626 2835 837 2879 πράττεσθαι
856 2836 897 2871 Ε.
1082 2849 1115 2882 9.
1142 2838 1462 2884 ἐπαγγελλομένους
1481 2838 1521 2872 Ε.
1541 2838 1676 2882 Migne.

91 2878 384 2924 ἐπαγγελομένους
401 2879 469 2916 Ed.
697 2893 749 2916 12.
776 2883 1032 2929 κατηγορίσειεν
1049 2884 1091 2918 Ε.
1317 2896 1372 2920 20.
1398 2885 1547 2919 δείκνυσι
1570 2884 1676 2918 Cord.

92 2936 148 2959 21.
173 2926 257 2970 μηδὲ
277 2925 384 2962 cord.
493 2939 548 2962 22.
576 2927 648 2974 ἐπὶ]
669 2929 704 2963 ἐν
720 2931 759 2973 τῇ
780 2929 888 2964 Cord.
939 2930 1080 2965 Desunt
1097 2930 1182 2966 haec
1199 2931 1306 2965 verba
1322 2932 1357 2966 in
1376 2943 1407 2966 a.
1514 2930 1569 2965 26.
1596 2945 1677 2965 oxo-

90 2974 217 3006 ποῦντα
236 2972 277 3007 Ε.
422 2983 477 3019 27.
503 2974 675 3010 Ἰουδαίων
693 2976 734 3010 Ε.
809 2976 968 3022 ἐξαιτεῖν]
988 2978 1027 3011 τὸ
1045 2977 1189 3022 ἐξαιτεῖν
1208 2977 1300 3012 Catt.

148 3039 239 3068 VOL.
262 3041 319 3070 111.
877 3043 893 3070 Ι
