1997 3262
112 200 279 243 [84M.]

95 830 190 861 Rom.
204 830 248 861 ix.
261 838 290 870 5.

154 1428 168 1452 1
178 1417 199 1452 8
217 1429 297 1465 sqq.

98 1620 109 1641 1
132 1612 204 1642 Cor.
221 1612 276 1644 xii.

97 1679 161 1728 1'S.
175 1699 273 1729 Joan.

95 2105 128 2136 S.
146 2105 270 2136 Matth.

94 2159 125 2179 x.
140 2158 188 2179 20.

318 140 401 180 322
495 140 546 181 B.
580 140 825 181 CYRILLI
864 138 1211 179 ALEXANDR.
1250 139 1622 180 FRAGMENTA
1682 140 1706 180 i.
1736 140 1783 181 18
1807 155 1893 194 sqq.

317 248 579 312 ἀναγκαίως
606 252 854 313 τοιγαροῦν
880 244 1277 313 συνεισδεξόμεθα
1301 247 1367 314 τῷ
1393 250 1499 316 Θεῷ
1531 250 1605 298 καὶ
1634 249 1787 312 Πατρῖ
1813 247 1895 297 τὸν

317 328 435 378 Υὶὸν
470 333 532 381 εἷς
571 329 653 379 τὸν
686 331 768 391 τῆς
803 326 1083 390 ταυτότητός
1121 350 1170 377 τε
1210 328 1285 377 καὶ
1324 327 1685 392 ὀμοουσιότητος
1724 327 1891 393 λόγον,

316 412 392 460 ἵνα
427 413 502 460 καὶ
529 410 650 463 Θεὸς
685 408 747 462 εἷς
783 407 986 475 χορηγὸς
1014 407 1237 474 ὑπάρχων
1264 411 1424 471 νοῆται
1453 414 1547 460 τῶν
1572 415 1896 471 πνευματικῶν

317 492 523 557 ἀγαθῶν.
574 490 790 557 Χριστὸν
816 490 864 540 δὲ
888 491 1078 552 Ἰησοῦν
1114 489 1363 555 ὀνομάζων,
1391 489 1473 540 τὸν
1507 492 1556 540 ἐκ
1583 494 1707 541 Θεοῦ
1737 491 1896 556 Λόγον

318 573 366 622 ἐν
404 575 546 638 σαρκὶ
583 570 828 638 πεφηνότα
867 574 1019 633 δηλοῖ·
1073 574 1109 620 εἰ
1148 571 1206 621 δέ
1235 572 1338 620 ἐστι
1378 571 1581 638 χορηγὸς
1619 570 1683 622 ὧν
1724 570 1781 622 ἂν
1821 574 1895 622 καὶ

318 653 455 706 αὐτὸς
481 655 505 704 ὁ
536 652 717 718 Πατὴρ,
743 657 844 706 πῶς
876 652 929 702 οὐ
957 650 1079 705 Θεὸς
1110 651 1229 702 κατὰ
1256 652 1404 718 φύσιν
1435 655 1541 703 καθ’
1571 653 1739 703 ἕνωσιν
1766 657 1891 703 οἱκο-

319 734 511 798 νομικὴν
537 733 654 797 μετὰ
684 737 766 797 τῆς
806 734 920 787 ἰδίας
960 732 1138 799 σαρκὸς
1178 737 1345 783 νοεῖται
1370 733 1617 799 Χριστός;
1662 736 1781 784 οὕτω
1821 738 1894 785 καὶ

318 816 343 866 ὁ
367 816 650 883 σοφώτατος
677 819 870 867 Παῦλος
896 816 1001 880 περὶ
1034 819 1128 864 τῶν
1153 815 1210 882 ἐξ
1230 815 1434 880 Ἰσραήλ
1460 838 1551 865 που
1578 817 1728 883 φησίν
1755 823 1781 844 “
1798 813 1893 866 φΩν

317 904 345 926 “
370 901 412 948 οἱ
437 897 644 962 πατέρες,
670 898 745 947 καὶ
770 896 826 964 ἐξ
854 894 919 946 ὧν
945 897 969 945 ὁ
994 894 1205 961 Χριστὸς
1243 896 1297 946 τὸ
1328 895 1447 947 κατὰ
1477 895 1652 962 σάρκα,
1682 898 1707 947 ὁ
1735 896 1798 947 ὧν
1821 898 1896 948 ἐπὶ

319 988 345 1010 “
371 979 561 1031 πάντων
588 979 708 1032 Θεὸς
735 977 989 1043 εὐλογητὸς
1016 981 1076 1032 εἰς
1103 977 1209 1031 τοὺς
1235 982 1420 1040 αἰῶνας,
1451 978 1618 1043 ἀμήν.”

703 1253 982 1301 ΤΟΜΟΣ
1043 1254 1085 1299 Α
1142 1253 1397 1300 ΛΟΓΟΣ
1453 1254 1508 1300 Β,

318 1411 472 1452 Πιστὸς
507 1409 553 1451 δὲ
587 1411 609 1451 ὁ
642 1410 751 1452 Θεὸς
788 1412 852 1452 ὅτι
889 1411 911 1452 ὀ
949 1410 1074 1458 λόΓοο
1112 1410 1233 1458 ἡμῶν
1271 1410 1294 1451 ὁ
1331 1409 1438 1468 Πρὸς
1470 1410 1578 1459 ὑμᾶς
1615 1410 1690 1450 οὐκ
1728 1409 1895 1456 ἐγένετο

968 1493 1035 1534 ναὶ
1074 1492 1142 1533 καὶ
1179 1493 1240 1534 οὔ.

393 1606 560 1658 Οὐδεὶς
600 1606 725 1670 λέγει
765 1613 790 1635 “
815 1605 987 1671 Κύριος
1013 1606 1199 1669 Ἰησοῦς
1225 1609 1262 1656 εἰ
1287 1605 1352 1669 μὴ
1381 1607 1428 1656 ἐν
1455 1606 1694 1669 Πνεύματι
1719 1607 1894 1674 Ἁγίῳ·”

317 1684 370 1736 τὸ
398 1687 445 1737 δὲ
470 1687 654 1750 πνεῦμά
679 1689 810 1737 ἐστιν
836 1687 1046 1751 ἀλήθεια,
1074 1686 1191 1737 κατὰ
1217 1687 1270 1737 τὸ
1297 1687 1639 1753 γεγραμμένον·
1679 1687 1896 1750 ἔμπλεων

316 1766 372 1830 δὴ
411 1769 491 1818 οὖν
527 1768 758 1831 ἀληθείας,
798 1767 900 1831 η’τοι
938 1774 1021 1818 τοῦ
1050 1768 1201 1833 Ἁγίου
1235 1769 1525 1831 Πνεύματος,
1568 1768 1652 1832 τὴν
1690 1768 1897 1819 διάνοιαν

315 1849 500 1916 ἔχοντες
538 1854 580 1900 οἱ
619 1854 712 1900 τῶν
750 1850 1066 1914 εὐαγγελικῶν
1096 1849 1437 1912 θεσπισμάτων
1472 1848 1682 1916 κήρυκες,
1719 1851 1801 1900 οὐκ
1839 1849 1896 1900 ἂν

316 1935 495 1981 νοοΐντο
519 1933 808 1997 ψευδοεπεῖς·
863 1929 894 1980 ἃ
918 1931 964 1980 δ’
993 1929 1051 1980 ἂν
1078 1930 1257 1996 λέγοιεν
1282 1933 1385 1996 περὶ
1412 1934 1640 1996 Χριστοῦ,
1665 1936 1812 1981 ταῦτα
1839 1930 1895 1995 δὴ

1916 594 1938 631 5

1921 1003 1969 1028 10

1919 1706 1966 1744 15

315 2011 502 2065 ποῖντως
541 2014 672 2063 ἐστὶν
698 2013 848 2077 ὀρθῶς
879 2035 927 2062 τε
963 2014 1038 2062 καὶ
1077 2011 1317 2076 ἀραρότως
1355 2012 1538 2079 ἔχοντα·
1593 2014 1668 2062 καὶ
1706 2013 1893 2063 πιστώ-
1940 2057 1943 2061 .

316 2114 451 2143 σεται
497 2093 650 2158 λέγων
695 2092 832 2147 αὐτὸς
878 2095 902 2143 ὁ
941 2093 1153 2159 Χριστός
1206 2100 1232 2123 “
1260 2095 1335 2144 Οὐ
1380 2093 1473 2158 γὰρ
1520 2095 1645 2156 ὑμεῖς
1694 2096 1803 2144 ἐστε
1855 2098 1897 2144 οἱ

1918 2112 1968 2139 20

317 2181 344 2203 “
370 2181 642 2237 λαλοῦντες,
669 2175 800 2225 ἀλλὰ
834 2174 888 2225 τὸ
922 2181 1103 2239 πνεῦμα
1139 2181 1221 2225 τοῦ
1248 2174 1438 2241 Πατρὸς
1471 2176 1598 2236 ὑμῶν
1624 2173 1677 2225 τὸ
1715 2181 1896 2226 λαλοῦν
1945 2224 1950 2229 .

317 2262 343 2284 “
370 2256 418 2306 ἐν
445 2257 589 2319 ὑμῖν.”
632 2256 701 2307 διὸ
723 2258 775 2306 οὐ
802 2256 929 2321 λέγει
950 2256 1086 2307 τοῦτό
1112 2259 1241 2307 ἐστιν
1265 2258 1325 2309 ὡς
1345 2256 1462 2322 πρὸς
1488 2255 1593 2309 τοῦς
1620 2256 1896 2317 διαβάλλειν

316 2336 456 2387 αὑτὸν
481 2338 792 2405 πειρωμένους
831 2341 893 2391 ὡς
931 2338 989 2388 τὰ
1023 2338 1207 2388 ἐναντία
1242 2339 1388 2406 ἑαυτῷ
1424 2339 1624 2401 λέγοντα
1660 2336 1807 2388 διάτοι
1840 2337 1894 2388 τὸ

315 2418 428 2468 ποτὲ
466 2418 565 2481 μὲν,
600 2421 660 2472 ὡς
687 2419 811 2469 Θεὸν
850 2418 968 2470 κατὰ
1007 2420 1156 2486 φύσιν
1196 2418 1435 2484 κηρύττειν
1473 2418 1555 2468 τὸν
1582 2420 1783 2482 Ἰησοῦν,
1818 2419 1894 2470 ὅτε

317 2497 365 2549 δὲ
391 2501 464 2549 καὶ
491 2502 552 2553 ὡς
577 2500 841 2566 ἄνθρωπον.
894 2502 1157 2564 ἀναγκαίως
1183 2499 1336 2550 τοίνυν
1363 2503 1462 2552 ταῖς
1488 2499 1670 2550 ἐκείνων
1698 2502 1894 2551 ἀνεπιει-

317 2582 456 2634 κειάις
488 2582 722 2634 οἱονείπως
757 2583 1007 2644 ἐπιπηδῶν,
1049 2580 1120 2631 ὅτι
1158 2580 1222 2643 μὴ
1262 2581 1452 2646 γέγονεν
1492 2582 1617 2649 αὐτῷ
1657 2582 1808 2635 διττός
1847 2605 1895 2633 τε

318 2663 392 2711 καὶ
419 2661 612 2729 ἀσαφὴς
640 2663 664 2711 ὁ
691 2661 848 2727 λόγος,
875 2663 1056 2715 ἁπλοῦς
1087 2661 1134 2713 δὲ
1160 2667 1350 2726 μᾶλλον
1377 2664 1451 2712 καὶ
1486 2662 1678 2727 ἀληθὴς,
1704 2670 1892 2729 πληρο-

368 2795 420 2817 11.
448 2782 500 2816 Ita
519 2783 567 2817 H.
746 2784 798 2818 16.
827 2784 900 2818 Inc.
918 2783 1058 2828 πλήρεις
1076 2784 1169 2820 ὅντες
1185 2784 1344 2828 ἀληθείας
1360 2786 1391 2818 οἱ
1409 2789 1474 2819 τῶν
1494 2785 1541 2819 H.
1727 2785 1779 2819 18.
1805 2786 1893 2831 ψευ-

317 2829 464 2874 δοεπεῖς]
487 2830 635 2875 ψεύσται
656 2830 703 2865 Η.
851 2841 904 2875 19.
926 2832 1033 2864 πάντα
1050 2832 1096 2865 Η.
1146 2846 1181 2865 τε
1200 2838 1421 2876 assumptum
1439 2844 1479 2865 ex
1500 2833 1548 2866 H.
1695 2842 1818 2876 19—22.
1840 2832 1894 2866 καὶ

317 2876 540 2920 alt—&wimiis
556 2889 625 2910 om.
649 2877 694 2910 H.
963 2888 1065 2922 22—p.
1083 2888 1162 2922 323,
1181 2891 1212 2920 4.
1240 2878 1525 2923 διὸ-κηρύγματι
1543 2884 1764 2923 assumptum
1783 2890 1823 2911 ex
1844 2878 1892 2912 H.

319 2932 374 2956 22.
401 2922 493 2967 λέγει
511 2923 627 2968 τοῦτο]
648 2923 789 2969 Aliquid
808 2923 976 2958 excidisse
995 2923 1142 2958 videtur.
