1986 3282
87 149 258 204 xviii.3.
346 149 419 190 IN
464 147 877 190 S.JOANNEM.
941 147 1067 189 LIB.
1102 147 1180 188 XI.
1241 147 1502 189 CARXII.
1623 148 1672 187 15

89 257 278 324 Πατρός
316 258 533 325 εὐλογίας
572 257 1068 326 καταπεμφθήσεσθαι
1103 256 1281 326 σφίσιν
1314 255 1469 318 εἰπὼν,
1498 255 1673 325 ἔξεισιν

85 341 173 406 ἤδη
214 341 480 407 προθύμως,
523 339 606 391 τὸν
647 346 729 392 τοῦ
769 340 948 394 πάθους
989 338 1152 405 καιρὸν
1193 340 1276 389 οὐκ
1317 336 1671 401 ἀποσειόμενος,

86 424 189 474 οὔτε
227 422 320 487 μὴν
345 422 428 473 τὸν
456 420 568 489 ὑπὲρ
599 422 821 473 ἁπάντων
846 422 1128 475 καταδείσας
1167 419 1387 472 θάνατον.
1441 424 1542 473 πῶς
1580 419 1674 485 γὰρ

87 503 144 570 ῆν
169 504 288 558 εἰκὸς
325 510 464 557 τοῦτο
503 508 618 571 δρᾶν
643 503 726 556 τὸν
752 502 788 574 ᾧ
814 528 868 571 γε
906 504 1122 571 παρέστη
1147 507 1327 565 παθεῖν,
1354 502 1430 553 ἵνα
1467 506 1534 572 τῷ
1574 502 1674 571 ἰδίῳ

47 586 223 648 5πάθει
261 586 347 652 τὴν
386 585 609 639 ἁπάντων
648 587 878 639 ἀπάθειαν
915 587 1172 653 ἐκπρίηται,
1210 585 1473 654 ἀφιγμένον
1510 607 1560 635 τε
1599 583 1675 634 διὰ

86 675 225 721 τοῦτο
263 672 339 721 καὶ
377 668 536 735 μόνον,
562 669 638 720 ἵνα
676 673 742 739 τῷ
781 669 930 738 οἰκείῳ
966 669 1127 731 αἵματι
1165 668 1251 732 τὴν
1277 668 1545 732 σύμπασαν
1584 670 1675 733 γῆν

87 751 441 817 κατακτήσηται
487 756 554 822 τῷ
600 755 708 821 Θεῷ
756 753 832 803 καὶ
880 752 1039 818 Πατρί
1056 773 1068 814 3
1126 749 1406 804 πλειστάκις
1458 750 1544 814 μὲν
1593 751 1715 801 οῦνα
1737 759 1899 796 1011Α.

86 836 380 902 ἐμπαροινεῖν
411 834 646 899 ἑλομένων
683 838 777 886 τῶν
814 835 1054 886 Ἰουδαίων
1092 834 1234 903 αὐτῷ,
1272 832 1590 884 λιθόλευστόν
1623 857 1672 884 τε

86 922 233 969 ποιεῖν
258 918 316 987 ἐξ
347 918 568 971 ἀπονοίας
602 916 971 985 ἐπιχειρούντων,
998 915 1177 983 ἀπέδρα
1204 920 1488 983 θεοπρεπῶς,
1516 918 1676 985 ἀφανῆ

22 1029 69 1055 10
86 999 171 1064 μὲν
196 999 361 1052 ἑαυτὸν
387 999 628 1064 καθιστὰς,
657 999 906 1069 ὑπεξάγων
934 998 984 1051 δὲ
1017 1001 1093 1051 καὶ
1117 998 1251 1064 μάλα
1281 1000 1452 1069 ῥᾳδίως
1475 1002 1557 1064 τῆς
1583 1005 1677 1051 τῶν

87 1082 349 1149 ζητούντων
387 1082 555 1151 χειρός·
611 1082 666 1133 οὐ
704 1082 797 1149 γὰρ
836 1082 979 1147 ἤθελέ
1006 1105 1081 1133 πω
1121 1085 1301 1144 παθεῖν,
1343 1082 1473 1133 οὔπω
1513 1089 1676 1149 καιροῦ

87 1171 346 1220 καλοῦντος
384 1170 446 1219 εἷς
485 1171 624 1217 τοῦτο
657 1171 740 1216 τοῦ
778 1163 1052 1233 πρέποντος.
1102 1163 1257 1229 ἐπειδὴ
1292 1164 1341 1216 δὲ
1378 1164 1467 1229 ἤδη
1505 1168 1676 1231 παρῆν,

86 1246 172 1312 τὴν
199 1249 361 1299 ἑστίαν
392 1249 527 1318 ἀφεὶς
558 1249 606 1300 ἐν
632 1246 661 1316 ᾗ
688 1247 796 1301 τοὺς
832 1247 973 1302 ἰδίους
1005 1247 1413 1314 μεμυσταγώγηκε
1447 1247 1673 1312 μαθητὰς,
1694 1254 1722 1295 b

87 1331 348 1397 ἀφικνεῖται
373 1329 491 1397 πρὸς
517 1329 677 1393 τόπον,
699 1332 747 1381 ἐν
766 1328 893 1399 ᾧπερ
919 1328 976 1394 ἧν
1002 1329 1105 1384 ἔθος
1131 1331 1451 1381 ἐνδιαιτᾶσθαι
1471 1335 1676 1397 συχνῶς,

22 1435 69 1474 15
89 1412 215 1481 αὐτῷ
240 1435 289 1463 τε
315 1416 381 1483 τῷ
411 1412 602 1464 πάντων
630 1414 816 1477 Σωτῆρι
843 1413 1045 1481 Χριστῷ
1081 1413 1157 1463 καὶ
1195 1417 1292 1466 τοῖς
1330 1412 1478 1478 ἁγίοις
1516 1417 1672 1477 μαθη-

87 1499 201 1548 ταῖς.
252 1494 363 1559 ἕδρα
394 1494 442 1545 δὲ
476 1500 615 1546 τοῦτο
648 1494 810 1557 πάλιν,
837 1494 1172 1560 ἀταλαίπωρον
1198 1494 1428 1548 καθιστὰς
1455 1498 1521 1564 τῷ
1551 1518 1672 1561 προ-

88 1577 201 1646 δότῃ
239 1576 326 1643 τὴν
363 1579 565 1645 εὕρεσιν.
624 1578 767 1639 κῆπος
807 1579 856 1630 δὲ
895 1580 920 1629 ὃ
959 1583 1112 1647 χῶρος
1155 1577 1214 1644 ἧν
1259 1578 1313 1631 τὸ
1357 1586 1440 1631 τοῦ
1482 1580 1678 1647 ἀρχαίου

88 1663 256 1728 σχῆμα
304 1662 595 1727 παραδείσου
639 1665 857 1727 πληρῶν·
925 1663 1342 1730 ἀνακεφαλαίωσις
1382 1660 1475 1728 γὰρ
1514 1661 1678 1729 ὥσπερ

88 1743 296 1809 ἐγίγνετο
322 1747 417 1794 τῶν
442 1741 601 1795 τόπων
627 1745 703 1794 καὶ
739 1741 943 1807 πάντων,
972 1746 1034 1798 ὡς
1061 1744 1170 1798 ε”πος
1196 1748 1350 1806 εἰπεῖν,
1376 1744 1677 1811 ἐπαναδρομὴ

20 1851 70 1876 20
89 1824 208 1892 πρὸς
245 1825 300 1877 τὸ
340 1827 554 1893 ἀρχαῖον.
610 1827 658 1876 ἐν
696 1825 971 1896 παραδείσῳ
1009 1825 1095 1890 μὲν
1133 1825 1227 1893 γὰρ
1270 1831 1365 1877 τῶν
1406 1828 1514 1878 καθ’
1556 1828 1678 1891 ἡμᾶς

88 1913 388 1975 σκυθρωπῶν
412 1907 716 1972 συμβέβηκεν
742 1908 769 1972 ἡ
803 1907 939 1976 ἀρχὴ,
967 1911 1015 1959 ἐν
1045 1909 1176 1979 κήπῳ
1205 1908 1253 1960 δὲ
1278 1910 1353 1960 καὶ
1380 1909 1434 1960 τὸ
1461 1913 1678 1977 Χριστοῦ
1696 1925 1719 1953 0

87 1990 238 2045 πάθος
276 1991 458 2059 δέχεται
489 1990 574 2055 τὴν
604 1990 770 2059 ἀρχὴν,
797 1990 1020 2043 ἁπάντων
1046 1991 1156 2056 ἡμῖν
1180 1995 1275 2043 τῶν
1301 1990 1455 2043 πάλαι
1490 1996 1675 2056 συμβε-

88 2073 305 2138 βηκότων
331 2072 554 2143 εἰσφέρον
580 2072 666 2138 τὴν
691 2071 1038 2140 ἐπανόρθωσιν.

81 2239 138 2281 ‘O
176 2235 250 2281 οῦν
282 2238 451 2280 Ἰούδας
490 2238 757 2295 Παραλαβὼν
794 2239 871 2281 τὴν
909 2236 1088 2297 σπεῖραν
1126 2238 1196 2281 καὶ
1237 2240 1284 2281 ὲκ
1322 2240 1407 2282 τῶν
1445 2240 1676 2297 ἀρχιερέων
1699 2257 1721 2294 3

23 2337 70 2376 25
159 2322 228 2363 καὶ
265 2320 516 2378 Φαρισαίων
555 2321 770 2378 ὑΠΗρὲταε
807 2320 976 2379 ἔρχεται
1011 2319 1100 2364 ἐκεῖ
1137 2322 1243 2371 μετὰ
1283 2323 1434 2378 φανῶν
1467 2323 1536 2364 καὶ
1573 2332 1678 2371 λαμ-

157 2405 309 2447 Πάὸων
348 2405 417 2446 καὶ
449 2406 615 2448 ὅπλων.

163 2519 541 2586 Ἀναγκαιότατα
578 2518 726 2570 πάλιν
765 2520 789 2570 ὁ
830 2519 1084 2574 θεσπέσιος
1124 2518 1488 2586 Εὐαγγελιστὴς
1526 2522 1575 2571 ἐν
1612 2523 1679 2590 τῷ

91 2601 226 2672 κήπῳ
276 2601 498 2667 γενέσθαι
548 2603 672 2670 φησὶ
721 2600 803 2653 τὸν
853 2603 1065 2666 Ἰησοῦν,
1120 2603 1174 2653 οὐ
1227 2602 1443 2667 πλήθους
1494 2605 1677 2669 ἀνδρῶν
1699 2606 1726 2647 (l

91 2683 271 2750 ἑτέρων,
298 2683 381 2734 οὐκ
419 2682 567 2752 ὄχλου
601 2683 896 2747 συνθεόντος,
936 2684 1083 2750 ἤγουν
1122 2684 1373 2749 ἐπαμύνειν
1411 2686 1538 2754 αὐτῷ
1577 2687 1674 2735 διε-

138 2835 172 2871 5.
198 2826 287 2870 πάθη
308 2826 348 2860 Ε.
773 2838 806 2871 9.
834 2826 1092 2872 ἐπιχειρούντων
1109 2827 1147 2871 ἐξ
1163 2827 1322 2863 ἀπονοίας
1339 2828 1478 2861 inverso
1496 2827 1616 2861 ordine
1637 2827 1676 2860 E.

96 2882 150 2931 {5·
176 2888 212 2908 τε
229 2878 453 2916 assumptum
471 2885 514 2907 ex
532 2873 573 2908 E.
831 2886 884 2918 19.
910 2877 976 2908 τῶν
992 2875 1104 2909 τόπων
1123 2874 1160 2909 F.
1180 2876 1292 2909 τόπων
1310 2874 1376 2908 Ed.
1396 2886 1467 2915 mg.
1487 2875 1591 2907 τόπον
1611 2873 1676 2906 Ed.

93 2919 326 2964 επαναδρομὴν
343 2920 384 2953 Ε.
612 2931 667 2965 23.
694 2919 867 2966 εἰσφέρων
884 2920 926 2955 Ε,
947 2920 1053 2956 Cord.
1283 2922 1336 2955 28.
1364 2922 1420 2954 τὸν
1436 2919 1570 2963 Ἰησοῦν
1588 2921 1677 2963 φησι

92 2967 231 3001 inverso
249 2965 370 3001 ordine
389 2966 430 3001 E.
