2001 3257
291 113 373 152 136
692 114 743 155 B.
777 114 1055 156 CYRILLI
1096 116 1481 158 ALEXANDR.
1638 131 1707 156 xx.
1728 127 1792 164 22,
1814 126 1880 167 23.

291 222 456 272 ἑαυτοῦ
492 226 740 287 μαθηταῖς.
794 224 882 275 ἔδει
921 223 1014 290 γὰρ
1053 225 1141 275 ἔδει
1179 227 1361 276 κάκεῖνο
1399 224 1520 292 πρὸς
1552 223 1703 293 τούτῳ
1738 227 1877 285 νοεῖν,

291 301 363 353 ὅτι
400 309 482 354 τοῦ
511 304 788 367 Πνεύματός
827 307 930 356 ἐστι
969 305 1174 373 χορηγὸς
1211 310 1286 358 καὶ
1321 306 1479 373 δοτήρ.
1534 304 1771 371 τοιγάρτοι
1805 306 1881 354 καὶ

68 384 197 467 Ξξῗῖῗὸ·
291 385 516 453 ἔφασκεν,
535 385 606 437 ὅτι
628 393 654 416 “
675 386 832 438 πάντα
860 387 954 437 ὅσα
980 388 1072 455 ἔχει
1100 389 1123 438 ὁ
1148 388 1317 454 Πατὴρ
1343 387 1432 452 ε’μά
1459 388 1633 439 ἐστιν.”
1663 387 1755 454 ε”χει
1782 385 1829 437 δὲ
1856 386 1881 434 ὁ

294 465 464 533 Πατὴρ
490 468 546 537 ἐξ
569 469 735 519 ἑαυτοῦ
762 491 811 519 τε
838 471 914 519 καὶ
939 470 988 519 ἐν
1008 470 1155 538 ἑαυτῷ
1181 468 1234 520 τὸ
1262 469 1378 520 ’ίδιον
1398 474 1606 533 Πνεῦμα,
1625 468 1716 536 ἔχει
1741 473 1880 518 τοῦτο

291 550 339 599 ἐν
365 550 513 618 ἑαυτῷ
553 551 629 600 καὶ
669 551 693 600 ὁ
720 549 847 612 Υἱὸς,
877 552 1062 617 ἐπείπερ
1101 553 1231 602 ἐστὶν
1256 552 1505 616 ὀμοούσιος
1541 552 1685 620 αὐτῷ,
1717 551 1791 600 καὶ
1826 549 1882 618 ἐξ
1897 566 1920 604 5

292 631 435 681 αὐτοῦ
480 630 690 699 πέφηνεν
730 633 984 695 οὐσιωδῶς,
1022 633 1180 685 πάντα
1213 633 1273 684 τὰ
1311 639 1394 685 τοῦ
1432 632 1749 699 γεννήσαντος
1786 631 1880 683 ἰ’δια

292 716 508 779 φυσικῶς
535 712 655 781 ε”χων
681 715 729 764 ἐν
756 716 917 784 ἑαυτῷ.

359 792 474 846 “On
499 794 547 846 δὲ
574 796 723 847 καίτοι
748 795 914 847 πολλὰ
945 795 1181 852 πολλάκις
1216 799 1291 849 καὶ
1319 799 1367 848 ἐν
1395 799 1539 866 καιρῷ
1564 801 1630 867 τῷ
1654 796 1878 863 πρέποντι

254 875 489 943 οδράσειν
528 878 913 946 ὑπισχνούμενος,
947 878 1146 945 ἔδρασεν
1184 879 1309 944 ὅμως
1348 882 1423 930 καὶ
1461 879 1555 946 πρὸ
1595 884 1756 945 καιροῦ
1795 884 1878 930 τοῦ

292 960 604 1024 διωρισμένου
648 959 766 1027 πρὸς
811 962 1146 1029 πληροφορίαν
1187 962 1426 1028 ἡμετέραν,
1465 963 1540 1013 ἵνα
1583 961 1878 1024 πιστεύωμεν
1898 984 1948 1010 10

291 1041 484 1105 ἀληθῶς
520 1041 591 1092 ὅτι
622 1041 678 1106 δὴ
714 1043 903 1097 πάντως
942 1042 1194 1108 ἐκβήσεται
1233 1043 1292 1095 τὰ
1330 1044 1544 1111 εἰρημένα
1577 1043 1686 1109 παρ’
1716 1044 1874 1107 αὐτοῦ,

292 1123 505 1191 δείξομεν
545 1125 768 1176 ἐντεῦθεν.
838 1125 1165 1191 ἐπηγγέλλετο
1201 1125 1307 1180 τοὺς
1348 1125 1534 1192 νεκροὺς
1571 1127 1760 1192 ἐγείρειν
1801 1127 1878 1176 καὶ

292 1205 597 1269 ἀνακομίσειν
625 1207 754 1260 αὖθις
781 1211 843 1260 εἰς
871 1207 992 1273 ζωὴν
1017 1207 1124 1261 τοὺς
1149 1209 1197 1259 ἐν
1223 1210 1286 1276 γῇ
1316 1209 1547 1273 κειμένους
1574 1211 1647 1259 καὶ
1677 1209 1873 1276 χώματι.

70 1285 176 1326 Supra

69 1339 97 1359 v.
120 1337 169 1367 25.

70 1382 186 1424 1b·29-
293 1375 319 1399 ‘⁶
346 1373 508 1438 φωνῆς
545 1375 628 1421 τοῦ
666 1373 785 1421 Υὶοῦ
830 1377 913 1422 τοῦ
953 1375 1078 1423 Θεοῦ
1116 1374 1192 1423 καὶ
1232 1372 1573 1441 ἐξελεύσονται,
1614 1375 1656 1423 οἱ
1692 1372 1777 1437 μὲν
1817 1372 1876 1425 τὰ
1897 1391 1946 1430 15

292 1293 319 1316 ‘⁶
337 1284 566 1354 ’Έρχεται
602 1288 695 1354 γὰρ
719 1286 830 1355 ὥρα,
859 1291 997 1358 φησὶ,
1023 1290 1129 1341 καθ’
1158 1289 1216 1355 ἣν
1241 1294 1283 1341 οἱ
1316 1292 1466 1357 νεκροὶ
1500 1290 1761 1341 ἀκούσουσι
1794 1293 1877 1354 τῆς

291 1458 319 1481 “
345 1451 504 1518 ἀγαθὰ
541 1452 824 1517 ποιήσαντες
864 1456 925 1507 εἷς
963 1453 1233 1506 ἀνάστασιν
1271 1455 1400 1522 ζωῆς,
1440 1457 1482 1506 οἱ
1520 1453 1568 1505 δὲ
1608 1455 1667 1505 τὰ
1712 1460 1876 1523 φαῦλα

246 1539 320 1583 d“
344 1532 611 1603 πράξαντες
663 1538 726 1589 εἷς
775 1535 1046 1587 ἀνάστασιν
1088 1535 1327 1603 κρίσεως.”
1393 1536 1464 1587 ὅτι
1515 1535 1563 1587 δὲ
1612 1539 1688 1588 καὶ
1737 1543 1875 1589 τοῦτο

291 1616 584 1682 κατορθώσει
621 1616 792 1686 ῥᾳδίως
829 1622 1156 1687 πληροφορεῖν
1192 1618 1504 1684 ἐπειγόμενος,
1538 1620 1752 1670 ἐδίδασκε
1790 1619 1876 1683 μὲν

68 1711 228 1752 Ib.xi.25.
290 1698 447 1764 λέγων
475 1705 501 1728 “
520 1699 652 1764 Ἐγώ
678 1703 768 1763 εἰμι
800 1700 827 1764 ἡ
864 1700 1128 1754 ἀνάστασις
1166 1703 1240 1752 καὶ
1276 1702 1303 1764 ἡ
1339 1701 1476 1768 ζωή.”
1517 1703 1613 1753 ἐπεὶ
1648 1702 1695 1753 δὲ
1729 1702 1757 1765 ἡ
1791 1707 1875 1753 τοῦ

289 1780 572 1847 πράγματος
616 1781 859 1848 ὑπερβολὴ
898 1782 955 1833 τὸ
995 1783 1357 1844 ἀναβιώσεσθαί
1388 1807 1503 1835 ποτε
1541 1783 1647 1838 τοὺς
1688 1784 1874 1851 νεκροὺς
1895 1802 1944 1826 20

290 1861 495 1914 ἄπιστόν
522 1886 623 1918 πως
662 1865 811 1927 ἐτίθει,
839 1865 1009 1933 φθάνει
1049 1866 1297 1933 χρησίμως
1330 1865 1412 1917 τὸν
1445 1869 1529 1930 τῆς
1567 1866 1875 1921 ἀναστάσεως

290 1945 465 2012 καιρὸν,
505 1948 580 1997 καὶ
627 1946 817 1998 δεικνύει
862 1946 915 1998 τὸ
961 1952 1158 2012 σημεῖον
1196 1949 1384 2014 ἐγείρων
1422 1949 1504 2000 τὸν
1540 1947 1757 2015 Λάζαρον
1799 1951 1874 2000 καὶ

289 2027 373 2079 τὸν
410 2031 493 2092 τῆς
532 2028 679 2095 χήρας
719 2029 816 2080 υἱὸν
856 2029 931 2081 καὶ
977 2028 1031 2081 τὸ
1069 2029 1264 2095 Ἰαείρου
1307 2030 1479 2097 κόριον.
1548 2034 1624 2083 καὶ
1668 2032 1718 2082 τί
1755 2031 1874 2099 πρὸς

289 2109 469 2164 τούτοις
509 2110 696 2177 ἕτερον;
739 2112 1080 2181 ἐπιδοξοτάτην
1105 2111 1209 2163 τινὰ
1248 2113 1403 2178 λέγων
1434 2113 1629 2165 ε”σεσθαι
1667 2112 1753 2178 τὴν
1778 2119 1874 2165 τῶν

67 2194 228 2228 SMatth.
292 2194 439 2258 ἁγίων
466 2192 736 2245 ἀνάστασιν
757 2201 783 2224 “
804 2193 942 2257 Τότε,
962 2192 1056 2261 γάρ
1082 2199 1248 2264 φησιν,
1279 2200 1321 2247 οἱ
1347 2197 1512 2247 δίκαιοι
1538 2195 1873 2265 ἐκλάμψουσιν
1892 2216 1942 2256 25

66 2251 135 2270 Xlll.
174 2249 201 2271 ἰ

149 2251 188 2278 45
252 2295 273 2321 e
294 2282 319 2304 ‘⁶
347 2277 408 2328 ὡς
435 2276 459 2326 ὁ
486 2276 619 2340 ἥλιος
645 2277 692 2327 ἐν
719 2278 777 2344 τῇ
804 2278 1032 2346 βασιλείᾳ
1067 2282 1150 2328 τοῦ
1185 2278 1364 2346 πατρὸς
1395 2279 1573 2342 αὐτῶν,’

1579 2279 1589 2295 9

1617 2279 1692 2330 ἵνα
1725 2277 1873 2330 πάλιν

292 2359 354 2410 ὡς
379 2359 534 2422 ἀληθῆ
562 2357 716 2423 λέγων
741 2359 1031 2423 πιστεύηται,
1057 2361 1275 2427 πρόωρον
1299 2365 1394 2414 τοῖς
1420 2365 1649 2425 μαθηταῖς
1681 2363 1755 2412 καὶ
1788 2360 1873 2425 τὴν

68 2444 194 2519 »ΞῙΛΣΒΟ-
291 2438 458 2489 τούτου
498 2438 606 2490 θέαν
641 2440 890 2508 ἐχαρίζετο.
946 2449 972 2471 “
994 2441 1294 2508 παραλαβὼν
1323 2442 1416 2509 γὰρ
1452 2444 1637 2510 Πέτρον
1674 2444 1749 2495 καὶ
1779 2442 1873 2494 Ἰά-

598 2526 613 2539 X
640 2524 648 2538 5
737 2523 748 2537 Ι
914 2525 924 2540 )
972 2524 984 2540 Ι
1108 2528 1118 2542 9
1215 2523 1228 2539 Χ
1282 2525 1304 2542 ‚l
1480 2528 1492 2542 X
1633 2541 1635 2543 .
1795 2526 1808 2541 Ῐ

66 2529 230 2605 S'vlgassth'
291 2527 318 2548 ‘⁶
346 2526 501 2582 κωβον
539 2545 614 2572 και
656 2526 862 2587 Ιωαννην
899 2529 1044 2588 ανεβη
1083 2548 1145 2578 εις
1183 2548 1236 2575 το
1275 2548 1382 2590 ορος
1420 2549 1493 2575 και
1532 2529 1872 2595 μετεμορφωθη

66 2586 89 2606 x
139 2599 145 2605 ¹
186 2597 193 2605 ⁸
291 2608 318 2631 ‘⁶
345 2602 615 2668 ἔμπροσθεν
659 2605 825 2667 αὐτῶν,
866 2607 941 2655 καὶ
984 2604 1178 2674 ἐ’λαμψε
1221 2606 1276 2656 τὸ
1320 2606 1582 2672 πρόσωπον
1625 2608 1766 2658 αὐτοῦ
1810 2610 1872 2661 ὡς
1891 2624 1942 2661 30

291 2691 318 2713 “
345 2684 582 2750 ἀστραπὴ,
609 2684 668 2735 τὰ
707 2685 755 2736 δὲ
795 2686 954 2748 ἱμάτια
994 2688 1136 2738 αὐτοῦ
1174 2689 1353 2750 ἐγένετο
1389 2687 1534 2739 λευκὰ
1569 2691 1680 2739 ὡσεὶ
1710 2689 1869 2756 χιών.”

342 2827 371 2849 1.
399 2817 499 2850 τοῦτο
517 2827 551 2860 p.
694 2829 727 2858 4.
755 2817 858 2851 αὐτοῦ
875 2830 910 2862 p.
978 2817 1103 2851 Statim
1120 2833 1156 2852 τε
1174 2825 1396 2864 assumptum
1415 2831 1456 2854 ex
1476 2819 1554 2864 E.p.
1707 2821 1740 2854 8.
1767 2821 1874 2857 καίτοι

290 2861 370 2906 E.p.
389 2862 442 2895 καὶ
461 2862 566 2896 καίτοι
586 2861 653 2897 Ed.
868 2876 900 2908 9.
927 2867 1139 2909 προσκαιροῦ
1157 2865 1237 2908 (sic)
1260 2865 1302 2900 E.
1519 2877 1570 2900 12.
1598 2866 1824 2912 ἐπηγγείλατο
1843 2880 1873 2903 a.

292 2918 347 2951 23.
375 2908 481 2943 καίτοι
502 2908 583 2953 (sic)
605 2908 644 2942 E.
791 2910 845 2944 26.
873 2912 891 2943 ὁ
909 2916 1132 2956 assumptum
1154 2923 1195 2946 ex
1215 2911 1293 2957 E.p.
