2012 3272
494 150 651 191 RESP.
685 149 767 190 AD
799 148 910 190 TIB.
946 148 1297 190 SOCIOSQUE.
1605 151 1687 190 599

95 258 260 326 ὥσπερ
288 261 429 329 οἰκείᾳ
461 259 560 328 ῥίζῃ
600 259 1044 325 συναπομαρανθέν.
1103 262 1140 309 εἰ
1179 257 1271 324 γὰρ
1310 256 1539 327 πρόξενος
1578 259 1688 322 ἡμῖν

94 341 317 393 ἁπάντων
358 347 452 393 τῶν
495 346 650 392 κακῶν
692 342 719 405 ἡ
766 341 971 408 ἁμαρτία
1015 341 1226 406 γέγονεν,
1272 342 1511 406 ἀναίρεσις
1554 341 1688 391 ε”σται

93 428 188 474 τῶν
237 425 615 487 συμβεβηκότων
667 425 694 488 ἡ
736 426 784 474 ἐν
828 427 1030 492 Χριστῷ
1081 423 1337 481 δικαίωσις,
1386 424 1440 472 δι’
1484 424 1690 485 ὑπακοῆς

94 507 419 569 εἷσβαίνουσα,
447 509 520 557 καὶ
547 506 601 557 τὸ
633 508 908 557 ἀνυπαίτιον
935 506 1113 572 ἔχουσα
1139 509 1400 558 παντελῶς.
1458 503 1584 555 ὥστε
1613 507 1688 555 καὶ
1708 536 1728 559 a
1749 527 1837 560 394
1860 526 1913 561 A,

53 591 130 640 5εἶ
168 587 429 655 πεφόρεκεν
469 591 532 642 ὡς
571 592 695 655 φασὶ
735 587 816 638 τὸν
856 588 1012 651 Ἀδὰμ,
1041 588 1152 637 ἀλλ’
1183 588 1236 638 οὐ
1275 589 1373 638 κατ’
1403 588 1575 638 ἐκεῖνον
1617 586 1688 651 ἧν,

94 668 176 720 τὸν
202 672 251 720 ἐκ
280 673 365 735 γῆς
396 670 571 738 χοϊκὸν,
598 670 709 721 ἀλλ’
737 673 800 725 ὡς
838 670 1111 736 ἐπουράνιος
1149 670 1448 735 ἀσυγκρίτως
1488 670 1688 732 ἀμείνων

95 757 178 802 τοῦ
203 758 380 820 χοϊκοῦ.
437 756 509 803 καὶ
539 757 635 806 τοῖς
663 756 744 817 τῆς
780 752 1139 818 ἀναμαρτησίας
1165 752 1370 806 ἐπαίνοις
1397 751 1483 815 τὴν
1510 752 1689 817 ἀνθρώ-

94 857 188 886 που
215 834 364 902 φύσιν
389 834 776 904 στεφανουμένην
802 836 850 885 ἐν
876 835 1002 904 αὐτῷ
1031 833 1270 899 θεωρήσαι
1296 857 1364 888 τις
1392 832 1464 896 ἂν,
1494 835 1691 900 ἐπιμαρ-

95 917 328 982 τυρούσης
354 918 480 986 αὐτῷ
513 920 595 980 τῆς
623 916 939 968 θεοπνεύστου
971 919 1175 984 γραφῆς,
1203 915 1274 967 ὅτι
1301 924 1328 945 “
1349 917 1581 982 ἁμαρτίαν
1608 917 1690 967 οὐκ
1754 909 1909 983 §.siff-'en

32 1015 78 1040 10
97 1005 124 1027 ‘⁶
147 999 365 1063 ἐποίησεν
389 998 495 1051 οὐδὲ
521 999 682 1066 εὑρέθη
710 999 850 1053 δόλος
877 1000 925 1050 ἐν
951 1003 1018 1069 τῷ
1044 998 1249 1063 στόματι
1276 999 1466 1049 αῦτοῦ.”

1708 1101 1730 1126 a
1751 1092 1827 1127 371
1848 1091 1900 1127 A.

299 1160 406 1212 Πρὸς
426 1160 513 1203 τοὺς
534 1159 724 1213 λέγοντας
746 1161 795 1200 Εἰ
818 1160 879 1200 καὶ
901 1159 1067 1212 ἄγγελοι
1091 1158 1170 1200 κατ’
1195 1160 1324 1200 εἰκόνα
1347 1162 1467 1200 Θεοῦ.
1713 1152 1797 1195 ῙΔ’·

716 1288 1072 1325 ΕΠΙΛΎΣΙΣ.

173 1392 244 1444 Τὸ
283 1392 343 1444 δέ
359 1394 476 1444 Κατ’
505 1392 659 1444 εἰκόνα
687 1397 812 1444 Θεοῦ
853 1391 1226 1459 διερμηνεύοντες
1264 1393 1339 1443 ε’πὶ
1378 1397 1461 1442 τοῦ
1500 1391 1684 1455 ἀνθρώ·

98 1499 205 1539 που,
231 1477 285 1526 οῦ
310 1475 396 1540 τὴν
416 1481 499 1526 τοῦ
525 1476 750 1539 σώματος
777 1475 924 1527 εὶδέαν
950 1478 1377 1544 μεταμορφοῦσθαι
1402 1473 1521 1540 πρὸς
1547 1473 1690 1525 αὐτὸν

33 1571 80 1609 15
100 1557 336 1624 ἐλέγομεν.
391 1558 649 1622 ἀσώματον
675 1557 769 1625 γὰρ
796 1557 946 1609 ἄῦλόν
973 1581 1022 1609 τε
1050 1559 1125 1609 καὶ
1150 1555 1326 1624 ἀναφὲς
1353 1556 1408 1608 τὸ
1445 1561 1583 1615 θεῖον,
1615 1559 1688 1606 καὶ
1708 1568 1735 1609 b

98 1640 367 1704 ποσότητος
393 1640 601 1692 ἐπέκεινα
627 1643 702 1692 καὶ
728 1643 1042 1709 περιγραφῆς,
1072 1640 1218 1694 εἴδους
1244 1662 1293 1690 τε
1320 1640 1394 1689 καὶ
1422 1637 1686 1705 σχήματος.

98 1721 440 1790 ἐφαρμόζοντες
479 1722 527 1774 δὲ
565 1725 632 1793 τῷ
671 1723 904 1792 ἀνθρώπῳ
943 1723 1025 1773 τὸν
1065 1727 1189 1773 θεῖον
1227 1721 1565 1791 ἐξεικονισμὸν,
1590 1720 1692 1771 ἐλέ-

100 1827 247 1870 γομεν
273 1804 343 1855 ὅτι
382 1804 501 1856 κατὰ
538 1805 624 1869 τὴν
650 1809 745 1856 τῶν
783 1805 911 1870 ἠθῶν
949 1804 1051 1869 ἤτοι
1087 1808 1182 1856 τῶν
1221 1803 1410 1870 τρόπων
1449 1801 1691 1867 ποιότητα,

101 1888 177 1938 καὶ
213 1888 312 1938 κατ’
341 1885 461 1941 εἶδος
495 1886 549 1938 τὸ
581 1886 909 1951 πνευματικὸν,
937 1887 962 1939 ὃ
996 1886 1072 1938 διὰ
1111 1890 1194 1951 τῆς
1231 1891 1326 1938 τῶν
1364 1887 1542 1953 ἀρετῶν
1580 1886 1692 1935 εὐεκ

34 1988 82 2013 20
102 1971 201 2024 δίας
226 1970 507 2038 ἐκφαίνεται,
533 1970 828 2034 πεποιῆσθαί
851 1975 1008 2038 φαμεν
1034 1971 1136 2021 καθ’
1166 1970 1393 2034 ὁμοίωσιν
1428 1970 1570 2019 αὐτοῦ
1608 1972 1692 2018 τοῦ

102 2055 402 2118 δημιουργοῦ.
458 2054 505 2102 ἐν
531 2053 670 2103 παντὶ
704 2050 797 2118 γὰρ
823 2054 956 2122 καλῷ
994 2052 1049 2103 τὸ
1090 2057 1228 2114 θεῖον,
1255 2053 1331 2102 καὶ
1358 2050 1550 2114 ἁπάσης
1577 2052 1688 2116 ἀρε-

101 2137 184 2198 τῆς
222 2134 466 2199 αὑτοπηγὴ
506 2138 582 2184 καὶ
619 2133 722 2201 ῥίζα
766 2137 845 2199 γαὶ
891 2133 1085 2200 γένεσις,
1126 2135 1223 2198 ἥκει
1263 2133 1311 2184 δὲ
1357 2135 1431 2184 καὶ
1471 2137 1532 2187 εἰς
1572 2133 1693 2196 ἡμᾶς

101 2217 273 2267 ἐκεῖθεν
302 2215 361 2267 τὰ
399 2215 568 2282 ἀγαθά.
621 2220 657 2267 εἱ
696 2217 852 2267 τοίνυν
879 2215 999 2267 κατά
1037 2238 1092 2281 γε
1131 2215 1216 2280 τὴν
1250 2215 1307 2284 ἐξ
1342 2217 1519 2281 ἀρετῶν
1546 2215 1733 2265 εἷδεάνο

153 2369 183 2393 1.
209 2357 406 2403 πρόξενος’
391 2359 468 2401 ημῖν
483 2357 638 2393 ἁπάντων
654 2361 721 2393 τῶν
739 2361 846 2393 κακῶν
862 2358 906 2393 A.
922 2358 1056 2393 πάντων
1073 2361 1139 2392 τῶν
1156 2360 1263 2392 κακῶν
1279 2355 1476 2402 πρόξενος
1461 2357 1539 2400 ημῖν
1557 2356 1604 2390 D.
1624 2354 1692 2389 Ed.

101 2414 136 2448 5.
174 2407 366 2450 πεφόρεκεν
393 2406 438 2440 ὡς
466 2406 558 2450 φασι
591 2406 648 2439 τὸν
676 2404 784 2449 Ἀδὰμ
816 2405 861 2441 A.
893 2406 953 2439 τὸν
981 2405 1090 2449 Ἀδὰμ
1120 2405 1164 2440 ὡς
1196 2405 1288 2450 φασι
1316 2405 1452 2448 πεφόρη
1456 2418 1511 2437 κεν
1541 2403 1588 2437 D.
1623 2402 1690 2436 Ed.

102 2452 136 2487 6.
161 2452 373 2497 ἀσυγκρὶτως
390 2451 532 2495 ἀμείνων
548 2451 616 2486 hoc
633 2452 757 2486 ordine
774 2452 819 2485 A.
1023 2461 1054 2497 7.
1080 2450 1382 2496 dvapnprrym'ac]‘
1367 2451 1530 2495 αμαρτίας
1547 2450 1627 2494 (Sic)
1646 2449 1691 2483 A.

102 2499 136 2533 8.
152 2499 427 2554 στεφανωμένην
441 2499 521 2543 (Sic)
541 2499 608 2533 Ed.
672 2497 729 2544 ἂν]
742 2503 790 2554 j-
813 2498 946 2533 δύναιτο
965 2498 1031 2533 Ed.
1051 2498 1330 2543 repugnantibus
1348 2498 1392 2532 A.
1398 2497 1443 2532 D.
1509 2497 1691 2554 ἐπιμαρτυ-

101 2544 415 2598 ρούσης--γραφῆς
432 2545 498 2579 hoc
516 2545 638 2579 ordine
656 2546 699 2579 A.
718 2547 776 2589 τῆς
794 2546 825 2579 θ.
843 2545 1014 2591 γραφῆς’
998 2560 1088 2598 επιμ.
1107 2546 1195 2591 αὐτῷ
1216 2544 1282 2579 Ed.
1493 2555 1546 2578 11.
1564 2544 1618 2577 IA'
1637 2555 1689 2577 re-

102 2592 206 2637 posui
223 2603 241 2626 e
259 2597 295 2625 Γ.
315 2591 364 2625 ΙΓ’
383 2592 415 2625 Α
432 2604 505 2633 mg.
663 2603 717 2627 12.
743 2592 903 2627 ἐπίλυσις
921 2592 1061 2637 reposui
1078 2603 1096 2625 e
1114 2597 1150 2627 Γ.
1168 2593 1293 2636 κεφαλ.
1311 2590 1338 2625 δ
1358 2590 1425 2625 Ed.
1574 2601 1627 2635 13.
1654 2589 1693 2623 δέ

102 2644 324 2683 assumptum
343 2650 383 2672 ex
402 2638 446 2672 A.
451 2638 492 2673 C.
495 2644 531 2672 Γ.
820 2650 872 2681 14.
898 2642 958 2673 τοῦ
975 2640 1133 2683 σώματος
1150 2638 1259 2672 εῖδεαν
1279 2638 1323 2672 Α.
1329 2637 1370 2671 C.
1389 2637 1480 2671 ἰδέαν
1497 2639 1557 2670 τοῦ
1575 2639 1691 2679 σώμα-

102 2699 159 2720 τος
173 2685 241 2719 Ed.
303 2685 609 2730 μεταμορφοῦσθαι
629 2684 895 2730 [μεμορφῶσθαι
914 2685 955 2720 C.
959 2685 974 2731 ]
993 2686 1078 2730 πρὸς
1095 2685 1196 2719 αὐτὸν
1209 2684 1372 2730 ἐλεγομεν
1386 2684 1453 2719 hoc
1467 2684 1588 2718 ordine
1600 2684 1643 2717 A.
1648 2683 1690 2716 C.

101 2731 409 2776 μεταμορφοῦσθαι
428 2737 507 2776 post
524 2731 687 2777 ἐλέγομεν
704 2738 747 2766 tr.
766 2731 833 2766 Ed.
972 2741 1025 2777 15.
1050 2731 1221 2777 ἀναφανὲς
1240 2732 1321 2776 (Sic)
1342 2731 1383 2765 C.
1523 2730 1576 2764 16.
1603 2729 1690 2774 σχή-

102 2776 224 2823 ματος]
243 2777 532 2821 πλημμελήματος
550 2778 695 2822 (errore)
714 2777 756 2812 C.
903 2787 956 2823 17.
983 2779 1235 2824 εφαρμόζοντος
1252 2778 1333 2822 (Sic)
1353 2777 1399 2812 D.
1546 2787 1600 2819 19.
1625 2779 1692 2809 τῶν

103 2825 231 2869 ἀρετῶν
247 2823 388 2859 εὐειδίας
404 2823 471 2858 hoc
489 2824 609 2858 ordine
627 2826 669 2858 A.
674 2824 716 2859 C.
823 2835 878 2859 20.
903 2826 1017 2870 φαμεν
1034 2831 1256 2869 assumptum
1274 2836 1316 2858 ex
1334 2824 1378 2858 A.
1384 2823 1425 2857 C.
1523 2832 1578 2856 21.
1606 2821 1692 2856 ἆπά·

105 2886 169 2915 σης
184 2870 304 2915 ἀρετῆς
320 2870 502 2927 αὐτοπηγὴ
513 2869 618 2916 [αὐτῷ
636 2871 726 2916 πηγὴ
744 2883 808 2916 pro
825 2883 921 2906 more
938 2871 978 2906 C.
982 2870 996 2917 J
1017 2886 1069 2906 και
1087 2870 1162 2916 ῥίζα
1179 2885 1232 2905 και
1249 2885 1403 2916 γενεσις
1393 2871 1435 2904 A.
1441 2868 1482 2904 C.
1501 2869 1584 2902 αὐτὸ
1600 2868 1690 2912 πηγὴ

105 2919 157 2951 καὶ
175 2916 250 2961 ῥίζα
267 2932 319 2952 και
336 2918 470 2962 γένεσις
487 2916 621 2960 ἁπάσης
637 2917 756 2961 ἀρετῆς
777 2918 823 2952 D.
842 2917 908 2952 Ed.
1082 2929 1136 2962 23.
1163 2932 1202 2962 γε
1221 2917 1262 2951 C.
1281 2931 1316 2951 τε
1336 2916 1403 2950 Ed.
1477 2915 1585 2949 εἶδέαν
1602 2916 1644 2949 A.
1650 2914 1692 2948 C.

104 2963 195 2997 ἰδέαν
213 2963 279 2998 Εᾶ.
