1981 3267
35 403 196 435 Ps.lxviii.

37 455 52 477 2
60 456 74 476 2
81 472 86 477 .

33 909 65 939 S.
81 909 162 941 Luc.

33 953 122 982 xxiii.
142 954 192 992 36.

33 1021 194 1053 S.Matth.

32 1065 134 1095 xxvii.
144 1066 194 1104 48.

20 1110 65 1148 ¹S.
79 1108 184 1139 Marc.

33 1161 87 1182 xv.
108 1151 158 1191 36.

257 137 313 175 94
425 192 428 196 ⁴
667 136 715 177 B.
750 136 1027 178 CYRILLI
1068 138 1451 180 ALEXANDR.
1588 137 1672 179 xiX.
1693 137 1757 188 28,
1778 150 1844 193 29.

256 246 343 307 τῆς
369 243 556 309 ἀγάπης
582 244 840 296 ἐπλάττετο
869 249 1067 312 σχῆμα;
1108 247 1218 296 ἀλλ’
1242 247 1325 297 οὐκ
1351 245 1408 310 ἧν
1434 245 1625 315 ἐφικτὸν
1651 246 1845 314 διαψεύ-

258 327 449 376 σασθαί
490 349 604 377 ποτε
648 327 736 390 τὴν
774 326 1091 378 θεόπνευστον
1137 327 1343 396 γραφὴν,
1385 330 1446 382 ὡς
1488 329 1537 378 ἐκ
1581 329 1845 394 προσώπου

259 407 500 474 λέγουσαν
540 414 623 458 τοῦ
667 411 888 474 Σωτῆρος
928 409 1060 472 ἡμῶν
1101 412 1319 474 Χριστοῦ
1360 412 1465 474 περὶ
1507 410 1660 460 αὐτῶν
1705 417 1731 439 ‘⁶
1750 412 1845 460 Καὶ

259 496 285 519 ‘⁶
311 488 489 539 ἔδωκαν
516 493 577 542 εἷς
617 488 670 539 τὸ
710 489 881 555 βρῶμά
919 513 1011 553 μου
1049 489 1216 557 χολὴν,
1252 492 1328 541 καὶ
1368 494 1429 544 εἷς
1467 489 1552 554 τὴν
1579 491 1728 559 δίψαν
1753 513 1844 554 μου

258 580 285 599 “
314 570 544 621 ἐπότισάν
582 593 639 632 με
678 569 833 638 ὅξος.”

331 653 473 702 Ἀλλ’
503 653 527 702 ὁ
553 651 638 715 μὲν
669 652 894 718 μακάριος
924 651 1286 719 Εὐαγγελιστὴς
1313 652 1547 717 Ἰωάννης,
1579 653 1662 704 τὸν
1688 654 1839 720 σπόγ-

257 757 334 798 γον
359 739 443 784 τοῦ
483 734 599 803 ὄξους
627 734 826 804 ὑσσώπῳ
854 733 1096 805 περιθέντας
1119 736 1446 801 προσκομίσαι
1473 736 1613 803 φησί·
1658 738 1844 789 Λουκᾶς

256 813 405 880 γεμὴν
434 814 616 868 οὐδενὸς
654 815 708 866 τὸ
740 816 966 882 παράπαν
1004 818 1307 880 ἐπιμνησθεὶς
1346 816 1571 880 τοιούτου,
1599 815 1743 880 μόνον
1774 817 1844 868 ὅτι

255 896 572 964 προσήγαγον
611 896 722 967 ὅξος
761 899 1107 966 διισχυρίσατο*
1160 902 1407 953 Ματθαῖος
1443 897 1491 949 δὲ
1530 900 1604 949 καὶ
1643 897 1843 964 Μάρκος

257 979 458 1048 καλάμῳ
500 979 583 1031 τὸν
629 980 852 1045 σπόγγον
890 980 1239 1046 περιτεθεῖσθαί
1277 985 1415 1049 φασι.
1476 982 1551 1030 καὶ
1598 982 1837 1048 διαφωνῆ-

257 1084 341 1112 σαι
390 1060 476 1125 μὲν
520 1062 636 1115 ’ίσως
679 1060 926 1126 οἶήσονταί
965 1085 1084 1116 τινες
1127 1061 1233 1115 τοῦς
1279 1063 1438 1128 ἁγίους
1483 1062 1841 1128 εὐαγγελιστάς·

257 1143 399 1195 πάθοι
449 1144 485 1194 δ’
531 1143 588 1194 ἂν
635 1141 763 1207 οἶμαι
802 1149 896 1194 τῶν
938 1144 986 1194 εὖ
1026 1144 1329 1212 φρονούντων
1373 1145 1518 1198 οὐδεὶς
1569 1145 1617 1195 ε”ν
1655 1167 1709 1209 γε
1748 1150 1843 1199 τοῖς

258 1226 483 1279 τοιούτοις
515 1224 641 1276 αὐτό.
699 1226 752 1276 τὸ
786 1225 880 1291 γὰρ
908 1224 1024 1278 εἶδος
1056 1228 1138 1288 τῆς
1170 1226 1402 1287 ἀσεβείας,
1430 1227 1532 1293 οὐχὶ
1572 1225 1628 1289 δὴ
1655 1227 1844 1281 πάντως

212 1313 240 1355 d
258 1329 307 1357 τε
334 1308 409 1357 καὶ
436 1308 698 1373 ἀναγκαίως
732 1310 806 1358 καὶ
834 1308 937 1358 τίνα
970 1308 1147 1373 τρόπον
1174 1307 1428 1373 ἐπράττετο
1458 1306 1675 1373 ζητητέον
1698 1330 1710 1366 ;
1749 1331 1844 1359 τοι-

257 1388 421 1454 γάρτοι
468 1390 543 1439 καὶ
588 1390 612 1439 ὁ
658 1388 913 1442 θεσπέσιος
968 1393 1153 1442 Λουκᾶς
1204 1389 1388 1442 οὐδενὸς
1435 1389 1646 1457 ἀξιώσας
1696 1390 1844 1456 λόγου

253 1473 336 1533 τῆς
383 1474 709 1536 προσαγωγῆς
758 1471 841 1522 τὸν
890 1471 1079 1538 τρόπον,
1126 1470 1513 1537 ἀπεριεργότερον
1559 1470 1667 1539 ὅξος
1718 1468 1843 1542 αὐτῷ

255 1553 459 1619 διψῶντι
507 1553 916 1619 προσκεκομίσθαι
962 1554 1126 1621 φησίν.
1195 1553 1298 1603 ε”στι
1341 1552 1389 1603 δὲ
1430 1553 1513 1603 οὐκ
1555 1554 1843 1621 ἀμφίβολον,

259 1635 321 1687 ὡς
365 1635 449 1685 οὐκ
489 1634 545 1685 ἂν
584 1635 818 1699 ἀλλήλοις
858 1637 906 1686 ἐν
943 1639 1040 1689 τοῖς
1079 1637 1200 1686 οὕτω
1239 1639 1418 1700 μικροῖς
1463 1636 1538 1685 καὶ
1576 1640 1659 1686 τοῦ
1695 1637 1841 1699 μηδε-

255 1715 332 1769 νὸς
380 1716 529 1785 ἀξίοις
573 1717 917 1784 ἀντεφώνησαν
961 1720 1003 1767 οὶ
1045 1718 1393 1782 εὐαγγελισταῖ,
1433 1716 1580 1767 καίτοι
1623 1739 1842 1786 συνενεχ-

1863 594 1885 633 5

1865 1008 1914 1034 10

1867 1411 1914 1447 Ι5

255 1798 410 1851 θέντες
458 1800 532 1849 καὶ
582 1800 630 1849 ἐν
674 1804 769 1852 τοῖς
811 1799 1079 1864 ἀναγκαίοις
1130 1799 1200 1850 ὅτι
1243 1798 1458 1860 μάλιστα
1502 1799 1843 1862 συμβαίνοντες
1863 1825 1914 1850 20

255 1902 304 1930 τε
360 1882 435 1930 καὶ
492 1878 926 1948 συμφθεγγόμενοι.
993 1882 1063 1934 τίς
1121 1881 1202 1931 οῦν
1251 1881 1279 1943 ἡ
1329 1879 1547 1948 διαφορὰ,
1601 1881 1844 1946 θεραπείας

259 1961 306 2011 δὲ
342 1962 446 2012 τίνα
485 1961 663 2030 δέξεται
690 1961 898 2028 τρόπον,
942 1961 1202 2026 οὐδαμόθεν
1236 1962 1533 2029 ἀμφίβολον,
1566 1961 1635 2012 ὅτι
1666 1964 1847 2013 πολλοί

259 2066 378 2096 τινες
412 2042 539 2107 ἦσαν
563 2046 645 2107 τῆς
672 2043 791 2094 κατὰ
816 2047 1033 2111 Χριστοῦ
1069 2043 1354 2103 δυσσεβείας
1386 2046 1427 2093 οἱ
1454 2043 1691 2110 ὑπηρέται,
1719 2046 1843 2112 φημὶ

220 2124 317 2189 Οδὴ
356 2125 663 2192 στρατιώτας,
703 2126 833 2192 οἵπερ
872 2125 1013 2177 αὐτὸν
1052 2125 1349 2190 ἀπεκόμισαν
1387 2126 1461 2176 ἐπὶ
1499 2124 1581 2176 τὸν
1613 2125 1838 2191 σταυρόν·

258 2212 480 2258 πλεῖστοι
508 2207 555 2258 δὲ
592 2209 668 2258 καὶ
703 2212 797 2258 τῶν
820 2208 1058 2259 Ἰουδαίων
1084 2206 1166 2258 τὸν
1192 2210 1274 2271 τῆς
1308 2207 1548 2278 ὠμότητος
1584 2206 1842 2272 ἐμερίζοντο
1863 2230 1910 2268 25

258 2287 454 2355 τρόπον,
485 2292 559 2340 καὶ
595 2293 636 2340 οἱ
670 2289 753 2354 μὲν
780 2289 980 2360 καλάμῳ
1016 2288 1244 2357 περιθέντες
1278 2288 1360 2339 τὸν
1387 2290 1604 2354 σπόγγον,
1630 2292 1672 2339 οἱ
1704 2288 1751 2340 δὲ
1777 2293 1843 2358 τῷ

259 2371 391 2440 ξύλῳ
431 2374 513 2434 τῆς
544 2372 832 2436 καλουμένης
873 2371 1120 2434 ὑσσώπου,
1146 2370 1351 2434 βοτάνης
1387 2370 1435 2421 δὲ
1468 2369 1588 2424 εἶδος
1614 2370 1641 2434 ἡ
1670 2372 1834 2421 ὕσσω-

257 2475 359 2512 πος,
388 2451 596 2519 ἐπότιζον
628 2453 711 2504 τὸν
735 2454 940 2518 Ἰησοῦν,
967 2453 1198 2519 ἔπραττον
1224 2452 1273 2503 δὲ
1312 2454 1387 2502 καὶ
1425 2458 1564 2503 τοῦτο
1603 2452 1722 2503 κατὰ
1759 2455 1843 2516 τῆς

259 2535 426 2587 οἰκείας
467 2538 509 2584 οὶ
551 2535 744 2586 δείλαιοι
788 2538 1016 2604 κεφαλῆς.
1082 2534 1135 2585 τὸ
1174 2534 1267 2601 γὰρ
1305 2533 1575 2599 μηδαμόθεν
1609 2536 1842 2585 ἐλεεῖσθαι

259 2618 354 2666 δεῖν
395 2616 582 2669 ἑαυτοῦς
633 2618 716 2667 οὐκ
761 2617 930 2671 εἰδότες
978 2617 1332 2682 κατεσκεύαζον,
1375 2614 1502 2667 ἅπαν
1546 2615 1631 2679 μὲν
1672 2616 1838 2681 ἡμερό-
1863 2636 1913 2672 30

259 2720 397 2761 τητος
435 2699 510 2748 καὶ
550 2699 908 2766 φιλανθρωπίας
947 2696 1064 2751 εἶδος
1103 2698 1467 2761 ἀποδυσάμενοι,
1500 2702 1596 2750 τοῖς
1636 2695 1683 2747 δὲ
1722 2698 1842 2748 οὕτω

314 2803 366 2826 12.
394 2791 502 2837 οἶμαι]
526 2797 562 2833 -Ι-
583 2794 683 2827 τοῦτο
701 2805 732 2834 a,
752 2793 812 2838 qui
829 2794 947 2838 paullo
966 2793 1056 2827 infra
1073 2792 1245 2827 τοιούτοις·
1273 2793 1353 2826 αὐτὸ
1371 2792 1436 2837 γὰρ
1455 2792 1492 2825 τὸ
1510 2789 1598 2827 εἶδος
1614 2791 1844 2836 interpungit.

268 2848 322 2883 17.
349 2839 544 2884 ἀμφίλογον
563 2839 604 2873 Ε.
836 2851 891 2873 21.
918 2840 1079 2885 διαφορὰ,
1098 2839 1274 2884 θεραπείας
1291 2838 1506 2883 interpungit
1525 2838 1562 2872 F.
1582 2838 1730 2882 διαφορὰ
1747 2838 1844 2880 θερα-

267 2886 374 2926 πείας,
394 2886 488 2920 Aub.
509 2886 567 2931 qui
594 2885 643 2921 ἰ’σ.
669 2885 687 2929 ἣ
714 2886 785 2921 τίνα
811 2887 1015 2927 δυσσεβείας
1041 2886 1171 2929 δέξεται
1189 2887 1336 2931 τρόπονς
1362 2885 1396 2918 in
1415 2896 1487 2928 mg.
1507 2884 1656 2928 conjicit.
1673 2884 1843 2929 διαφορά;

264 2933 442 2978 θεραπείας
463 2932 624 2967 emendat
645 2932 780 2977 Migne.
926 2944 981 2968 22.
1008 2933 1205 2978 ἀμφίβολον
1222 2944 1262 2966 ex
1281 2932 1476 2977 ἀμφίλογον
1491 2942 1599 2965 manu
1617 2930 1735 2965 eadem
1755 2931 1795 2965 E.
