<?xml version="1.0" encoding="UTF-8"?>
<!DOCTYPE html PUBLIC "-//W3C//DTD XHTML 1.0 Transitional//EN"
    "http://www.w3.org/TR/xhtml1/DTD/xhtml1-transitional.dtd">
<html xmlns="http://www.w3.org/1999/xhtml" xml:lang="en" lang="en">
 <head>
  <title>
</title>
<meta http-equiv="Content-Type" content="text/html;charset=utf-8" />
  <meta name='ocr-system' content='tesseract 3.04.00' />
  <meta name='ocr-capabilities' content='ocr_page ocr_carea ocr_par ocr_line ocrx_word'/>
</head>
<body>
  <div class='ocr_page' id='page_1' title='image "./operacyrilli05cyriuoft/operacyrilli05cyriuoft_0211.png"; bbox 0 0 2012 3272; ppageno 0'>
   <div class='ocr_carea' id='block_1_1' title="bbox 126 112 1713 186">
    <p class='ocr_par' dir='ltr' id='par_1_1' title="bbox 126 112 1713 186">
     <span class='ocr_line' id='line_1_1' title="bbox 126 112 1713 186; baseline 0.003 -13"><span class='ocrx_word' id='word_1_1' title='bbox 126 134 195 174; x_wconf 69' lang='lat' dir='ltr'><strong>vii.</strong></span> <span class='ocrx_word' id='word_1_2' title='bbox 217 144 253 186; x_wconf 87' lang='lat'>7,</span> <span class='ocrx_word' id='word_1_3' title='bbox 274 136 310 174; x_wconf 84' lang='lat'>8.</span> <span class='ocrx_word' id='word_1_4' title='bbox 460 134 528 174; x_wconf 90' lang='lat' dir='ltr'>IN</span> <span class='ocrx_word' id='word_1_5' title='bbox 565 134 909 174; x_wconf 80' lang='lat' dir='ltr'><strong>EPISTOLAM</strong></span> <span class='ocrx_word' id='word_1_6' title='bbox 948 135 1030 174; x_wconf 87' lang='lat' dir='ltr'>AD</span> <span class='ocrx_word' id='word_1_7' title='bbox 1068 112 1378 177; x_wconf 65' lang='lat' dir='ltr'><strong>ROMANOS&#39;.</strong></span> <span class='ocrx_word' id='word_1_8' title='bbox 1633 138 1713 177; x_wconf 88' lang='lat'>197</span> 
     </span>
    </p>
   </div>
   <div class='ocr_carea' id='block_1_2' title="bbox 125 200 1923 402">
    <p class='ocr_par' dir='ltr' id='par_1_2' title="bbox 125 200 1923 402">
     <span class='ocr_line' id='line_1_2' title="bbox 1751 200 1923 243; baseline 0 -11"><span class='ocrx_word' id='word_1_9' title='bbox 1751 202 1766 243; x_wconf 93' lang='lat'>[</span> <span class='ocrx_word' id='word_1_10' title='bbox 1789 208 1825 242; x_wconf 88' lang='lat'>17</span> <span class='ocrx_word' id='word_1_11' title='bbox 1843 200 1923 242; x_wconf 90' lang='grc' dir='ltr'>Μ.]</span> 
     </span>
     <span class='ocr_line' id='line_1_3' title="bbox 125 241 1709 312; baseline 0.001 -19"><span class='ocrx_word' id='word_1_12' title='bbox 125 241 421 309; x_wconf 80' lang='grc' dir='ltr'>ἐργάσαιντο,</span> <span class='ocrx_word' id='word_1_13' title='bbox 456 244 498 294; x_wconf 76' lang='grc' dir='ltr'>εἴ</span> <span class='ocrx_word' id='word_1_14' title='bbox 531 267 584 309; x_wconf 90' lang='grc' dir='ltr'>γε</span> <span class='ocrx_word' id='word_1_15' title='bbox 621 246 697 294; x_wconf 75' lang='grc' dir='ltr'>καὶ</span> <span class='ocrx_word' id='word_1_16' title='bbox 731 246 841 310; x_wconf 72' lang='grc' dir='ltr'>πρὶν</span> <span class='ocrx_word' id='word_1_17' title='bbox 873 244 1051 307; x_wconf 78' lang='grc' dir='ltr'>εἰδέναι,</span> <span class='ocrx_word' id='word_1_18' title='bbox 1086 244 1275 299; x_wconf 79' lang='grc' dir='ltr'>πάντως</span> <span class='ocrx_word' id='word_1_19' title='bbox 1310 268 1404 296; x_wconf 88' lang='grc' dir='ltr'>που</span> <span class='ocrx_word' id='word_1_20' title='bbox 1438 248 1513 296; x_wconf 81' lang='grc' dir='ltr'>καὶ</span> <span class='ocrx_word' id='word_1_21' title='bbox 1547 245 1709 312; x_wconf 75' lang='grc' dir='ltr'>ἔδρων·</span> 
     </span>
     <span class='ocr_line' id='line_1_4' title="bbox 127 323 1902 395; baseline 0.012 -57"><span class='ocrx_word' id='word_1_22' title='bbox 127 331 154 354; x_wconf 62' lang='lat'>‘4</span> <span class='ocrx_word' id='word_1_23' title='bbox 220 325 229 339; x_wconf 74' lang='lat'>9</span> <span class='ocrx_word' id='word_1_24' title='bbox 319 323 331 341; x_wconf 68' lang='lat' dir='ltr'>x</span> <span class='ocrx_word' id='word_1_25' title='bbox 412 324 431 345; x_wconf 64' lang='grc' dir='ltr'>ς</span> <span class='ocrx_word' id='word_1_26' title='bbox 501 326 550 375; x_wconf 71' lang='grc' dir='ltr'>δι</span> <span class='ocrx_word' id='word_1_27' title='bbox 777 325 841 375; x_wconf 65' lang='grc' dir='ltr'>’δκ</span> <span class='ocrx_word' id='word_1_28' title='bbox 902 325 921 345; x_wconf 65' lang='grc' dir='ltr'>ἐ</span> <span class='ocrx_word' id='word_1_29' title='bbox 961 326 984 342; x_wconf 73' lang='lat' dir='ltr'><em>u</em></span> <span class='ocrx_word' id='word_1_30' title='bbox 1128 325 1140 342; x_wconf 49' lang='lat' dir='ltr'>x</span> <span class='ocrx_word' id='word_1_31' title='bbox 1184 324 1270 376; x_wconf 55' lang='lat'>7⁸1)</span> <span class='ocrx_word' id='word_1_32' title='bbox 1372 333 1391 342; x_wconf 53' lang='grc' dir='ltr'>Α</span> <span class='ocrx_word' id='word_1_33' title='bbox 1433 327 1715 395; x_wconf 66' lang='grc' dir='ltr'>ψάλλοντος</span> <span class='ocrx_word' id='word_1_34' title='bbox 1734 327 1902 369; x_wconf 70' lang='lat' dir='ltr'><strong>Supraiii.</strong></span> 
     </span>
     <span class='ocr_line' id='line_1_5' title="bbox 180 347 1880 402; baseline 0.002 -27"><span class='ocrx_word' id='word_1_35' title='bbox 180 347 234 375; x_wconf 94' lang='grc' dir='ltr'>ου</span> <span class='ocrx_word' id='word_1_36' title='bbox 273 347 367 390; x_wconf 92' lang='grc' dir='ltr'>γαρ</span> <span class='ocrx_word' id='word_1_37' title='bbox 404 349 461 389; x_wconf 96' lang='grc' dir='ltr'>ην</span> <span class='ocrx_word' id='word_1_38' title='bbox 531 349 693 387; x_wconf 88' lang='grc' dir='ltr'>ικαιος,</span> <span class='ocrx_word' id='word_1_39' title='bbox 737 348 790 376; x_wconf 90' lang='grc' dir='ltr'>ου</span> <span class='ocrx_word' id='word_1_40' title='bbox 823 349 842 376; x_wconf 96' lang='grc' dir='ltr'>ε</span> <span class='ocrx_word' id='word_1_41' title='bbox 881 349 957 388; x_wconf 82' lang='grc' dir='ltr'>εις,</span> <span class='ocrx_word' id='word_1_42' title='bbox 1027 349 1147 376; x_wconf 90' lang='grc' dir='ltr'>κατα</span> <span class='ocrx_word' id='word_1_43' title='bbox 1213 350 1240 390; x_wconf 94' lang='grc' dir='ltr'>η</span> <span class='ocrx_word' id='word_1_44' title='bbox 1309 350 1392 378; x_wconf 90' lang='grc' dir='ltr'>του</span> <span class='ocrx_word' id='word_1_45' title='bbox 1738 372 1880 402; x_wconf 74' lang='lat' dir='ltr'>10ePs.</span> 
     </span>
    </p>
   </div>
   <div class='ocr_carea' id='block_1_3' title="bbox 63 406 1853 2032">
    <p class='ocr_par' dir='ltr' id='par_1_3' title="bbox 63 406 1853 2032">
     <span class='ocr_line' id='line_1_6' title="bbox 127 406 1853 474; baseline 0.003 -18"><span class='ocrx_word' id='word_1_46' title='bbox 127 406 307 474; x_wconf 87' lang='grc' dir='ltr'>φωνήν·</span> <span class='ocrx_word' id='word_1_47' title='bbox 358 408 466 458; x_wconf 86' lang='grc' dir='ltr'>ἀλλ’</span> <span class='ocrx_word' id='word_1_48' title='bbox 495 408 570 458; x_wconf 82' lang='grc' dir='ltr'>ἵνα</span> <span class='ocrx_word' id='word_1_49' title='bbox 605 407 658 458; x_wconf 84' lang='grc' dir='ltr'>τὸ</span> <span class='ocrx_word' id='word_1_50' title='bbox 692 410 880 458; x_wconf 83' lang='grc' dir='ltr'>ἀδικοῦν</span> <span class='ocrx_word' id='word_1_51' title='bbox 906 407 1090 470; x_wconf 78' lang='grc' dir='ltr'>εἰδότες,</span> <span class='ocrx_word' id='word_1_52' title='bbox 1116 406 1234 474; x_wconf 81' lang='grc' dir='ltr'>πρὸς</span> <span class='ocrx_word' id='word_1_53' title='bbox 1261 407 1321 459; x_wconf 79' lang='grc' dir='ltr'>τὰ</span> <span class='ocrx_word' id='word_1_54' title='bbox 1360 409 1532 472; x_wconf 83' lang='grc' dir='ltr'>ἀμείνω</span> <span class='ocrx_word' id='word_1_55' title='bbox 1567 433 1712 472; x_wconf 90' lang='grc' dir='ltr'>μετα·</span> <span class='ocrx_word' id='word_1_56' title='bbox 1734 415 1803 446; x_wconf 71' lang='lat' dir='ltr'>xffi·</span> <span class='ocrx_word' id='word_1_57' title='bbox 1824 424 1853 454; x_wconf 80' lang='lat'>3·</span> 
     </span>
     <span class='ocr_line' id='line_1_7' title="bbox 127 486 1714 559; baseline 0.003 -20"><span class='ocrx_word' id='word_1_58' title='bbox 127 486 409 554; x_wconf 87' lang='grc' dir='ltr'>χωρήσειαν.</span> <span class='ocrx_word' id='word_1_59' title='bbox 453 491 534 540; x_wconf 88' lang='grc' dir='ltr'>καί</span> <span class='ocrx_word' id='word_1_60' title='bbox 566 512 645 552; x_wconf 84' lang='grc' dir='ltr'>μοι</span> <span class='ocrx_word' id='word_1_61' title='bbox 680 491 807 540; x_wconf 86' lang='grc' dir='ltr'>δοκεῖ</span> <span class='ocrx_word' id='word_1_62' title='bbox 832 490 1054 554; x_wconf 88' lang='grc' dir='ltr'>γενέσθαι</span> <span class='ocrx_word' id='word_1_63' title='bbox 1090 512 1133 540; x_wconf 92' lang='grc' dir='ltr'>τι</span> <span class='ocrx_word' id='word_1_64' title='bbox 1159 496 1372 541; x_wconf 82' lang='grc' dir='ltr'>τοιοῦτον</span> <span class='ocrx_word' id='word_1_65' title='bbox 1397 496 1494 545; x_wconf 81' lang='grc' dir='ltr'>τοῖς</span> <span class='ocrx_word' id='word_1_66' title='bbox 1520 493 1714 559; x_wconf 87' lang='grc' dir='ltr'>ἀρχαιο-</span> 
     </span>
     <span class='ocr_line' id='line_1_8' title="bbox 86 567 1715 642; baseline 0.004 -24"><span class='ocrx_word' id='word_1_67' title='bbox 86 589 107 625; x_wconf 93' lang='grc'>5</span> <span class='ocrx_word' id='word_1_68' title='bbox 127 567 272 636; x_wconf 86' lang='grc' dir='ltr'>τέροις</span> <span class='ocrx_word' id='word_1_69' title='bbox 307 570 382 621; x_wconf 81' lang='grc' dir='ltr'>διὰ</span> <span class='ocrx_word' id='word_1_70' title='bbox 414 574 497 635; x_wconf 82' lang='grc' dir='ltr'>τῆς</span> <span class='ocrx_word' id='word_1_71' title='bbox 526 571 744 625; x_wconf 78' lang='grc' dir='ltr'>Μωσέως</span> <span class='ocrx_word' id='word_1_72' title='bbox 770 573 981 635; x_wconf 84' lang='grc' dir='ltr'>ἐντολῆς.</span> <span class='ocrx_word' id='word_1_73' title='bbox 1025 572 1292 622; x_wconf 84' lang='grc' dir='ltr'>ὑποκείσθω</span> <span class='ocrx_word' id='word_1_74' title='bbox 1319 575 1385 641; x_wconf 71' lang='grc' dir='ltr'>τῷ</span> <span class='ocrx_word' id='word_1_75' title='bbox 1418 573 1551 642; x_wconf 80' lang='grc' dir='ltr'>λόγῳ</span> <span class='ocrx_word' id='word_1_76' title='bbox 1583 580 1715 624; x_wconf 90' lang='grc' dir='ltr'>πλα-</span> 
     </span>
     <span class='ocr_line' id='line_1_9' title="bbox 127 650 1718 724; baseline 0.003 -22"><span class='ocrx_word' id='word_1_77' title='bbox 127 650 225 702; x_wconf 84' lang='grc' dir='ltr'>τεῖά</span> <span class='ocrx_word' id='word_1_78' title='bbox 259 675 328 705; x_wconf 86' lang='grc' dir='ltr'>τις</span> <span class='ocrx_word' id='word_1_79' title='bbox 360 651 487 716; x_wconf 77' lang='grc' dir='ltr'>οἶμος</span> <span class='ocrx_word' id='word_1_80' title='bbox 514 653 865 720; x_wconf 76' lang='grc' dir='ltr'>ἁποκομίζουσά</span> <span class='ocrx_word' id='word_1_81' title='bbox 898 675 994 716; x_wconf 87' lang='grc' dir='ltr'>ποι,</span> <span class='ocrx_word' id='word_1_82' title='bbox 1022 655 1097 704; x_wconf 80' lang='grc' dir='ltr'>καὶ</span> <span class='ocrx_word' id='word_1_83' title='bbox 1129 654 1383 722; x_wconf 87' lang='grc' dir='ltr'>διεῤῥίφθω</span> <span class='ocrx_word' id='word_1_84' title='bbox 1412 653 1496 718; x_wconf 77' lang='grc' dir='ltr'>μὲν</span> <span class='ocrx_word' id='word_1_85' title='bbox 1524 656 1572 705; x_wconf 89' lang='grc' dir='ltr'>ἐν</span> <span class='ocrx_word' id='word_1_86' title='bbox 1598 656 1718 724; x_wconf 80' lang='grc' dir='ltr'>αὐτῇ</span> 
     </span>
     <span class='ocr_line' id='line_1_10' title="bbox 127 733 1713 803; baseline 0.003 -19"><span class='ocrx_word' id='word_1_87' title='bbox 127 733 289 798; x_wconf 83' lang='grc' dir='ltr'>πολλὴ</span> <span class='ocrx_word' id='word_1_88' title='bbox 317 734 392 785; x_wconf 80' lang='grc' dir='ltr'>διὰ</span> <span class='ocrx_word' id='word_1_89' title='bbox 416 735 567 798; x_wconf 80' lang='grc' dir='ltr'>μέσου</span> <span class='ocrx_word' id='word_1_90' title='bbox 603 735 792 803; x_wconf 82' lang='grc' dir='ltr'>χερμάς,</span> <span class='ocrx_word' id='word_1_91' title='bbox 821 734 1078 803; x_wconf 84' lang='grc' dir='ltr'>ὀρωρύχθω</span> <span class='ocrx_word' id='word_1_92' title='bbox 1106 734 1154 786; x_wconf 79' lang='grc' dir='ltr'>δὲ</span> <span class='ocrx_word' id='word_1_93' title='bbox 1189 739 1226 786; x_wconf 81' lang='grc' dir='ltr'>εὶ</span> <span class='ocrx_word' id='word_1_94' title='bbox 1262 739 1390 787; x_wconf 81' lang='grc' dir='ltr'>δοκεῖ</span> <span class='ocrx_word' id='word_1_95' title='bbox 1418 739 1493 787; x_wconf 78' lang='grc' dir='ltr'>καὶ</span> <span class='ocrx_word' id='word_1_96' title='bbox 1529 736 1713 803; x_wconf 81' lang='grc' dir='ltr'>βόθροι·</span> 
     </span>
     <span class='ocr_line' id='line_1_11' title="bbox 128 813 1719 887; baseline 0.002 -20"><span class='ocrx_word' id='word_1_97' title='bbox 128 813 225 866; x_wconf 75' lang='grc' dir='ltr'>εἶτά</span> <span class='ocrx_word' id='word_1_98' title='bbox 262 839 381 870; x_wconf 90' lang='grc' dir='ltr'>τινες</span> <span class='ocrx_word' id='word_1_99' title='bbox 420 817 644 868; x_wconf 77' lang='grc' dir='ltr'>ἔστωσαν</span> <span class='ocrx_word' id='word_1_100' title='bbox 683 820 725 868; x_wconf 82' lang='grc' dir='ltr'>οἱ</span> <span class='ocrx_word' id='word_1_101' title='bbox 769 819 817 868; x_wconf 87' lang='grc' dir='ltr'>ἐν</span> <span class='ocrx_word' id='word_1_102' title='bbox 860 816 989 868; x_wconf 82' lang='grc' dir='ltr'>νύκτι</span> <span class='ocrx_word' id='word_1_103' title='bbox 1035 819 1109 868; x_wconf 77' lang='grc' dir='ltr'>καὶ</span> <span class='ocrx_word' id='word_1_104' title='bbox 1155 817 1317 887; x_wconf 75' lang='grc' dir='ltr'>σκότῳ</span> <span class='ocrx_word' id='word_1_105' title='bbox 1356 818 1624 885; x_wconf 74' lang='grc' dir='ltr'>βαδίζοντες</span> <span class='ocrx_word' id='word_1_106' title='bbox 1670 822 1719 871; x_wconf 88' lang='grc' dir='ltr'>ἐν</span> 
     </span>
     <span class='ocr_line' id='line_1_12' title="bbox 129 897 1719 967; baseline 0.003 -19"><span class='ocrx_word' id='word_1_107' title='bbox 129 897 260 966; x_wconf 81' lang='grc' dir='ltr'>αὐτῇ,</span> <span class='ocrx_word' id='word_1_108' title='bbox 298 900 648 965; x_wconf 69' lang='grc' dir='ltr'>περιπταίοντες</span> <span class='ocrx_word' id='word_1_109' title='bbox 693 922 743 950; x_wconf 90' lang='grc' dir='ltr'>τε</span> <span class='ocrx_word' id='word_1_110' title='bbox 790 901 864 951; x_wconf 76' lang='grc' dir='ltr'>καὶ</span> <span class='ocrx_word' id='word_1_111' title='bbox 905 898 1040 963; x_wconf 81' lang='grc' dir='ltr'>μάλα</span> <span class='ocrx_word' id='word_1_112' title='bbox 1082 904 1272 967; x_wconf 83' lang='grc' dir='ltr'>συχνῶς</span> <span class='ocrx_word' id='word_1_113' title='bbox 1316 905 1412 954; x_wconf 84' lang='grc' dir='ltr'>τοῖς</span> <span class='ocrx_word' id='word_1_114' title='bbox 1457 900 1532 952; x_wconf 79' lang='grc' dir='ltr'>διὰ</span> <span class='ocrx_word' id='word_1_115' title='bbox 1571 901 1719 965; x_wconf 80' lang='grc' dir='ltr'>μέσου</span> 
     </span>
     <span class='ocr_line' id='line_1_13' title="bbox 63 980 1720 1050; baseline 0.004 -21"><span class='ocrx_word' id='word_1_116' title='bbox 63 1004 110 1029; x_wconf 92' lang='lat'>10</span> <span class='ocrx_word' id='word_1_117' title='bbox 129 980 362 1044; x_wconf 84' lang='grc' dir='ltr'>κειμένοις,</span> <span class='ocrx_word' id='word_1_118' title='bbox 390 983 465 1032; x_wconf 81' lang='grc' dir='ltr'>καὶ</span> <span class='ocrx_word' id='word_1_119' title='bbox 495 980 589 1045; x_wconf 87' lang='grc' dir='ltr'>μὴν</span> <span class='ocrx_word' id='word_1_120' title='bbox 614 980 807 1048; x_wconf 89' lang='grc' dir='ltr'>βόθροις</span> <span class='ocrx_word' id='word_1_121' title='bbox 839 980 1121 1045; x_wconf 83' lang='grc' dir='ltr'>ἀβουλήτως</span> <span class='ocrx_word' id='word_1_122' title='bbox 1147 982 1477 1047; x_wconf 63' lang='grc' dir='ltr'>ἐγκαθιέμενου</span> <span class='ocrx_word' id='word_1_123' title='bbox 1531 983 1720 1050; x_wconf 76' lang='grc' dir='ltr'>ἔχοντος</span> 
     </span>
     <span class='ocr_line' id='line_1_14' title="bbox 129 1060 1719 1133; baseline 0.002 -20"><span class='ocrx_word' id='word_1_124' title='bbox 129 1061 178 1113; x_wconf 79' lang='grc' dir='ltr'>δὲ</span> <span class='ocrx_word' id='word_1_125' title='bbox 217 1060 303 1114; x_wconf 77' lang='grc' dir='ltr'>ὧδε</span> <span class='ocrx_word' id='word_1_126' title='bbox 341 1069 425 1114; x_wconf 87' lang='grc' dir='ltr'>τοῦ</span> <span class='ocrx_word' id='word_1_127' title='bbox 464 1062 757 1129; x_wconf 77' lang='grc' dir='ltr'>πράγματος,</span> <span class='ocrx_word' id='word_1_128' title='bbox 784 1063 904 1133; x_wconf 75' lang='grc' dir='ltr'>δᾷδά</span> <span class='ocrx_word' id='word_1_129' title='bbox 938 1086 1006 1118; x_wconf 91' lang='grc' dir='ltr'>τις</span> <span class='ocrx_word' id='word_1_130' title='bbox 1038 1062 1207 1125; x_wconf 82' lang='grc' dir='ltr'>λαβὼν</span> <span class='ocrx_word' id='word_1_131' title='bbox 1248 1066 1316 1115; x_wconf 84' lang='grc' dir='ltr'>ἐπ’</span> <span class='ocrx_word' id='word_1_132' title='bbox 1345 1066 1503 1119; x_wconf 80' lang='grc' dir='ltr'>αὐταῖς</span> <span class='ocrx_word' id='word_1_133' title='bbox 1542 1066 1719 1130; x_wconf 77' lang='grc' dir='ltr'>ε”στησε</span> 
     </span>
     <span class='ocr_line' id='line_1_15' title="bbox 128 1143 1720 1216; baseline 0.003 -22"><span class='ocrx_word' id='word_1_134' title='bbox 128 1149 228 1198; x_wconf 83' lang='grc' dir='ltr'>ταῖς</span> <span class='ocrx_word' id='word_1_135' title='bbox 268 1143 479 1211; x_wconf 84' lang='grc' dir='ltr'>τριόδοις,</span> <span class='ocrx_word' id='word_1_136' title='bbox 520 1147 706 1214; x_wconf 84' lang='grc' dir='ltr'>ἐμφανῆ</span> <span class='ocrx_word' id='word_1_137' title='bbox 747 1144 976 1198; x_wconf 77' lang='grc' dir='ltr'>καθιστὰς</span> <span class='ocrx_word' id='word_1_138' title='bbox 1017 1150 1113 1199; x_wconf 83' lang='grc' dir='ltr'>τοῖς</span> <span class='ocrx_word' id='word_1_139' title='bbox 1153 1146 1261 1197; x_wconf 74' lang='grc' dir='ltr'>οὖσι</span> <span class='ocrx_word' id='word_1_140' title='bbox 1301 1145 1361 1197; x_wconf 81' lang='grc' dir='ltr'>τὰ</span> <span class='ocrx_word' id='word_1_141' title='bbox 1399 1146 1591 1216; x_wconf 77' lang='grc' dir='ltr'>μεταξὺ,</span> <span class='ocrx_word' id='word_1_142' title='bbox 1633 1149 1720 1215; x_wconf 83' lang='grc' dir='ltr'>οὐχ</span> 
     </span>
     <span class='ocr_line' id='line_1_16' title="bbox 127 1226 1720 1299; baseline 0.003 -22"><span class='ocrx_word' id='word_1_143' title='bbox 127 1227 204 1278; x_wconf 86' lang='grc' dir='ltr'>ἵνα</span> <span class='ocrx_word' id='word_1_144' title='bbox 241 1226 388 1278; x_wconf 79' lang='grc' dir='ltr'>πάλιν</span> <span class='ocrx_word' id='word_1_145' title='bbox 429 1229 584 1282; x_wconf 80' lang='grc' dir='ltr'>αὐτοῖς</span> <span class='ocrx_word' id='word_1_146' title='bbox 624 1227 989 1294; x_wconf 89' lang='grc' dir='ltr'>περιπταίωσιν,</span> <span class='ocrx_word' id='word_1_147' title='bbox 1029 1229 1139 1277; x_wconf 86' lang='grc' dir='ltr'>ἀλλ’</span> <span class='ocrx_word' id='word_1_148' title='bbox 1175 1228 1250 1279; x_wconf 84' lang='grc' dir='ltr'>ἵνα</span> <span class='ocrx_word' id='word_1_149' title='bbox 1288 1233 1479 1292; x_wconf 79' lang='grc' dir='ltr'>μᾶλλον</span> <span class='ocrx_word' id='word_1_150' title='bbox 1518 1230 1720 1299; x_wconf 83' lang='grc' dir='ltr'>ὑπερφέ-</span> 
     </span>
     <span class='ocr_line' id='line_1_17' title="bbox 128 1307 1719 1377; baseline 0.003 -18"><span class='ocrx_word' id='word_1_151' title='bbox 128 1331 285 1375; x_wconf 89' lang='grc' dir='ltr'>ροιντο</span> <span class='ocrx_word' id='word_1_152' title='bbox 323 1311 399 1360; x_wconf 80' lang='grc' dir='ltr'>καὶ</span> <span class='ocrx_word' id='word_1_153' title='bbox 426 1309 812 1360; x_wconf 81' lang='grc' dir='ltr'>ἀπαλλάττοιντο</span> <span class='ocrx_word' id='word_1_154' title='bbox 850 1315 933 1360; x_wconf 87' lang='grc' dir='ltr'>τοῦ</span> <span class='ocrx_word' id='word_1_155' title='bbox 972 1315 1132 1360; x_wconf 89' lang='grc' dir='ltr'>κακοῦ·</span> <span class='ocrx_word' id='word_1_156' title='bbox 1189 1307 1280 1376; x_wconf 81' lang='grc' dir='ltr'>ἇρα</span> <span class='ocrx_word' id='word_1_157' title='bbox 1319 1311 1401 1361; x_wconf 79' lang='grc' dir='ltr'>οὖν</span> <span class='ocrx_word' id='word_1_158' title='bbox 1432 1311 1626 1377; x_wconf 84' lang='grc' dir='ltr'>ἠδίκησε</span> <span class='ocrx_word' id='word_1_159' title='bbox 1665 1312 1719 1363; x_wconf 82' lang='grc' dir='ltr'>τὸ</span> 
     </span>
     <span class='ocr_line' id='line_1_18' title="bbox 63 1389 1720 1461; baseline 0.005 -23"><span class='ocrx_word' id='word_1_160' title='bbox 63 1410 111 1449; x_wconf 87' lang='lat'>15</span> <span class='ocrx_word' id='word_1_161' title='bbox 131 1395 247 1458; x_wconf 82' lang='grc' dir='ltr'>φῶς,</span> <span class='ocrx_word' id='word_1_162' title='bbox 275 1391 345 1442; x_wconf 79' lang='grc' dir='ltr'>ὅτι</span> <span class='ocrx_word' id='word_1_163' title='bbox 379 1391 623 1460; x_wconf 77' lang='grc' dir='ltr'>παρέδειξε</span> <span class='ocrx_word' id='word_1_164' title='bbox 657 1390 711 1442; x_wconf 83' lang='grc' dir='ltr'>τὸ</span> <span class='ocrx_word' id='word_1_165' title='bbox 747 1397 961 1452; x_wconf 85' lang='grc' dir='ltr'>λυποῦν;</span> <span class='ocrx_word' id='word_1_166' title='bbox 1001 1389 1030 1455; x_wconf 81' lang='grc' dir='ltr'>ἢ</span> <span class='ocrx_word' id='word_1_167' title='bbox 1064 1395 1258 1455; x_wconf 82' lang='grc' dir='ltr'>μᾶλλον</span> <span class='ocrx_word' id='word_1_168' title='bbox 1293 1391 1435 1444; x_wconf 87' lang='grc' dir='ltr'>ἐκεῖνό</span> <span class='ocrx_word' id='word_1_169' title='bbox 1462 1398 1632 1461; x_wconf 84' lang='grc' dir='ltr'>φαμεν,</span> <span class='ocrx_word' id='word_1_170' title='bbox 1658 1396 1720 1448; x_wconf 86' lang='grc' dir='ltr'>ὡς</span> 
     </span>
     <span class='ocr_line' id='line_1_19' title="bbox 129 1472 1718 1538; baseline 0.002 -14"><span class='ocrx_word' id='word_1_171' title='bbox 129 1473 365 1537; x_wconf 83' lang='grc' dir='ltr'>πλείστην</span> <span class='ocrx_word' id='word_1_172' title='bbox 399 1473 520 1538; x_wconf 79' lang='grc' dir='ltr'>ὅσην</span> <span class='ocrx_word' id='word_1_173' title='bbox 551 1474 704 1527; x_wconf 82' lang='grc' dir='ltr'>αὐτοῖς</span> <span class='ocrx_word' id='word_1_174' title='bbox 743 1474 932 1524; x_wconf 85' lang='grc' dir='ltr'>ἐνεποίει</span> <span class='ocrx_word' id='word_1_175' title='bbox 971 1472 1056 1537; x_wconf 84' lang='grc' dir='ltr'>τὴν</span> <span class='ocrx_word' id='word_1_176' title='bbox 1088 1472 1271 1538; x_wconf 77' lang='grc' dir='ltr'>ὄνησιν,</span> <span class='ocrx_word' id='word_1_177' title='bbox 1300 1473 1516 1526; x_wconf 80' lang='grc' dir='ltr'>ἀπετέλει</span> <span class='ocrx_word' id='word_1_178' title='bbox 1555 1475 1603 1527; x_wconf 77' lang='grc' dir='ltr'>δὲ</span> <span class='ocrx_word' id='word_1_179' title='bbox 1643 1478 1718 1527; x_wconf 73' lang='grc' dir='ltr'>καὶ</span> 
     </span>
     <span class='ocr_line' id='line_1_20' title="bbox 130 1553 1719 1623; baseline 0.003 -19"><span class='ocrx_word' id='word_1_180' title='bbox 130 1555 562 1623; x_wconf 70' lang='grc' dir='ltr'>ἀσφαλεστερους;</span> <span class='ocrx_word' id='word_1_181' title='bbox 612 1556 723 1605; x_wconf 85' lang='grc' dir='ltr'>ἀλλ’</span> <span class='ocrx_word' id='word_1_182' title='bbox 753 1553 880 1618; x_wconf 78' lang='grc' dir='ltr'>οἶμαι</span> <span class='ocrx_word' id='word_1_183' title='bbox 914 1554 1057 1606; x_wconf 78' lang='grc' dir='ltr'>τοῦτο’</span> <span class='ocrx_word' id='word_1_184' title='bbox 1089 1556 1221 1606; x_wconf 86' lang='grc' dir='ltr'>ἐστιν</span> <span class='ocrx_word' id='word_1_185' title='bbox 1255 1557 1402 1607; x_wconf 75' lang='grc' dir='ltr'>οὐδενὶ</span> <span class='ocrx_word' id='word_1_186' title='bbox 1440 1562 1534 1608; x_wconf 83' lang='grc' dir='ltr'>τῶν</span> <span class='ocrx_word' id='word_1_187' title='bbox 1570 1557 1719 1609; x_wconf 77' lang='grc' dir='ltr'>ὄντων</span> 
     </span>
     <span class='ocr_line' id='line_1_21' title="bbox 131 1635 1719 1704; baseline 0.004 -18"><span class='ocrx_word' id='word_1_188' title='bbox 131 1637 424 1704; x_wconf 86' lang='grc' dir='ltr'>ἀσυμφανές.</span> <span class='ocrx_word' id='word_1_189' title='bbox 480 1636 555 1687; x_wconf 82' lang='grc' dir='ltr'>ὅτε</span> <span class='ocrx_word' id='word_1_190' title='bbox 589 1637 745 1687; x_wconf 86' lang='grc' dir='ltr'>τοίνυν</span> <span class='ocrx_word' id='word_1_191' title='bbox 771 1635 900 1690; x_wconf 82' lang='grc' dir='ltr'>ὅντες</span> <span class='ocrx_word' id='word_1_192' title='bbox 927 1637 1214 1702; x_wconf 76' lang='grc' dir='ltr'>ἁμαρτωλοὶ,</span> <span class='ocrx_word' id='word_1_193' title='bbox 1241 1638 1486 1692; x_wconf 88' lang='grc' dir='ltr'>πλείστοις</span> <span class='ocrx_word' id='word_1_194' title='bbox 1512 1662 1562 1690; x_wconf 90' lang='grc' dir='ltr'>τε</span> <span class='ocrx_word' id='word_1_195' title='bbox 1589 1639 1719 1694; x_wconf 80' lang='grc' dir='ltr'>ὅσοις</span> 
     </span>
     <span class='ocr_line' id='line_1_22' title="bbox 130 1716 1720 1786; baseline 0.003 -18"><span class='ocrx_word' id='word_1_196' title='bbox 130 1716 401 1783; x_wconf 84' lang='grc' dir='ltr'>ἐγκλήμασι</span> <span class='ocrx_word' id='word_1_197' title='bbox 451 1718 816 1785; x_wconf 87' lang='grc' dir='ltr'>περιπταίοντες,</span> <span class='ocrx_word' id='word_1_198' title='bbox 863 1717 1133 1783; x_wconf 81' lang='grc' dir='ltr'>ἐγνώκαμεν</span> <span class='ocrx_word' id='word_1_199' title='bbox 1183 1719 1258 1770; x_wconf 80' lang='grc' dir='ltr'>διὰ</span> <span class='ocrx_word' id='word_1_200' title='bbox 1309 1726 1393 1771; x_wconf 85' lang='grc' dir='ltr'>τοῦ</span> <span class='ocrx_word' id='word_1_201' title='bbox 1440 1719 1584 1784; x_wconf 88' lang='grc' dir='ltr'>νόμου</span> <span class='ocrx_word' id='word_1_202' title='bbox 1633 1721 1720 1786; x_wconf 85' lang='grc' dir='ltr'>τὴν</span> 
     </span>
     <span class='ocr_line' id='line_1_23' title="bbox 63 1798 1720 1868; baseline 0.005 -21"><span class='ocrx_word' id='word_1_203' title='bbox 63 1823 113 1849; x_wconf 91' lang='lat'>20</span> <span class='ocrx_word' id='word_1_204' title='bbox 131 1801 373 1866; x_wconf 83' lang='grc' dir='ltr'>ἁμαρτίαν,</span> <span class='ocrx_word' id='word_1_205' title='bbox 412 1801 499 1868; x_wconf 80' lang='grc' dir='ltr'>οὐχ</span> <span class='ocrx_word' id='word_1_206' title='bbox 540 1800 745 1865; x_wconf 85' lang='grc' dir='ltr'>ἁμαρτία</span> <span class='ocrx_word' id='word_1_207' title='bbox 782 1803 973 1863; x_wconf 80' lang='grc' dir='ltr'>μᾶλλον</span> <span class='ocrx_word' id='word_1_208' title='bbox 1012 1801 1037 1850; x_wconf 86' lang='grc' dir='ltr'>ὁ</span> <span class='ocrx_word' id='word_1_209' title='bbox 1077 1798 1216 1864; x_wconf 90' lang='grc' dir='ltr'>νόμος</span> <span class='ocrx_word' id='word_1_210' title='bbox 1256 1801 1394 1853; x_wconf 84' lang='grc' dir='ltr'>νοοΐτ’</span> <span class='ocrx_word' id='word_1_211' title='bbox 1435 1800 1494 1853; x_wconf 79' lang='grc' dir='ltr'>ἀν</span> <span class='ocrx_word' id='word_1_212' title='bbox 1532 1803 1720 1857; x_wconf 80' lang='grc' dir='ltr'>εἰκότως</span> 
     </span>
     <span class='ocr_line' id='line_1_24' title="bbox 131 1880 1719 1950; baseline 0.006 -19"><span class='ocrx_word' id='word_1_213' title='bbox 131 1880 159 1946; x_wconf 82' lang='grc' dir='ltr'>ἢ</span> <span class='ocrx_word' id='word_1_214' title='bbox 186 1881 383 1948; x_wconf 85' lang='grc' dir='ltr'>λέγοιτο,</span> <span class='ocrx_word' id='word_1_215' title='bbox 410 1887 599 1934; x_wconf 85' lang='grc' dir='ltr'>πολλοῦ</span> <span class='ocrx_word' id='word_1_216' title='bbox 634 1904 689 1947; x_wconf 90' lang='grc' dir='ltr'>γε</span> <span class='ocrx_word' id='word_1_217' title='bbox 728 1883 803 1932; x_wconf 79' lang='grc' dir='ltr'>καὶ</span> <span class='ocrx_word' id='word_1_218' title='bbox 839 1884 919 1944; x_wconf 85' lang='grc' dir='ltr'>δεῖ,</span> <span class='ocrx_word' id='word_1_219' title='bbox 946 1882 1300 1949; x_wconf 83' lang='grc' dir='ltr'>παραδεικτικὸς</span> <span class='ocrx_word' id='word_1_220' title='bbox 1331 1883 1379 1935; x_wconf 79' lang='grc' dir='ltr'>δὲ</span> <span class='ocrx_word' id='word_1_221' title='bbox 1417 1889 1609 1948; x_wconf 82' lang='grc' dir='ltr'>μᾶλλον</span> <span class='ocrx_word' id='word_1_222' title='bbox 1636 1889 1719 1950; x_wconf 75' lang='grc' dir='ltr'>τῆς·</span> 
     </span>
     <span class='ocr_line' id='line_1_25' title="bbox 131 1963 636 2032; baseline 0 -19"><span class='ocrx_word' id='word_1_223' title='bbox 131 1964 371 2030; x_wconf 85' lang='grc' dir='ltr'>ἁμαρτίας,</span> <span class='ocrx_word' id='word_1_224' title='bbox 404 1965 466 2017; x_wconf 85' lang='grc' dir='ltr'>ὡς</span> <span class='ocrx_word' id='word_1_225' title='bbox 499 1963 636 2032; x_wconf 76' lang='grc' dir='ltr'>ἔφην.</span> 
     </span>
    </p>
   </div>
   <div class='ocr_carea' id='block_1_4' title="bbox 132 2112 1759 2253">
    <p class='ocr_par' dir='ltr' id='par_1_4' title="bbox 132 2112 1759 2253">
     <span class='ocr_line' id='line_1_26' title="bbox 132 2112 1718 2170; baseline 0.003 -16"><span class='ocrx_word' id='word_1_226' title='bbox 132 2113 221 2154; x_wconf 57' lang='lat' dir='ltr'>Tm</span> <span class='ocrx_word' id='word_1_227' title='bbox 257 2128 302 2154; x_wconf 83' lang='grc' dir='ltr'>τε</span> <span class='ocrx_word' id='word_1_228' title='bbox 346 2112 424 2170; x_wconf 69' lang='grc' dir='ltr'>τὰρ</span> <span class='ocrx_word' id='word_1_229' title='bbox 468 2112 692 2161; x_wconf 72' lang='grc' dir='ltr'>ἐπιθυμίαν</span> <span class='ocrx_word' id='word_1_230' title='bbox 736 2114 812 2154; x_wconf 87' lang='grc' dir='ltr'>οὐκ</span> <span class='ocrx_word' id='word_1_231' title='bbox 854 2112 985 2165; x_wconf 71' lang='grc' dir='ltr'>ιῖίδειν,</span> <span class='ocrx_word' id='word_1_232' title='bbox 1026 2113 1062 2154; x_wconf 86' lang='grc' dir='ltr'>εἰ</span> <span class='ocrx_word' id='word_1_233' title='bbox 1105 2116 1161 2163; x_wconf 60' lang='grc' dir='ltr'>μή</span> <span class='ocrx_word' id='word_1_234' title='bbox 1208 2116 1231 2157; x_wconf 87' lang='grc' dir='ltr'>ὁ</span> <span class='ocrx_word' id='word_1_235' title='bbox 1278 2116 1405 2165; x_wconf 66' lang='grc' dir='ltr'>νόμος</span> <span class='ocrx_word' id='word_1_236' title='bbox 1449 2116 1525 2157; x_wconf 82' lang='grc' dir='ltr'>οὐκ</span> <span class='ocrx_word' id='word_1_237' title='bbox 1574 2117 1718 2158; x_wconf 80' lang='grc' dir='ltr'>ἐπιθυ-</span> 
     </span>
     <span class='ocr_line' id='line_1_27' title="bbox 198 2195 1759 2253; baseline 0.003 -17"><span class='ocrx_word' id='word_1_238' title='bbox 198 2196 348 2244; x_wconf 65' lang='grc' dir='ltr'>μήσειε</span> <span class='ocrx_word' id='word_1_239' title='bbox 396 2195 556 2243; x_wconf 64' lang='grc' dir='ltr'>ἕλει-εν.</span> <span class='ocrx_word' id='word_1_240' title='bbox 618 2196 821 2253; x_wconf 59' lang='grc' dir='ltr'>ἀφορμὴν</span> <span class='ocrx_word' id='word_1_241' title='bbox 869 2196 915 2237; x_wconf 68' lang='grc' dir='ltr'>δὲ</span> <span class='ocrx_word' id='word_1_242' title='bbox 964 2199 1149 2247; x_wconf 80' lang='grc' dir='ltr'>λαβοῦσα</span> <span class='ocrx_word' id='word_1_243' title='bbox 1199 2199 1222 2239; x_wconf 63' lang='grc' dir='ltr'><em>ἡ</em></span> <span class='ocrx_word' id='word_1_244' title='bbox 1281 2198 1468 2253; x_wconf 83' lang='grc' dir='ltr'>ἁμαρτία</span> <span class='ocrx_word' id='word_1_245' title='bbox 1519 2199 1589 2240; x_wconf 76' lang='grc' dir='ltr'>διὰ</span> <span class='ocrx_word' id='word_1_246' title='bbox 1638 2202 1759 2246; x_wconf 57' lang='grc' dir='ltr'>τιῖεὸ</span> 
     </span>
    </p>
   </div>
   <div class='ocr_carea' id='block_1_5' title="bbox 68 2280 1398 2336">
    <p class='ocr_par' dir='ltr' id='par_1_5' title="bbox 68 2280 1398 2336">
     <span class='ocr_line' id='line_1_28' title="bbox 68 2280 1398 2336; baseline 0 -13"><span class='ocrx_word' id='word_1_247' title='bbox 68 2285 115 2323; x_wconf 88' lang='grc'>25</span> <span class='ocrx_word' id='word_1_248' title='bbox 198 2280 378 2322; x_wconf 75' lang='grc' dir='ltr'>ἐντοΛι-ἳε</span> <span class='ocrx_word' id='word_1_249' title='bbox 417 2280 725 2336; x_wconf 69' lang='grc' dir='ltr'>κατειρτάσατο</span> <span class='ocrx_word' id='word_1_250' title='bbox 762 2280 807 2321; x_wconf 81' lang='grc' dir='ltr'>ὲν</span> <span class='ocrx_word' id='word_1_251' title='bbox 845 2280 940 2328; x_wconf 78' lang='grc' dir='ltr'>ἐμοὶ</span> <span class='ocrx_word' id='word_1_252' title='bbox 979 2283 1120 2322; x_wconf 79' lang='grc' dir='ltr'>Πᾶσαν</span> <span class='ocrx_word' id='word_1_253' title='bbox 1157 2281 1398 2330; x_wconf 76' lang='grc' dir='ltr'>ἐπιθυμίαν.</span> 
     </span>
    </p>
   </div>
   <div class='ocr_carea' id='block_1_6' title="bbox 71 2374 1721 2771">
    <p class='ocr_par' dir='ltr' id='par_1_6' title="bbox 137 2374 1721 2692">
     <span class='ocr_line' id='line_1_29' title="bbox 210 2374 1718 2446; baseline 0.005 -21"><span class='ocrx_word' id='word_1_254' title='bbox 210 2377 303 2426; x_wconf 78' lang='grc' dir='ltr'>Καὶ</span> <span class='ocrx_word' id='word_1_255' title='bbox 345 2375 399 2426; x_wconf 85' lang='grc' dir='ltr'>τὸ</span> <span class='ocrx_word' id='word_1_256' title='bbox 440 2379 522 2440; x_wconf 88' lang='grc' dir='ltr'>τῆς</span> <span class='ocrx_word' id='word_1_257' title='bbox 569 2374 794 2442; x_wconf 78' lang='grc' dir='ltr'>ἡμετέρας</span> <span class='ocrx_word' id='word_1_258' title='bbox 846 2377 1037 2445; x_wconf 83' lang='grc' dir='ltr'>φύσεως</span> <span class='ocrx_word' id='word_1_259' title='bbox 1080 2378 1276 2445; x_wconf 73' lang='grc' dir='ltr'>ἀδρανὲς</span> <span class='ocrx_word' id='word_1_260' title='bbox 1317 2380 1607 2446; x_wconf 82' lang='grc' dir='ltr'>παρεισάγει,</span> <span class='ocrx_word' id='word_1_261' title='bbox 1648 2381 1718 2432; x_wconf 80' lang='grc' dir='ltr'>ὅτι</span> 
     </span>
     <span class='ocr_line' id='line_1_30' title="bbox 137 2457 1719 2526; baseline 0.004 -19"><span class='ocrx_word' id='word_1_262' title='bbox 137 2459 282 2511; x_wconf 79' lang='grc' dir='ltr'>δοθεὶς</span> <span class='ocrx_word' id='word_1_263' title='bbox 321 2459 346 2508; x_wconf 84' lang='grc' dir='ltr'><em>ὃ</em></span> <span class='ocrx_word' id='word_1_264' title='bbox 385 2458 525 2521; x_wconf 90' lang='grc' dir='ltr'>νόμος</span> <span class='ocrx_word' id='word_1_265' title='bbox 561 2461 624 2512; x_wconf 80' lang='grc' dir='ltr'>εἷς</span> <span class='ocrx_word' id='word_1_266' title='bbox 662 2457 842 2523; x_wconf 76' lang='grc' dir='ltr'>ὄνησιν,</span> <span class='ocrx_word' id='word_1_267' title='bbox 869 2460 1214 2521; x_wconf 84' lang='grc' dir='ltr'>ἐπεβούλευσεν</span> <span class='ocrx_word' id='word_1_268' title='bbox 1252 2462 1503 2526; x_wconf 86' lang='grc' dir='ltr'>ἀδοκήτως,</span> <span class='ocrx_word' id='word_1_269' title='bbox 1543 2465 1604 2517; x_wconf 86' lang='grc' dir='ltr'>ὡς</span> <span class='ocrx_word' id='word_1_270' title='bbox 1644 2465 1719 2514; x_wconf 78' lang='grc' dir='ltr'>καὶ</span> 
     </span>
     <span class='ocr_line' id='line_1_31' title="bbox 137 2538 1721 2611; baseline 0.004 -22"><span class='ocrx_word' id='word_1_271' title='bbox 137 2544 230 2592; x_wconf 85' lang='grc' dir='ltr'>τοῖς</span> <span class='ocrx_word' id='word_1_272' title='bbox 268 2539 350 2590; x_wconf 81' lang='grc' dir='ltr'>τὸν</span> <span class='ocrx_word' id='word_1_273' title='bbox 375 2538 631 2608; x_wconf 84' lang='grc' dir='ltr'>ὀφθαλμὸν</span> <span class='ocrx_word' id='word_1_274' title='bbox 665 2541 923 2591; x_wconf 84' lang='grc' dir='ltr'>ἀσθενοῦσι</span> <span class='ocrx_word' id='word_1_275' title='bbox 952 2547 1036 2592; x_wconf 88' lang='grc' dir='ltr'>τοῦ</span> <span class='ocrx_word' id='word_1_276' title='bbox 1068 2542 1204 2605; x_wconf 81' lang='grc' dir='ltr'>ἡλίου</span> <span class='ocrx_word' id='word_1_277' title='bbox 1241 2542 1295 2594; x_wconf 80' lang='grc' dir='ltr'>τὸ</span> <span class='ocrx_word' id='word_1_278' title='bbox 1327 2548 1446 2611; x_wconf 81' lang='grc' dir='ltr'>φῶς.</span> <span class='ocrx_word' id='word_1_279' title='bbox 1501 2544 1614 2596; x_wconf 80' lang='grc' dir='ltr'>ὅταν</span> <span class='ocrx_word' id='word_1_280' title='bbox 1639 2546 1721 2596; x_wconf 75' lang='grc' dir='ltr'>οὖν</span> 
     </span>
     <span class='ocr_line' id='line_1_32' title="bbox 141 2619 1716 2692; baseline 0.006 -23"><span class='ocrx_word' id='word_1_281' title='bbox 141 2619 255 2688; x_wconf 88' lang='grc' dir='ltr'>λέγῃ</span> <span class='ocrx_word' id='word_1_282' title='bbox 294 2619 492 2691; x_wconf 59' lang='grc' dir='ltr'>ἀφορμὴν</span> <span class='ocrx_word' id='word_1_283' title='bbox 532 2626 633 2675; x_wconf 81' lang='grc' dir='ltr'>ταῖς</span> <span class='ocrx_word' id='word_1_284' title='bbox 663 2623 925 2684; x_wconf 85' lang='grc' dir='ltr'>ἐπιθυμίαις</span> <span class='ocrx_word' id='word_1_285' title='bbox 954 2621 1131 2688; x_wconf 88' lang='grc' dir='ltr'>τρόπον</span> <span class='ocrx_word' id='word_1_286' title='bbox 1157 2623 1259 2674; x_wconf 79' lang='grc' dir='ltr'>τινὰ</span> <span class='ocrx_word' id='word_1_287' title='bbox 1297 2624 1383 2689; x_wconf 88' lang='grc' dir='ltr'>τὴν</span> <span class='ocrx_word' id='word_1_288' title='bbox 1417 2626 1613 2691; x_wconf 85' lang='grc' dir='ltr'>ἐντολὴν</span> <span class='ocrx_word' id='word_1_289' title='bbox 1638 2650 1716 2692; x_wconf 89' lang='grc' dir='ltr'>γε-</span> 
     </span>
    </p>

    <p class='ocr_par' dir='ltr' id='par_1_7' title="bbox 71 2703 1720 2771">
     <span class='ocr_line' id='line_1_33' title="bbox 71 2703 1720 2771; baseline 0.004 -20"><span class='ocrx_word' id='word_1_290' title='bbox 71 2721 121 2757; x_wconf 89' lang='lat'>30</span> <span class='ocrx_word' id='word_1_291' title='bbox 138 2704 378 2766; x_wconf 86' lang='grc' dir='ltr'>γενῆσθαι,</span> <span class='ocrx_word' id='word_1_292' title='bbox 405 2704 563 2767; x_wconf 75' lang='grc' dir='ltr'>μηδεὶς</span> <span class='ocrx_word' id='word_1_293' title='bbox 595 2709 872 2769; x_wconf 86' lang='grc' dir='ltr'>κατηγορεῖν</span> <span class='ocrx_word' id='word_1_294' title='bbox 911 2703 1053 2755; x_wconf 82' lang='grc' dir='ltr'>αὐτὸν</span> <span class='ocrx_word' id='word_1_295' title='bbox 1079 2705 1252 2756; x_wconf 80' lang='grc' dir='ltr'>οἰέσθω</span> <span class='ocrx_word' id='word_1_296' title='bbox 1286 2712 1369 2757; x_wconf 87' lang='grc' dir='ltr'>τοῦ</span> <span class='ocrx_word' id='word_1_297' title='bbox 1404 2707 1562 2771; x_wconf 86' lang='grc' dir='ltr'>νόμου,</span> <span class='ocrx_word' id='word_1_298' title='bbox 1589 2707 1720 2758; x_wconf 79' lang='grc' dir='ltr'>ἀλλὰ</span> 
     </span>
    </p>
   </div>
   <div class='ocr_carea' id='block_1_7' title="bbox 141 2806 1719 2996">
    <p class='ocr_par' dir='ltr' id='par_1_8' title="bbox 141 2806 1719 2996">
     <span class='ocr_line' id='line_1_34' title="bbox 188 2806 1716 2858; baseline 0.005 -18"><span class='ocrx_word' id='word_1_299' title='bbox 188 2817 218 2840; x_wconf 90' lang='lat'>1.</span> <span class='ocrx_word' id='word_1_300' title='bbox 244 2806 444 2851; x_wconf 83' lang='grc' dir='ltr'>ἐργάσοιντο</span> <span class='ocrx_word' id='word_1_301' title='bbox 461 2807 505 2841; x_wconf 91' lang='grc' dir='ltr'>Α.</span> <span class='ocrx_word' id='word_1_302' title='bbox 742 2819 773 2842; x_wconf 87' lang='grc'>2.</span> <span class='ocrx_word' id='word_1_303' title='bbox 797 2809 875 2843; x_wconf 76' lang='grc' dir='ltr'>οὐδὲ</span> <span class='ocrx_word' id='word_1_304' title='bbox 894 2808 941 2845; x_wconf 76' lang='grc' dir='ltr'>εἷς</span> <span class='ocrx_word' id='word_1_305' title='bbox 958 2816 1182 2856; x_wconf 81' lang='lat' dir='ltr'><strong>assumptum</strong></span> <span class='ocrx_word' id='word_1_306' title='bbox 1202 2823 1244 2845; x_wconf 82' lang='lat' dir='ltr'>ex</span> <span class='ocrx_word' id='word_1_307' title='bbox 1263 2812 1306 2847; x_wconf 89' lang='lat' dir='ltr'>A.</span> <span class='ocrx_word' id='word_1_308' title='bbox 1556 2824 1608 2847; x_wconf 87' lang='lat'>10.</span> <span class='ocrx_word' id='word_1_309' title='bbox 1634 2812 1716 2858; x_wconf 91' lang='grc' dir='ltr'>μὴν]</span> 
     </span>
     <span class='ocr_line' id='line_1_35' title="bbox 143 2853 1719 2905; baseline 0.004 -20"><span class='ocrx_word' id='word_1_310' title='bbox 143 2856 180 2892; x_wconf 74' lang='grc'>-1-</span> <span class='ocrx_word' id='word_1_311' title='bbox 201 2853 254 2886; x_wconf 86' lang='grc' dir='ltr'>καὶ</span> <span class='ocrx_word' id='word_1_312' title='bbox 274 2853 314 2886; x_wconf 85' lang='grc' dir='ltr'>Β.</span> <span class='ocrx_word' id='word_1_313' title='bbox 332 2853 442 2887; x_wconf 80' lang='lat' dir='ltr'>invito</span> <span class='ocrx_word' id='word_1_314' title='bbox 457 2853 500 2888; x_wconf 88' lang='lat' dir='ltr'>A.</span> <span class='ocrx_word' id='word_1_315' title='bbox 721 2865 773 2889; x_wconf 89' lang='lat'>12.</span> <span class='ocrx_word' id='word_1_316' title='bbox 799 2856 889 2890; x_wconf 83' lang='grc' dir='ltr'>ιὀῦσι</span> <span class='ocrx_word' id='word_1_317' title='bbox 908 2856 950 2890; x_wconf 88' lang='lat' dir='ltr'>A.</span> <span class='ocrx_word' id='word_1_318' title='bbox 1172 2869 1225 2902; x_wconf 84' lang='lat'>13.</span> <span class='ocrx_word' id='word_1_319' title='bbox 1251 2859 1499 2905; x_wconf 82' lang='grc' dir='ltr'>ὑπερφέροιντο</span> <span class='ocrx_word' id='word_1_320' title='bbox 1516 2860 1569 2893; x_wconf 85' lang='grc' dir='ltr'>καὶ</span> <span class='ocrx_word' id='word_1_321' title='bbox 1587 2871 1655 2893; x_wconf 88' lang='lat' dir='ltr'>om.</span> <span class='ocrx_word' id='word_1_322' title='bbox 1675 2860 1719 2893; x_wconf 91' lang='lat' dir='ltr'>A.</span> 
     </span>
     <span class='ocr_line' id='line_1_36' title="bbox 142 2898 1717 2950; baseline 0.004 -18"><span class='ocrx_word' id='word_1_323' title='bbox 142 2909 194 2940; x_wconf 84' lang='lat'>14.</span> <span class='ocrx_word' id='word_1_324' title='bbox 218 2898 268 2943; x_wconf 73' lang='grc' dir='ltr'>ἆρ’</span> <span class='ocrx_word' id='word_1_325' title='bbox 286 2900 329 2933; x_wconf 90' lang='lat' dir='ltr'>A.</span> <span class='ocrx_word' id='word_1_326' title='bbox 521 2911 575 2934; x_wconf 88' lang='lat'>21.</span> <span class='ocrx_word' id='word_1_327' title='bbox 603 2901 855 2944; x_wconf 82' lang='grc' dir='ltr'>παραδεικτικὸς</span> <span class='ocrx_word' id='word_1_328' title='bbox 873 2902 1054 2937; x_wconf 82' lang='lat' dir='ltr'>emendavi</span> <span class='ocrx_word' id='word_1_329' title='bbox 1072 2909 1151 2948; x_wconf 85' lang='lat' dir='ltr'>post</span> <span class='ocrx_word' id='word_1_330' title='bbox 1170 2903 1227 2939; x_wconf 87' lang='lat' dir='ltr'>Cr.</span> <span class='ocrx_word' id='word_1_331' title='bbox 1242 2905 1375 2950; x_wconf 60' lang='lat' dir='ltr'>RIigne.</span> <span class='ocrx_word' id='word_1_332' title='bbox 1392 2906 1633 2950; x_wconf 83' lang='grc' dir='ltr'>παραδεκτικὸς</span> <span class='ocrx_word' id='word_1_333' title='bbox 1650 2904 1717 2939; x_wconf 88' lang='lat' dir='ltr'>Ed.</span> 
     </span>
     <span class='ocr_line' id='line_1_37' title="bbox 141 2946 1280 2996; baseline 0.006 -19"><span class='ocrx_word' id='word_1_334' title='bbox 141 2954 264 2990; x_wconf 82' lang='lat' dir='ltr'>23—p.</span> <span class='ocrx_word' id='word_1_335' title='bbox 283 2946 358 2990; x_wconf 89' lang='lat'>198,</span> <span class='ocrx_word' id='word_1_336' title='bbox 376 2958 410 2990; x_wconf 90' lang='lat'>9.</span> <span class='ocrx_word' id='word_1_337' title='bbox 438 2946 534 2980; x_wconf 80' lang='lat' dir='ltr'>Haec</span> <span class='ocrx_word' id='word_1_338' title='bbox 553 2954 774 2982; x_wconf 84' lang='lat' dir='ltr'>accesserunt</span> <span class='ocrx_word' id='word_1_339' title='bbox 792 2960 833 2983; x_wconf 83' lang='lat' dir='ltr'>ex</span> <span class='ocrx_word' id='word_1_340' title='bbox 852 2949 894 2983; x_wconf 94' lang='lat' dir='ltr'>A.</span> <span class='ocrx_word' id='word_1_341' title='bbox 915 2949 959 2984; x_wconf 88' lang='lat' dir='ltr'>cf.</span> <span class='ocrx_word' id='word_1_342' title='bbox 979 2949 1133 2990; x_wconf 85' lang='lat' dir='ltr'>Cramer,</span> <span class='ocrx_word' id='word_1_343' title='bbox 1153 2963 1186 2994; x_wconf 87' lang='lat' dir='ltr'>p.</span> <span class='ocrx_word' id='word_1_344' title='bbox 1204 2950 1280 2996; x_wconf 83' lang='lat'>169.</span> 
     </span>
    </p>
   </div>
  </div>
 </body>
</html>
