2001 3257
294 143 376 182 190
512 144 563 186 B.
596 144 845 184 CYRILLI
882 145 1232 185 ALEXANDR.
1271 145 1644 185 FRAGMENTA
1760 146 1815 185 vi.
1833 156 1873 199 5.

93 207 258 248 tuM-1

292 257 367 306 καὶ
386 255 568 322 Πατὴρ,
586 258 669 307 οὐκ
695 258 752 326 ἐξ
775 259 942 308 οἰκείου
968 256 1052 320 μὲν
1078 260 1159 320 τῆς
1185 259 1257 324 ἐφ’
1282 257 1462 309 ἅπασιν
1486 259 1713 323 ἐνεργείας
1733 259 1875 308 αὐτοῦ

290 336 373 387 τὸν
399 338 528 388 Υῖόν·
564 342 601 389 εὶ
627 337 720 404 γὰρ
746 338 902 390 πάντα
927 339 1093 404 γε’γονε
1121 340 1175 388 δι’
1205 340 1360 402 αὐτοῦ,
1386 344 1485 392 πῶς
1512 338 1570 389 ἂν
1596 339 1895 390 ἐνδοιάσειέν”

291 441 361 472 τις
403 422 465 473 ὡς
508 420 733 486 ἐνήργηκε
776 420 850 471 διὰ
892 424 1010 471 Υἱοῦ
1053 422 1128 471 καὶ
1170 421 1312 471 αὐτοῦ
1355 427 1437 471 τοῦ
1476 422 1612 486 ἁγίου
1653 422 1876 485 σώματος

292 500 378 564 τὴν
419 500 687 552 ἀνάστασιν
709 524 721 564 ;
779 505 852 552 καὶ
897 508 1011 567 γοῦν
1052 504 1076 552 ὀ
1112 501 1226 555 Υἱὸς
1267 502 1455 567 ἐνεργὸν
1497 507 1559 555 εἰς
1598 509 1736 554 τοῦτο
1778 507 1872 554 δει-

67 589 207 662 ῗαῖθῆΰ·
224 589 257 620 ii.
293 582 399 636 κνῦς
449 582 626 645 ἑαυτὸν,
673 589 769 637 τοῖς
818 584 1059 638 Ἰουδαίοις
1110 584 1290 649 ἔφασκε
1343 591 1370 613 “
1387 584 1578 635 Λύσατε
1631 584 1713 635 τὸν
1764 584 1917 635 ναὸν5

93 643 123 674 9·
292 670 319 692 ‘⁶
346 669 524 727 τοῦτον,
553 667 627 715 καὶ
662 666 710 715 ἐν
735 668 890 730 τρισὶν
919 666 1107 730 ἡμέραις
1142 667 1286 730 ἐγερῶ
1322 664 1507 716 αὐτόν.”
1556 665 1685 732 ἄθρει
1712 666 1769 730 δὴ
1795 668 1876 717 οὖν

292 745 419 799 ὅπως
452 745 590 799 αὐτὸς
624 748 814 813 ἐγείρειν
840 744 1186 812 ἐπαγγέλλεται
1213 746 1295 797 τὸν
1322 747 1436 797 ’ίδιον
1463 746 1588 809 ναὸν,
1615 748 1761 798 καίτοι
1791 755 1877 799 τοῦ

140 837 273 873 12Μ.
291 829 416 877 Θεοῦ
453 829 528 877 καὶ
558 827 750 894 Πατρὸς
788 831 1060 892 ἀναστῆσαι
1098 828 1370 893 λεγομε’νου“
1421 828 1575 891 ἐπειδὴ
1615 828 1707 894 γάρ
1746 831 1876 881 ἐστιν

289 908 430 962 αὐτὸς
464 909 492 972 ἡ
529 909 752 975 ζωοποιὸς
791 910 984 974 δύναμις
1025 916 1106 961 τοῦ
1133 914 1258 961 Θεοῦ
1297 913 1373 960 καὶ
1402 909 1606 975 Πατρὸς,
1641 910 1724 961 τὸν
1761 911 1877 963 ἰ’διον

289 990 521 1056 ἐζωοποίει
550 990 675 1043 ναόν.
1895 1009 1944 1034 10

250 1161 273 1198 5
396 1148 441 1191 Εἰ
480 1151 557 1208 scip
595 1152 807 1207 σύμφυτοι
845 1152 1074 1200 Γετόναμεν
1107 1154 1170 1206 τῷ
1206 1151 1448 1201 ὁμοιώματι
1484 1155 1558 1193 τοῦ
1594 1154 1779 1194 Θανάτου

940 1234 1069 1275 αὐτοῦ
1103 1243 1229 1275 κτλ.

365 1346 556 1412 Χρῆναί
583 1350 735 1414 φησιν
765 1349 789 1397 ὁ
817 1347 1073 1400 θεσπέσιος
1102 1351 1297 1400 Παῦλος
1328 1345 1434 1400 τοὺς
1470 1349 1877 1411 συντεθαμμένους

290 1430 491 1496 Χριστῷ
518 1431 594 1478 καὶ
627 1428 1085 1492 συναναστήσεσθαι
1117 1431 1405 1495 προσδοκᾶν·
1457 1430 1531 1479 καὶ
1564 1427 1617 1479 τὸ
1643 1429 1727 1492 μὲν
1757 1429 1875 1499 crossu-

290 1520 432 1578 φυτοι,
460 1510 513 1560 τὸ
548 1513 684 1561 οἱονεὶ
716 1510 999 1579 σύμμορφοί
1028 1534 1077 1562 τε
1113 1514 1187 1561 καὶ
1219 1514 1491 1564 ταυτοειδεῖς
1526 1516 1700 1574 νοητῶς
1730 1513 1876 1576 ὑπεμ-
1895 1532 1942 1569 15

291 1590 479 1658 φήνειεν
507 1592 578 1644 ἄν.
615 1591 745 1656 πλὴν
771 1594 913 1643 ἐκεῖνο
939 1597 1206 1658 περιαθρεῖν
1233 1594 1499 1658 ἀναγκαῖον·
1540 1593 1739 1643 τέθεικεν
1764 1593 1878 1660 ὑπὲρ

289 1672 422 1736 ἡμῶν
460 1673 546 1738 τὴν
584 1675 748 1725 ἑαυτοῦ
787 1674 952 1743 ψυχὴν
991 1676 1015 1725 ὁ
1053 1673 1364 1737 Ἐμμανουὴλ
1402 1677 1478 1725 καὶ
1517 1674 1718 1726 ἀπέθανε
1759 1675 1878 1726 κατὰ

290 1753 462 1819 σάρκα·
496 1755 858 1819 συντεθάμμεθα
879 1756 927 1807 δὲ
949 1758 1074 1825 αὐτῷ
1089 1757 1192 1806 τίνα
1211 1755 1266 1819 δὴ
1287 1753 1464 1821 τρόπον
1483 1756 1612 1819 ἡμεῖς
1633 1759 1674 1806 οἱ
1694 1762 1878 1817 βεβαπ-

289 1836 499 1899 τισμένοι
511 1858 523 1899 ;
567 1835 657 1903 ἆρα
675 1840 736 1890 ὡς
755 1836 1040 1890 ἀνατλάντες
1067 1837 1158 1888 σὺν
1177 1839 1301 1905 αὐτῷ
1320 1836 1402 1888 τὸν
1421 1840 1504 1901 τῆς
1526 1837 1705 1904 σαρκὸς
1726 1838 1870 1889 θάνα-

287 1940 402 1978 τον;
443 1919 681 1981 οὐμενοῦν.
721 1924 823 1973 πῶς
849 1920 930 1970 οὖν
957 1921 1047 1985 ἄρα
1083 1923 1305 1987 σύμφυτοι
1341 1921 1585 1988 γεγόναμεν
1621 1925 1680 1989 τῷ
1715 1920 1870 1986 ὁμοιῶ-
1895 1943 1946 1968 20

286 2023 401 2068 μοι-τι
434 2002 506 2051 τοῦ
532 1999 715 2052 θανάτου
743 2003 887 2063 αὐτοῦ,
916 2001 1029 2069 φερε
1057 2000 1113 2065 δὴ
1141 2002 1253 2070 φέρε
1279 2001 1508 2066 λέγωμεν·
1562 2002 1764 2053 ἀπέθανε
1794 2000 1877 2065 μὲν

286 2081 379 2147 γὰρ
416 2081 535 2132 κατὰ
569 2082 727 2148 σάρκα
755 2082 982 2148 Χριστὸς,
1010 2083 1084 2134 ἵνα
1121 2083 1252 2150 λύσῃ
1285 2088 1369 2133 τοῦ
1398 2082 1582 2145 κόσμου
1609 2082 1693 2146 τὴν
1719 2083 1872 2149 ἁμαρ-

284 2163 399 2214 τίαν·
439 2163 803 2228 ἀποθνήσκομεν
829 2163 877 2214 δὲ
905 2165 1032 2228 ἡμεῖς
1058 2166 1111 2215 οὑ
1137 2163 1257 2215 κατά
1279 2187 1333 2230 γε
1358 2163 1444 2228 τὴν
1470 2164 1642 2230 σάρκα·
1685 2164 1866 2226 πόθεν;

67 2249 173 2321 {upra
185 2260 251 2280 ver.
289 2246 419 2296 ἀλλὰ
457 2250 515 2314 τῇ
555 2248 772 2315 ἁμαρτίᾳ,
801 2246 924 2297 καθὰ
961 2246 1237 2312 γέγραπται,
1264 2247 1509 2297 τουτέστιν
1540 2248 1684 2312 ἀεργῆ
1716 2269 1766 2297 τε
1801 2248 1876 2296 καὶ

289 2328 532 2393 ἄπρακτον
582 2331 631 2379 ἐν
668 2330 846 2381 ἑαυτοῖς
891 2328 1233 2396 ἀποφαίνοντες
1277 2326 1362 2391 τὴν
1407 2328 1637 2394 ἁμαρτίαν
1679 2327 1754 2378 διὰ
1794 2334 1876 2379 τοῦ
1896 2346 1945 2385 25

68 2423 138 2454 Col.
151 2424 196 2454 iii.
211 2432 239 2464 5.
291 2416 603 2476 κατανεκροῦν
642 2409 744 2460 “Tei
781 2407 905 2473 μέλη
944 2408 1003 2460 τὰ
1041 2411 1115 2461 ἐπὶ
1153 2412 1236 2472 τῆς
1273 2412 1375 2474 γῆς,
1401 2409 1634 2474 πορνείαν,
1661 2411 1872 2475 ἀκαθαρ-

292 2498 318 2519 “
345 2492 468 2553 σίαν,
502 2491 666 2554 πάθος,
693 2493 939 2554 ἐπιθυμίαν
967 2490 1130 2554 κακὴν,
1166 2493 1239 2541 καὶ
1275 2489 1359 2553 τὴν
1384 2490 1703 2558 πλεονεξίαν.”
1752 2489 1872 2559 σύμ-

293 2583 419 2640 φυτοι
463 2573 520 2636 δὴ
565 2574 646 2623 οῦν
687 2573 960 2639 γεγόναμεν,
1003 2574 1105 2639 οὐχὶ
1152 2571 1207 2635 δὴ
1252 2570 1397 2635 μόνον
1439 2575 1506 2639 τῷ
1550 2570 1669 2621 κατὰ
1719 2570 1877 2638 σάρκα

344 2718 374 2740 1.
399 2705 624 2750 ἐξοικειοῦμεν
642 2706 716 2739 Mai
734 2706 793 2751 qui
811 2706 963 2741 codicem
984 2718 1089 2740 suum
1107 2706 1165 2739 οὐκ
1183 2706 1221 2749 ἐξ
1238 2706 1361 2739 οἰκείου
1376 2705 1437 2748 μὲν
1454 2704 1616 2739 exhibere
1634 2704 1729 2739 dicit.
1759 2706 1819 2741 οὐκ
1837 2707 1875 2752 ἐξ

294 2753 419 2786 ἐκείνου
436 2752 497 2795 μὲν
516 2752 557 2785 Β.
860 2765 892 2797 9.
919 2754 977 2786 τὸν
994 2758 1216 2797 assumptum
1235 2764 1275 2785 ex
1295 2752 1336 2785 Β.
1644 2763 1696 2796 13.
1722 2754 1874 2797 ὁμοίωμα

294 2799 471 2833 θανάτουε
455 2814 473 2831 ο
491 2801 643 2843 Χριστοῦ
666 2798 818 2837 θάνατος,
837 2799 891 2832 διὰ
916 2800 954 2832 τὸ
977 2799 1020 2842 μὴ
1038 2798 1319 2842 ἀπομεμενηκέναι
1343 2798 1444 2831 αὐτὸν
1460 2800 1506 2843 τῷ
1529 2797 1660 2831 θανάτω
1677 2799 1767 2832 ἀλλὰ
1792 2799 1874 2833 ἀνα-

291 2848 412 2886 βιῶναι
436 2844 615 2890 τριὴμερον
639 2857 657 2878 e
684 2844 758 2878 Cat.
780 2845 929 2879 Oecum.
956 2845 1012 2878 hic
1038 2845 1176 2879 exhibet
1202 2845 1341 2901 Migne3
1388 2844 1470 2877 Non
1495 2850 1611 2878 autem
1634 2845 1782 2889 pertinet
1805 2846 1872 2886 hic,

294 2892 441 2926 testibus
466 2892 565 2926 libris
590 2891 648 2937 qui
674 2892 903 2936 plaemittunt
929 2893 988 2925 τοῦ
1013 2891 1110 2936 ἁγίου
1136 2893 1323 2971 κυριλλου2
1324 2891 1359 2924 ἐν
1383 2893 1429 2936 τῷ
1456 2890 1500 2927 ιβ’
1517 2891 1647 2937 βιβλίῳ
1675 2891 1728 2937 [ἐκ
1752 2894 1812 2927 τοῦ
1837 2894 1875 2933 ιβ

293 2941 400 2983 λόγου
418 2941 477 2973 τοῦ
497 2938 585 2973 Cod.
606 2937 747 2982 Sinam]
767 2938 847 2973 κατὰ
867 2939 1048 2973 ἷουλιανοῦ,
1354 2965 1360 2971 .
1333 2926 1533 2982 Ιλεγιιμεν
1552 2937 1593 2971 Β.
