2012 3272
120 130 176 171 iii.
201 143 262 179 ΙΙ,
287 143 348 172 12.
412 130 479 170 IN
518 129 602 170 ΕΡ.
635 129 695 170 ΙΙ.
734 129 815 169 ΑΙ)
854 127 1243 169 CORINTHIOS.
1296 126 1493 168 LIB.11.
1623 128 1704 166 335

1802 190 1882 220 1M.

119 237 212 303 γάρ
250 240 351 289 ἐστι
389 238 443 289 τό
482 243 551 290 Οὐ
593 236 859 308 δεδόξασται
904 239 950 289 το
994 235 1305 307 δεδοξασμένον
1350 238 1425 287 καὶ
1466 235 1525 286 τὰ
1564 235 1703 304 ἑξῆςς
1747 191 1794 231 [9
1886 190 1900 230 ]

119 319 222 370 ε”στι
249 320 307 370 δε’
322 343 367 371 τι
392 327 603 372 τοιοῦτον
630 319 654 371 ὃ
681 320 904 382 βούλεται
933 322 1125 384 δηλοῦν.
1184 317 1454 388 δεδόξασται
1482 316 1566 381 μὲν
1594 316 1705 382 γὰρ,

121 403 285 468 φησὶν,
313 403 338 452 ὁ
364 406 565 467 Μωσῆς,
587 405 647 456 ὡς
669 403 880 455 διοίκονος
900 401 1045 466 νόμου
1069 407 1151 452 τοῦ
1178 400 1573 466 καταργουμένου,
1595 398 1705 449 ἀλλ’

120 483 149 547 ἡ
186 489 268 534 τοῦ
307 484 409 535 νεόυ
446 486 520 535 καὶ
562 486 610 534 ἐν
651 488 852 552 Χριστῷ
894 483 1191 550 κηρύγματος
1236 482 1354 551 δόξα
1400 486 1581 533 νικῶσα
1623 480 1708 544 τὴν

79 581 100 618 5
121 564 313 631 πρώτην
339 566 547 635 ἀπέφηνε
582 567 801 631 τοιαύτην
828 566 972 630 αὐτὴν
1010 568 1072 619 ὡς
1107 564 1222 629 μηδὲ
1260 565 1384 618 ὅλως
1420 562 1708 632 δεδοξάσθαι

122 649 285 700 δοκεῖν.
341 648 483 714 ὅνπερ
529 648 622 715 γὰρ
664 648 841 714 τρόπον
887 648 1050 700 νυκτὸς
1099 646 1334 711 μενούσης
1387 647 1453 697 ε”τι
1507 648 1582 696 καὶ
1627 651 1710 696 τοῦ

122 731 220 779 κατ’
249 729 394 794 αὐτὴν
419 730 621 785 σκότους
655 731 760 781 τόδε
797 730 850 782 τὸ
887 730 1085 793 σύμπαν
1122 730 1560 792 καταμελαίνοντος,
1589 729 1707 777 άπα-

122 810 353 877 στράπτει
379 812 464 876 μὲν
491 811 654 878 ὥσπερ
690 815 773 876 τῆς
811 811 1020 876 σελήνης
1059 813 1084 862 ὁ
1120 811 1311 873 κύκλος,
1356 810 1502 879 δόξαν
1537 809 1585 860 δὲ
1625 808 1711 873 τὴν

125 894 243 945 ἰδίαν
269 894 362 962 ἔχει
389 897 413 946 ὁ
437 900 531 946 τῶν
555 895 747 961 ἄστρων
773 895 929 962 χορός·
978 894 1114 957 ἡλίου
1149 893 1297 959 γεμὴν
1324 894 1604 960 ἀνίσχοντος
1635 894 1711 942 καὶ

59 1001 106 1026 10
124 980 205 1042 τῆς
243 978 406 1028 ἑαυτοῦ
444 979 754 1043 μαρμαρυγῆς
793 978 1058 1029 ἁπλοῦντος
1097 973 1183 1039 τὴν
1220 975 1382 1044 δόξαν,
1417 975 1613 1039 ἥτταται
1645 977 1711 1042 τῷ

123 1060 378 1126 προῦχοντι
419 1062 501 1123 τῆς
527 1058 736 1124 σελήνης
769 1058 823 1110 τὸ
851 1063 966 1127 φῶς,
995 1057 1110 1108 ε”οικε
1139 1058 1194 1108 δέ
1222 1080 1323 1111 πως
1348 1055 1466 1121 μηδὲ
1492 1056 1707 1124 πεφωτί-

125 1146 240 1192 σθαι
267 1144 435 1192 δοκεῖν·
491 1140 611 1192 κατὰ
635 1141 716 1192 τὸν
742 1140 884 1192 αὑτὸν
911 1139 1037 1203 οἶμαι
1063 1139 1258 1206 τρόπον,
1287 1138 1371 1190 τὸν
1396 1143 1490 1190 τῶν
1516 1160 1707 1204 προκει-

124 1223 275 1286 μένων
301 1223 464 1292 ἐκδέξῃ
492 1229 614 1274 νοῦν.
660 1223 714 1274 τὸ
741 1222 834 1289 γάρ
860 1245 931 1273 τοι
959 1218 1285 1291 δεδοξασμένον,
1305 1223 1446 1288 φησὶ,
1468 1219 1712 1271 τουτέστιν

125 1306 153 1369 ἡ
179 1311 262 1356 τοῦ
288 1304 432 1369 νόμου
457 1306 684 1367 διακονία,
709 1305 856 1356 καίτοι
883 1309 1106 1371 λαχοῦσα
1133 1301 1264 1369 παρὰ
1285 1306 1411 1353 Θεοῦ
1439 1301 1524 1366 τὴν
1551 1300 1712 1370 δόξαν,

60 1400 106 1438 15
127 1386 247 1437 ἔοικέ
266 1411 366 1441 πως
391 1386 455 1451 μὴ
473 1386 758 1456 δεδοξάσθαι
783 1384 868 1450 τὴν
885 1385 1036 1453 ἀρχὴν
1065 1384 1211 1436 εἵνεκεν
1238 1384 1312 1445 τῆς
1339 1382 1713 1454 ὑπερβαλλούσης

127 1465 266 1538 δόξης,
294 1472 376 1533 τῆς
408 1469 724 1535 δεδωρημένης
760 1467 980 1532 δηλονότι
1017 1471 1112 1520 τοῖς
1140 1470 1411 1517 διακονοῦσι
1437 1470 1503 1534 τῷ
1531 1466 1638 1534 θείῳ
1665 1488 1713 1515 τε

128 1552 203 1600 καὶ
228 1551 516 1620 εὖαγγελικῷ
541 1550 820 1617 κηρύγματι·
867 1554 1145 1616 παραχωρεῖ
1167 1547 1259 1615 γάρ
1285 1571 1384 1602 πως
1411 1550 1477 1599 ἀεὶ
1505 1546 1557 1598 τὸ
1585 1552 1715 1611 μεῖον

127 1634 193 1702 τῷ
217 1634 489 1700 προῦχοντι.

132 1802 175 1846 Εἰ
216 1804 292 1862 Γὰρ
329 1804 378 1846 τὸ
416 1805 759 1863 καταρι-ούμενον
800 1804 867 1846 διὰ
907 1804 1050 1855 {ustum
1088 1805 1241 1859 Πολλῴ
1278 1807 1443 1853 μᾶλλον
1482 1804 1530 1845 τὸ
1567 1803 1708 1854 μένον,
1738 1822 1779 1846 11

61 1911 110 1935 20
822 1887 867 1929 ἐν
904 1887 1024 1946 ὃόέῌ.

202 2001 268 2051 Τι’
297 1999 343 2053 u?
377 2000 755 2071 καταργούμενονς
796 2002 823 2066 ἡ
851 2000 966 2052 σκιὰ
998 2003 1072 2052 καὶ
1101 2001 1125 2051 ὁ
1152 2000 1292 2064 νόμος
1322 2000 1467 2065 ἤγουν
1495 2002 1519 2051 ὁ
1546 1999 1712 2061 τύπος,

129 2083 178 2133 τί
198 2081 246 2133 δὲ
273 2082 318 2134 το
339 2082 486 2150 μένονς
527 2083 586 2134 τὰ
612 2089 695 2134 τοῦ
721 2087 846 2134 Θεοῦ
875 2085 1202 2147 θεσπίσματα.
1258 2084 1425 2134 οὐκοῦν
1452 2086 1527 2133 καὶ
1553 2083 1590 2133 ἐν
1616 2079 1715 2153 δόξῃ

129 2163 186 2229 ἧν
217 2165 244 2228 ἡ
279 2164 407 2228 σκιὰ,
441 2166 552 2217 ἀλλ’
583 2166 631 2215 ἐν
670 2164 787 2234 δόξῃ
828 2166 1177 2234 διαφανεστέρᾳ
1211 2164 1269 2215 τὰ
1296 2169 1533 2231 Χριστοῦ·
1592 2163 1717 2226 μένει

129 2246 221 2313 γὰρ
260 2250 298 2297 εἰ
337 2246 684 2314 κατακρατήσει
724 2250 807 2311 τῆς
847 2248 920 2298 ὑπ’
961 2247 1175 2313 οὐρανόν.

66 2425 112 2463 25
201 2418 404 2475 ”Exovssec
441 2416 515 2461 οὖν
552 2420 753 2461 τοιαύτΗν
791 2419 946 2461 ἐλπίδα
983 2422 1124 2478 Πολλῆι
1163 2417 1381 2476 ΠαῤῥΗσίᾳ
1419 2416 1634 2474 χρώμεθα.
1742 2446 1786 2470 12

208 2532 361 2582 Ποίαν
388 2529 589 2593 ἐλπίδας
625 2531 678 2583 τὸ
706 2536 966 2584 ἱκανῶσθαι
995 2531 1126 2598 παρὰ
1150 2536 1275 2583 Θεοῦ
1302 2532 1377 2582 καὶ
1404 2530 1572 2597 ἀρτίως
1598 2529 1719 2596 ἔχειν

133 2611 208 2662 διὰ
244 2615 326 2677 τῆς
358 2609 548 2680 χάριτος
579 2613 698 2679 πρὸς
728 2614 782 2665 τὸ
818 2613 931 2665 εἶναι
971 2622 997 2643 “
1019 2614 1258 2666 διακόνους
1297 2615 1455 2675 καινῆς
1496 2610 1717 2675 διαθήκης
1736 2633 1922 2674 Supraver,

135 2700 162 2723 ‘⁶
187 2695 241 2744 οὐ
285 2693 607 2760 γράμματος.”
657 2696 824 2763 πρέπει
869 2696 917 2747 δὲ
961 2701 1056 2749 τοῖς
1101 2694 1328 2748 τοιούτοις
1371 2694 1426 2745 τὸ
1473 2695 1520 2744 ἐν
1567 2698 1719 2766 πολλῇ
1759 2700 1767 2708 ’

135 2778 355 2847 παῤῥηο-ἴοι
380 2782 561 2840 λαλεῖν,
588 2779 691 2829 οὔτε
718 2782 813 2829 τῶν
839 2777 1000 2829 τύπων
1027 2776 1391 2845 αἰσχυνομένους
1418 2775 1472 2826 τὸ
1500 2767 1714 2841 ἀδρανὲς,

163 2934 216 2970 17.
240 2926 350 2972 μεῖον]
369 2942 413 2971 μη
432 2926 470 2962 ὃν
487 2928 658 2972 (Ξμεῖον)
678 2928 767 2963 Cod.
870 2941 921 2973 19.
950 2928 1046 2963 Haec
1065 2928 1137 2963 duo
1155 2927 1288 2962 scholia
1306 2927 1408 2962 nobis
1427 2924 1626 2970 suppeditat
1646 2924 1694 2959 H.
