2012 3272
97 124 223 173 v.16,
249 136 310 176 17.
432 123 502 163 IN
537 121 881 162 EPISTOLAM
918 121 1000 161 AD
1040 121 1347 161 ROMANOS.
1604 121 1682 160 185

287 267 361 307 Καὶ
400 268 473 322 οὐχ
511 267 570 306 ὡς
610 266 653 307 δι’
699 266 796 307 ἐνὸς
835 266 1163 321 ἁμαρτήσαντος
1201 267 1248 306 τὸ
1287 265 1480 321 δώρΗμα.

170 381 482 445 Ἀνατ-ίθησιν
518 379 682 446 ὥσπερ
722 378 807 443 τὴν
848 385 930 430 τοῦ
974 378 1254 445 πράγματος
1298 379 1447 448 φύσιν
1489 380 1563 428 καὶ
1603 374 1696 441 τὴν·

96 469 179 514 τοῦ
206 462 438 527 νοήματος
465 463 663 526 δύναμιν
689 463 762 513 ἐπὶ
796 462 850 512 τὸ
885 461 954 512 ὅτι
994 459 1210 523 μάλιστα
1249 459 1430 527 πρέπον
1467 464 1534 529 τῷ
1559 463 1684 528 Θεῷ·

96 549 133 595 εἰ
169 544 260 611 γὰρ
301 544 371 609 δὴ,
412 547 548 612 φησὶ,
586 544 639 595 τὸ
679 544 734 612 ἐξ
773 543 887 605 ἑνὸς,
926 543 1028 607 ἤτοι
1073 540 1123 593 3!
1170 541 1267 605 ἑνός,
1304 541 1567 608 κατάκριμα
1605 547 1687 592 τοῦ

54 625 252 690 5Ἀδάμ
289 626 611 694 ἀπεφοίτησεν
650 630 712 679 εἷς
747 625 926 679 πάντας
959 625 1067 675 καθ’
1105 624 1359 687 ὁμοιότητα
1400 623 1485 688 τὴν
1525 624 1683 674 αὐτοῦ·

95 708 197 775 ῥίζα
234 707 327 774 γὰρ
363 707 420 773 ἧν
446 711 507 762 ὡς
543 708 663 777 ε”φην
688 713 771 758 τοῦ
807 708 968 773 γένους
995 712 1221 757 παθοῦσα
1248 705 1334 769 τὴν
1361 704 1562 774 φθορὰν,
1588 710 1689 758 πῶς

97 790 179 840 οὐκ
206 789 264 840 ἂν
289 790 470 856 γε’νοιτο
498 792 573 840 καὶ
605 790 762 841 πίστει
789 787 1081 856 παράδεκτον
1113 790 1189 838 καὶ
1216 787 1462 853 ἀγαπητὸν
1488 789 1553 856 τῷ
1581 790 1690 855 Θεῷ

96 870 151 921 τὸ
204 874 297 922 δεῖν
348 872 405 940 ἐξ
450 871 550 926 ἑνὸς
602 870 911 934 δικαιώματος
963 872 1013 921 ἐκ
1067 869 1250 920 πολλῶν
1300 869 1690 937 παραπτωμάτων

99 956 392 1004 δικαιοῦσθαι
431 952 644 1007 πολλούς
666 975 678 1011 ;
723 952 751 1017 ἢ
793 954 879 1020 οὐχ
919 951 1102 1019 αἱρετὸν
1141 951 1195 1002 τὸ
1233 951 1400 1017 σώζειν
1433 955 1623 1014 μᾶλλον
1660 950 1689 1015 ἢ

30 1055 77 1080 10
98 1034 367 1086 ἀπολλύναι
398 1035 528 1102 παρὰ
562 1039 670 1105 Θεῷ
695 1057 707 1097 ;
753 1033 914 1100 ὥσπερ
941 1036 1097 1085 τοίνυν
1127 1033 1521 1084 καταδεδίκασται
1554 1032 1637 1096 μὲν
1664 1033 1688 1082 ὁ

97 1117 266 1182 Ἀδὰμ,
303 1116 620 1185 κατεκράτησε
653 1117 700 1168 δὲ
731 1117 977 1170 Μωυσέως
1005 1117 1032 1180 ἡ
1064 1119 1147 1180 τῆς
1187 1118 1300 1181 ἀρᾶς
1341 1114 1535 1179 δύναμις
1575 1117 1689 1165 ὑπο-

99 1201 316 1268 φέρουσα
342 1204 400 1268 τῇ
427 1204 588 1269 φθορᾷ
618 1199 726 1254 τοὺς
753 1201 826 1251 ἐπὶ
860 1202 943 1263 τῆς
984 1202 1084 1264 γῆς,
1114 1199 1260 1251 οὕτως
1300 1197 1546 1263 ἐπειδήπερ
1573 1199 1690 1247 δεδι-

100 1283 290 1333 καίωται
316 1281 530 1349 Χριστὸς
557 1283 581 1332 ὁ
609 1282 818 1348 δεύτερος
844 1280 1016 1344 Ἀδὰμ,
1044 1282 1137 1350 ὁδῷ
1169 1284 1227 1348 τῇ
1261 1280 1424 1347 πρώτῃ
1460 1279 1694 1340 βαδιεῖταί

97 1386 190 1415 που
240 1363 427 1417 πάντως
479 1366 554 1415 καὶ
605 1368 668 1417 εἷς
710 1365 831 1428 ἡμᾶς
871 1364 899 1427 ἡ
941 1363 1196 1416 δικαίωσις.
1266 1364 1596 1412 δεδικαιῶσθαι
1641 1359 1694 1411 δέ

32 1465 79 1503 15
101 1450 259 1515 φαμεν
302 1446 386 1497 τὸν
432 1446 661 1513 Χριστὸν,
702 1447 788 1513 οὐχ
840 1448 902 1499 ὡς
949 1446 1109 1496 ἄδικον
1154 1444 1239 1508 μὲν
1286 1443 1516 1510 γεγονότα
1565 1442 1692 1505 ποτε,

100 1527 370 1595 προήκοντα
395 1527 544 1594 γεμὴν
574 1529 630 1597 ἐξ
661 1528 915 1581 ἐπιδόσεως
950 1530 1033 1591 τῆς
1065 1530 1127 1580 εἰς
1160 1525 1219 1577 τὰ
1245 1526 1417 1589 ἀμείνω
1449 1529 1510 1578 εἷς
1538 1525 1685 1575 δικαί-

102 1633 235 1672 ωσιν,
275 1611 386 1660 ἀλλ’
429 1610 500 1660 ὅτι
541 1609 725 1676 πρῶτός
765 1633 814 1660 τε
850 1610 925 1659 καὶ
968 1608 1109 1671 μόνος
1149 1608 1397 1674 ἄνθρωπος
1434 1606 1572 1661 αὐτὸς
1615 1608 1689 1658 ἐπὶ

103 1695 190 1757 γῆς
230 1699 256 1721 “
279 1693 362 1742 οὐκ
394 1692 615 1756 ἐποίησεν
642 1692 874 1758 ἁμαρτίαν
901 1689 1004 1741 οὐδὲ
1039 1689 1202 1757 εὑρέθη
1231 1690 1371 1743 δόλος
1406 1690 1454 1740 ἐν
1476 1693 1542 1758 τῷ
1576 1687 1690 1739 στό-

103 1780 130 1802 “
155 1797 266 1838 ματι
291 1774 475 1826 αὑτοῦ.”

33 1947 83 1972 20
129 1934 173 1976 Εἰ
212 1936 289 1992 scip
326 1937 387 1990 τῷ
423 1939 497 1976 τοῦ
542 1935 638 1977 ἐνὸς
675 1934 995 1992 Παραπτὼματῑ
1033 1936 1055 1977 ὁ
1094 1936 1278 1976 Θάνατος
1313 1932 1562 1983 ἐβασίλευσε
1600 1932 1668 1973 διὰ

675 2022 749 2061 τοῦ
788 2018 889 2061 ἐνὸς·
923 2027 1048 2060 κτλ.

171 2134 343 2199 ”Αθρει
371 2133 426 2198 δὴ
452 2133 599 2185 πάλιν
625 2135 688 2187 ὡς
719 2132 1045 2198 ἀλκιμωτέραν
1071 2135 1154 2196 τῆς
1182 2131 1552 2197 κατακρινούσης
1578 2131 1693 2195 ἀρᾶς

107 2214 459 2282 καταλογίζεται
486 2215 571 2278 τὴν
602 2217 877 2265 δικαιοῦσαν
911 2213 1062 2281 χάριν·
1108 2214 1161 2264 οὐ
1188 2212 1280 2279 γὰρ
1314 2211 1385 2276 δὴ,
1412 2213 1549 2280 φησὶ,
1576 2212 1693 2279 φαίη

106 2321 175 2351 τις
197 2296 255 2348 ἂν
283 2300 343 2352 ὡς
361 2297 418 2362 ἦν
446 2298 565 2350 εἰκὸς
587 2301 877 2363 κατισχῦσαι
896 2296 981 2360 μὲν
998 2300 1092 2346 τῶν
1111 2296 1184 2346 ἐπὶ
1209 2297 1291 2358 τῆς
1318 2297 1406 2360 ’γῆς
1421 2292 1503 2344 τὸν
1520 2293 1574 2343 δι’
1594 2291 1695 2346 ἑνὸς

37 2398 85 2436 25
108 2380 324 2443 θάνατον,
351 2379 615 2433 εὐσθενείας
650 2377 796 2444 γεμὴν
821 2380 1079 2444 ἀμοιρῆσαι
1112 2376 1199 2440 τὴν
1225 2374 1362 2442 ζωήν·
1404 2380 1569 2444 πολλῷ
1599 2374 1693 2439 γὰρ

108 2464 288 2530 μᾶλλον
317 2469 351 2514 οἱ
377 2462 513 2529 χάριν
539 2462 722 2529 ἔχοντες
748 2460 833 2524 τὴν
861 2460 938 2510 διὰ
957 2463 1175 2526 Χριστοῦ
1201 2460 1277 2509 καὶ
1304 2457 1389 2521 τὴν
1414 2460 1496 2520 τῆς
1522 2459 1692 2507 δικαιο-

109 2543 257 2608 σύνης
289 2543 465 2610 δωρεὰν
498 2545 547 2594 ἐκ
583 2543 853 2611 φιλοτιμίας
889 2545 972 2606 τῆς
1012 2541 1203 2602 ἄνωθεν,
1236 2539 1574 2591 ἀποσείσονται
1607 2536 1690 2602 μὲν

107 2631 190 2676 τοῦ
224 2625 428 2677 θανάτου
451 2625 505 2676 τὸ
539 2625 721 2691 κροῖτος,
747 2622 1200 2688 συμβασιλεύσουσι
1227 2621 1274 2672 δὲ
1301 2625 1368 2690 τῷ
1393 2620 1691 2686 ζωοποιοῦντι

109 2706 168 2758 τὰ
191 2707 346 2759 πάντα
371 2712 584 2777 Χριστῷ.

162 2852 215 2886 16.
240 2868 279 2898 γε
296 2854 356 2897 μὲν
375 2853 508 2898 Migne.
640 2864 696 2897 23.
723 2852 763 2896 δὴ
782 2851 824 2887 Β.
844 2851 881 2886 δέ
898 2851 965 2886 Ed.
1096 2852 1151 2885 28.
1178 2847 1476 2895 συμβασιλεύουσι
1496 2846 1584 2892 (Sic)
1603 2846 1646 2881 B.

171 2993 261 3023 τοι.
285 2995 350 3022 111.
868 2995 892 3021 B
914 2982 940 3021 b

1706 197 1732 230 8
1753 194 1816 230 Μ.

1709 264 1754 299 16

1712 1706 1725 1728 1
1740 1697 1775 1730 S.
1792 1697 1866 1728 Pet.
1877 1696 1911 1727 ii.

1709 1750 1760 1772 22.
