2012 3272
488 152 646 192 RESP.
680 151 761 191 AD
793 150 903 191 TIB.
939 150 1291 191 SOCIOSQUE.
1596 150 1673 189 581

93 260 169 311 ἵνα
194 262 268 311 καὶ
303 262 370 311 ἀεὶ
404 259 626 328 φαίνηται
656 258 839 325 Πατήρ.
897 259 951 310 οὐ
990 257 1082 325 γὰρ
1108 257 1166 322 ἧν
1192 258 1266 309 ὅτε
1305 263 1443 309 τοῦτο
1483 259 1564 309 οὐκ
1602 256 1676 322 ἦν.

94 341 197 393 ε”στι
235 343 391 393 τοίνυν
414 340 586 393 ταύτὸν
610 340 694 403 μὲν
719 344 786 410 τῷ
815 343 971 407 Πατρὶ
1004 344 1063 408 τῇ
1102 340 1247 408 φύσει
1274 338 1327 390 τὸ
1369 339 1492 390 θεῖόν
1517 362 1584 395 τε,
1605 340 1680 390 καὶ
1699 342 1726 382 b

95 422 411 490 ὑπερκόσμιον
431 424 654 489 γέννημα,
668 424 717 474 ἐν
742 422 974 489 ἑτερότητι
1002 421 1049 473 δὲ
1076 425 1134 490 τῇ
1162 421 1281 473 κατὰ
1304 421 1492 486 υὶότητα
1517 419 1680 485 μόνην.

95 505 149 556 οὐ
187 505 279 572 γάρ
317 507 421 557 ἐστι
451 504 635 571 Πατὴρ,
674 504 745 555 ὅτι
784 503 900 569 μηδὲ
939 506 1107 558 ἐκεῖνος
1145 503 1276 558 Υἱός.
1332 503 1489 555 πάντα
1526 503 1684 554 τοίνυν

52 587 386 654 5πληρούσης,
422 589 484 642 ὡς
517 587 650 655 ε”φην,
687 589 770 650 τῆς
807 585 1031 637 ἀνωτάτω
1066 590 1240 637 πασῶν
1279 585 1458 648 οὐσίας,
1498 584 1569 636 ὅτι
1607 585 1684 635 καὶ

95 668 209 736 ὑπὲρ
247 670 401 721 κτίσιν
442 671 545 720 ἐστὶ
586 670 662 719 καὶ
704 673 813 719 νοῦν
849 669 923 718 καὶ
969 666 1130 733 λόγον,
1165 667 1230 731 μὴ
1271 666 1684 734 βατταριζέτωσάν

1746 748 1839 778 Hier.

94 774 227 814 τινες,
254 758 281 781 “
300 750 359 802 τὰ
395 750 488 802 ἀπὸ
523 751 714 817 καρδίας
749 750 903 800 αὐτῶν
929 755 1203 811 λαλοῦντες,
1230 751 1306 800 καὶ
1330 750 1413 800 οὐκ
1440 748 1534 800 ἀπὸ
1560 748 1678 800 στό-
1746 792 1826 822 xxiii
1855 790 1892 820 16

96 839 123 863 ‘⁴
147 856 295 897 ματος
323 833 539 899 Κυρίου,”
575 830 698 883 καθὰ
732 832 1011 898 γέγραπται,
1037 831 1113 882 ἵνα
1147 829 1212 895 μὴ
1239 830 1563 897 παραλύοντες
1597 830 1684 895 τὴν

95 914 322 979 ἀλήθειαν
358 919 458 969 ταῖς
495 916 672 965 ἑαυτῶν
698 916 879 982 ψυχαῖς
915 912 1001 978 τὴν
1039 918 1136 968 τοῖς
1168 918 1308 964 τοῦτο
1343 916 1459 980 δρᾶν
1494 911 1722 964 εἶωθόσιο

29 1018 76 1043 10
95 997 373 1063 πρέπουσαν
399 996 742 1061 ἐπαντλήσωσι
768 996 913 1061 δίκην.

96 1156 205 1209 Πρὸς
234 1157 321 1201 τοὺς
350 1156 540 1210 λέγοντας
560 1157 619 1198 ὅτι
646 1158 856 1210 γενόμενος
878 1157 1082 1208 ἄνθρωπος
1103 1157 1124 1195 ὁ
1147 1155 1379 1208 Μονογενὴς
1402 1154 1535 1197 κενοὺς
1557 1155 1683 1207 ἀφῆκε
1704 1160 1757 1199 Γ’.

510 1232 576 1281 τῆς
597 1232 735 1271 ἑαυτοῦ
756 1233 936 1280 θεότητος
957 1230 1045 1273 τοὺς
1067 1229 1264 1282 οὐρανούς.

718 1371 1065 1408 ΕΠΙΛΎΣΙΣ.

158 1474 388 1527 νΑπιστοί
420 1498 559 1538 τινες,
589 1478 651 1529 ὡς
689 1475 876 1539 ἔμαθον,
910 1477 985 1526 καὶ
1023 1473 1323 1541 γελοιότητος
1361 1477 1444 1538 τῆς
1480 1472 1731 1542 ἐσχάτηςᾱ

32 1579 76 1618 ι5
97 1558 326 1622 ἐπίμεστα
370 1558 575 1624 ῥημάτια
612 1557 976 1624 περικομίζουσι,
1019 1564 1045 1587 “
1066 1556 1124 1608 τὰ
1169 1555 1263 1608 ἀπὸ
1304 1557 1495 1623 καρδίας
1533 1557 1687 1607 αὐτῶν
1750 1569 1801 1600 Ib-

99 1646 126 1670 ‘⁶
150 1645 422 1702 λαλοῦντες,
457 1641 533 1690 καὶ
574 1640 658 1690 οὐκ
696 1640 788 1690 ἀπὸ
818 1638 1059 1702 στόματος
1089 1640 1305 1704 Κυρίου,”
1349 1637 1469 1689 κατὰ
1506 1637 1560 1688 τὸ
1602 1659 1684 1702 γε·

97 1722 384 1788 γραμμένον.
438 1721 556 1773 ὅπου
589 1720 683 1787 γὰρ
708 1720 762 1772 τὸ
789 1724 872 1785 τῆς
898 1721 1119 1786 ἀληθείας
1146 1721 1199 1771 οὐ
1236 1720 1528 1787 διαφαίνεται
1563 1719 1682 1770 κάλ-

98 1809 197 1866 λος,
236 1804 330 1854 ἐκεῖ
357 1802 546 1857 πάντως
586 1804 612 1854 ὁ
651 1808 734 1854 τοῦ
779 1802 985 1871 ψεύδους
1018 1802 1177 1868 πατὴρ
1213 1804 1341 1869 ἐκχεῖ
1373 1804 1455 1865 τῆς
1492 1801 1689 1865 ἐνούσης

99 1885 224 1955 αὐτῷ
249 1884 530 1950 σκαιότητος
554 1883 638 1935 τὸν
664 1883 974 1951 ἀνδροκτόνον
1002 1883 1086 1936 ἱόν.
1127 1884 1351 1947 μανθάνω
1377 1883 1535 1934 τοίνυν
1560 1881 1690 1936 τινὰς

31 1995 80 2021 20
99 1967 149 2017 ἐκ
185 1969 373 2031 πολλῆς
409 1966 532 2032 ἄγαν
559 1967 815 2020 ἀσυνεσίας
851 1969 1113 2018 διακεῖσθαι
1141 1968 1216 2016 καὶ
1247 1965 1418 2030 λέγειν,
1446 1965 1516 2016 ὅτι
1552 1963 1686 2030 γενό-

98 2070 236 2112 μενος
276 2048 524 2114 ἄνθρωπος
565 2049 590 2098 ὁ
632 2045 910 2114 Μονογενὴς
954 2053 1038 2099 τοῦ
1079 2051 1206 2098 Θεοῦ
1246 2046 1417 2113 Λόγος,
1457 2048 1533 2097 καὶ
1571 2043 1728 2109 μετάθ

99 2129 278 2197 σαρκὸς
311 2131 729 2198 συναναστραφεὶς
761 2134 857 2183 τοῖς
893 2130 967 2181 ἐπὶ
1000 2131 1083 2193 τῆς
1115 2131 1216 2194 γῆς,
1244 2128 1400 2182 κενοὺς
1427 2130 1579 2197 ἀφῆκε
1606 2130 1690 2190 τῆς

100 2214 264 2264 ἑαυτοῦ
291 2210 507 2275 θεότητος
532 2210 639 2265 τοὺς
665 2210 900 2277 οὐρανούς.
944 2216 1081 2262 τοῦτο
1117 2209 1174 2261 δέ
1203 2211 1334 2260 ἐστιν
1368 2210 1524 2274 ἕτερον
1558 2208 1690 2259 οὐδὲν

152 2354 182 2377 Ι.
208 2342 368 2387 φαίνηται
384 2341 494 2387 πατήρ
512 2341 579 2376 hoe
597 2341 719 2376 Ordine
736 2341 780 2376 A.
1031 2352 1062 2376 2.
1087 2342 1295 2385 ταύτὸν-τῇ
1318 2339 1412 2386 [τῆιὶῖ
1428 2340 1450 2374 i.
1465 2351 1494 2374 e.
1513 2354 1572 2383 την
1590 2340 1688 2384 prius

102 2389 272 2434 scriptum
299 2388 341 2422 ad
367 2390 406 2433 τῇ
434 2387 661 2434 castigatum]
682 2387 790 2433 φύσει
806 2388 850 2422 A.
877 2390 923 2434 τῷ
948 2387 1010 2432 μὲν
1033 2389 1135 2432 πατρὶ
1160 2389 1199 2431 τῇ
1227 2387 1336 2433 φύσει
1364 2386 1440 2432 [τὴν
1464 2386 1574 2431 φύσιν
1601 2385 1686 2431 Ed.]

101 2437 223 2471 ταυτὸν
241 2436 288 2470 D.
309 2435 376 2469 Ed.
565 2446 598 2479 3.
624 2435 810 2479 ε’ν-μόνην
826 2435 870 2468 A.
889 2436 993 2479 μόνον
1011 2435 1047 2468 δέ
1065 2435 1100 2468 ἐν
1118 2436 1288 2479 ἑτερότητι
1306 2436 1345 2477 τῇ
1365 2433 1448 2467 κατὰ
1464 2434 1601 2476 υἷότητα
1619 2432 1687 2466 Ed.

101 2495 135 2525 4.
160 2482 435 2518 πάντα-οὐσίας
451 2481 518 2516 hoc
536 2481 658 2515 ordine
675 2482 719 2515 A.
737 2482 849 2516 τοίνυν
865 2482 909 2517 ὡς
931 2482 1018 2526 ἔφην
1034 2482 1144 2516 πάντα
1167 2482 1226 2525 τῆς
1249 2481 1407 2515 ἀνωτάτω
1433 2484 1553 2514 πασῶν
1570 2479 1689 2514 οὐσίας

100 2528 300 2573 πληροὺσης
318 2528 385 2562 Ed.
482 2528 515 2563 6.
540 2528 770 2573 ἐστὶ-λόγον
785 2529 829 2562 A.
848 2527 922 2562 ἐστὶ
940 2533 1020 2572 post
1036 2529 1143 2573 λόγον
1159 2527 1359 2572 transponit
1377 2526 1443 2560 Ed.
1543 2535 1574 2570 7.
1600 2526 1688 2559 τὰ-

101 2577 287 2610 λαλοῦντες
303 2574 347 2609 Α.
364 2576 549 2611 λαλοῦντες
567 2581 646 2608 ante
662 2575 703 2609 τὰ
720 2574 918 2619 transponit
936 2574 1003 2608 Ed.
1147 2575 1180 2609 8.
1207 2572 1437 2618 παραλύοντες
1453 2572 1513 2616 τὴν
1529 2572 1689 2615 ἀλήθειαν

100 2621 169 2656 hoc
186 2621 307 2655 ordine
324 2623 368 2655 A.
559 2633 592 2667 9.
619 2620 969 2664 τὴν-ἐπαντλήσωσι
986 2620 1053 2655 hoc
1071 2620 1193 2655 ordine
1210 2621 1254 2655 A.
1272 2619 1514 2663 ἐπαντλὴσωσι
1533 2625 1612 2652 ante
1629 2619 1688 2662 τὴν

102 2669 299 2712 transponit
317 2667 383 2702 Ed.
482 2678 535 2701 10.
562 2666 816 2711 ἐπαντλὴσουσι
833 2669 877 2702 A.
987 2679 999 2701 1
1011 2680 1040 2702 1.
1066 2672 1090 2700 Γ
1107 2667 1248 2712 reposui
1265 2678 1306 2701 ex
1324 2671 1389 2700 Γ.Β
1408 2665 1548 2700 exhibet
1564 2665 1597 2698 A
1614 2676 1687 2709 mg.

102 2714 206 2759 ἐφῆκε
224 2714 268 2748 Α.
286 2713 346 2748 sed
364 2713 408 2748 cf.
427 2713 527 2747 infra.
637 2725 690 2759 13.
719 2714 772 2747 Ita
789 2714 871 2748 Α.Γ,
891 2715 1015 2759 κεφαλ.
1035 2713 1080 2748 ιθ.
1100 2714 1146 2748 D.
1167 2713 1234 2747 Ed.
1333 2721 1388 2757 15.
1413 2712 1688 2754 τὰ-λαλοῦντες

101 2760 169 2795 hoc
186 2760 308 2794 ordine
325 2760 369 2794 A.
384 2761 569 2795 λαλοῦντες
586 2767 665 2794 ante
682 2760 723 2793 τὰ
739 2760 937 2805 transponit
954 2761 1009 2803 (ut
1027 2761 1146 2805 supra)
1162 2759 1230 2794 Ed.
1297 2768 1351 2803 17.
1369 2759 1602 2802 τῆς-κάλλος
1620 2756 1686 2790 hoc

102 2806 226 2840 ordine
243 2806 286 2840 A.
305 2807 432 2840 κάλλος
448 2811 528 2839 ante
544 2807 602 2849 τῆς
618 2807 815 2851 transponit
834 2806 900 2840 Ed.
999 2817 1054 2840 20.
1072 2807 1408 2851 γενόμενος-Λόγος
1425 2804 1491 2838 hoc
1508 2803 1629 2837 ordine
1642 2802 1687 2837 A.

103 2854 121 2886 ὁ
138 2852 320 2897 μονογενὴς
336 2854 440 2896 λόγος
456 2854 517 2885 τοῦ
535 2854 622 2886 Θεοῦ
639 2854 815 2896 ’γενόμενος
833 2853 1009 2897 ἅνθρωπος
1027 2852 1096 2887 Ed.
1279 2862 1335 2886 21.
1360 2851 1549 2894 μετὰ-τῆς
1565 2850 1627 2893 γῆς
1644 2848 1687 2883 Α.

103 2901 173 2934 τοῖς
190 2899 245 2933 ἐπὶ
261 2900 323 2944 γῆς
339 2899 422 2942 μετὰ
440 2899 567 2943 σαρκὸς
585 2899 882 2944 συναναστραφεὶς
901 2899 969 2933 Ed.
1191 2909 1246 2932 22.
1274 2896 1526 2940 συναστρεφεὶς
1543 2895 1622 2939 (Sic)
1641 2894 1687 2929 A.

102 2944 211 2990 ἀφῆκε
230 2947 286 2990 τῆς
303 2946 424 2980 ἑαυτοῦ
442 2944 600 2988 θεότητος
618 2944 684 2979 hoc
702 2945 824 2979 ordine
842 2945 884 2980 A.
903 2947 959 2989 τῆς
977 2946 1097 2979 ἑαυτοῦ
1115 2945 1272 2988 θεότητος
1289 2943 1398 2989 ἀφῆκε
1418 2942 1485 2977 Ed.
