1986 3282
110 137 192 178 xix.
218 147 279 190 17,
304 137 367 178 18.
488 137 562 177 IN
601 137 644 178 S,
675 136 1016 178 JOANNEM.
1078 136 1207 179 LIB.
1231 136 1333 178 XII.
1646 139 1698 177 81

109 246 263 309 αὐτῆς,
296 245 415 297 κατὰ
449 245 503 297 τὸ
541 248 590 297 ἐν
624 249 842 314 ψαλμοῖς
879 245 1253 316 μελῳδούμενον,
1294 252 1377 296 τοῦ
1413 244 1477 309 μὴ
1510 245 1700 312 ἔχοντος

108 327 339 393 ἁμαρτίαν
384 328 498 393 ὑπὲρ
541 330 625 392 τῆς
670 328 896 379 ἁποίντων
938 328 1169 394 ἁμαρτίας
1220 326 1696 390 καταδεδικασμένου.

107 407 268 474 ὀνήσει
303 408 351 461 δὲ
377 408 572 479 σφόδρα
598 408 683 464 τὰς
709 409 933 477 ἡμετέρας
959 408 1122 478 ψυχὰς
1148 409 1202 460 τὸ
1230 411 1304 461 ἐπὶ
1330 412 1532 477 Χριστῷ
1568 431 1695 459 τετε-

107 490 354 556 λεσμένον,
382 496 444 546 εἰς
482 492 630 544 τύπον
668 492 883 559 ἀνδρείας
923 494 1044 560 φημὶ
1085 491 1141 556 δὴ
1181 494 1264 555 τῆς
1303 492 1402 542 κατ’
1437 490 1697 551 εὐσέβειαν.

64 573 349 640 5περιέσται
389 573 483 641 γὰρ
526 572 654 638 οἶμαι
697 573 806 626 καθ’
854 574 1010 641 ἕτερον
1050 575 1159 638 ἡμῖν
1201 572 1363 625 οὐδένα
1402 571 1579 639 τρόπον
1618 575 1701 635 τῆς

106 656 398 720 τελειότητος
429 656 676 726 ἐφικέσθαι
709 661 803 708 τῶν
828 658 1037 722 ἀγαθῶν,
1064 658 1139 707 καὶ
1172 658 1255 720 τῆς
1284 655 1403 721 πρὸς
1432 654 1557 706 Θεὸν
1582 656 1694 704 ὁλο-

105 744 271 792 τελοῦς
309 738 533 802 ἑνώσεως,
566 743 603 790 εὶ
635 738 700 803 μὴ
738 741 822 802 τῆς
857 739 1061 803 ἐπιγείου
1101 738 1219 805 ζωῆς
1257 738 1430 802 ἀμείνω
1468 760 1517 787 τε
1556 759 1695 799 ποιη-

106 820 313 884 σαίμεθα
351 820 437 884 τὴν
477 825 539 875 εἷς
579 821 722 872 αὑτὸν
763 820 1024 886 ἀγοίπησιν,
1065 823 1141 871 καὶ
1181 823 1576 886 προκινδυνεῦσαι
1617 821 1699 881 τῆς

106 902 327 966 ἀληθείας
358 901 599 968 ἐθέλοιμεν
623 900 982 969 προθυμότατα,
1012 907 1272 955 καλοῦντος
1307 902 1428 965 ἡμᾶς
1462 903 1524 954 εἰς
1560 906 1699 951 τοῦτο

40 1009 88 1034 10
107 990 283 1051 καιροῦ.
339 986 416 1036 καὶ
453 991 569 1051 γοῦν
609 986 633 1036 ὁ
677 985 849 1051 Κύριος
890 985 1022 1048 ἡμῶν
1047 985 1235 1049 Ἰησοῦς
1271 986 1295 1034 ὁ
1322 981 1550 1050 Χριστὸς,
1590 987 1923 1045 πᾶς,ειὶο58Α.

107 1067 272 1135 φησὶν,
299 1074 325 1097 “
353 1066 402 1121 ὃς
427 1069 480 1118 οὐ
511 1067 749 1131 λαμβάνει
787 1065 870 1118 τὸν
908 1066 1119 1133 σταυρὸν
1150 1067 1293 1117 αὐτοῦ
1332 1067 1408 1116 καὶ
1446 1067 1701 1115 ἀκολουθεῖ
1759 1072 1925 1154 ἓῖἔῖἐῑῒῢῑῑ·

106 1155 135 1177 “
155 1149 311 1200 ὀπίσω
335 1172 426 1214 μου
448 1151 530 1201 οὐκ
557 1150 661 1200 ε”στι
687 1172 779 1214 μου
804 1149 974 1218 ἄξιος·”
1021 1149 1076 1200 τὸ
1102 1148 1150 1200 δὲ
1177 1153 1344 1209 λαβεῖν
1368 1148 1452 1199 τὸν
1472 1145 1698 1213 σταυρὸν,
1759 1140 1788 1146 ⁴⁸
1850 1139 1857 1146 ’

107 1229 240 1281 οὐδὲν
280 1230 408 1295 οἶμαι
453 1232 701 1296 σημαίνειν
746 1231 916 1297 ἕτερον,
959 1230 988 1296 ἢ
1033 1230 1087 1282 τὸ
1129 1230 1465 1299 ἀποτάξασθαι
1510 1228 1595 1293 μὲν
1634 1233 1701 1298 τῷ

107 1311 274 1383 κόσμῳ
312 1313 387 1364 διὰ
421 1313 561 1378 Θεὸν,
597 1315 815 1381 δευτέραν
854 1312 902 1364 δὲ
942 1318 1037 1365 τῶν
1075 1315 1123 1365 ἐν
1161 1314 1355 1364 ἐλπίσιν
1390 1313 1585 1378 ἀγαθῶν
1625 1314 1701 1361 καὶ

39 1407 86 1446 Ι5
108 1395 252 1459 αὐτὴν
291 1401 528 1448 ποιεῖσθαι
566 1394 652 1460 τὴν
690 1394 808 1460 μετὰ
846 1397 1070 1460 σώματος
1109 1399 1146 1446 εἷ
1179 1394 1314 1462 τύχοι
1346 1393 1480 1461 ζωήν.
1534 1394 1645 1444 ἀλλ’
1675 1394 1699 1443 ὁ

105 1476 191 1541 μὲν
219 1477 394 1545 Κύριος
420 1478 552 1542 ἡμῶν
577 1479 767 1542 Ἰησοῦς
794 1478 819 1528 ὁ
845 1476 1060 1544 Χριστὸς
1087 1477 1169 1528 τὸν
1194 1477 1304 1541 ἡμῖν
1330 1476 1573 1542 πρέποντα
1601 1479 1700 1526 δια-

107 1560 307 1627 κομίζων
333 1560 542 1627 σταυρὸν
570 1560 653 1611 οὐκ
688 1561 891 1628 ἐρυθριᾷ,
927 1560 1004 1610 καὶ
1039 1564 1179 1610 τοῦτο
1216 1558 1384 1610 παθὼν
1412 1557 1488 1608 διὰ
1526 1556 1612 1621 τὴν
1639 1561 1701 1610 εἷς

106 1642 228 1706 ἡμᾶς
252 1643 514 1708 ἀγοίπησιν·
562 1642 691 1706 ἡμεῖς
722 1640 770 1692 δὲ
801 1645 843 1693 οἱ
869 1642 1084 1704 δείλαιοι,
1116 1642 1265 1692 καίτοι
1291 1640 1469 1706 μητέρα
1495 1639 1581 1703 τὴν
1609 1639 1699 1690 ὑπὸ

106 1723 255 1778 πόδας
291 1726 482 1789 ταυτηνὶ
518 1726 593 1775 καὶ
626 1725 916 1788 ἀναίσθητον
943 1723 1126 1791 ἔχοντες
1153 1726 1258 1789 γῆν,
1285 1724 1361 1773 καὶ
1400 1724 1449 1773 ἐκ
1487 1727 1571 1773 τοῦ
1609 1744 1698 1785 μηῃ
1716 1737 1743 1777 b

38 1826 88 1852 20
108 1804 237 1861 δενός
264 1810 326 1860 εἷς
351 1805 404 1858 τὸ
431 1804 546 1858 εἶναι
577 1807 868 1870 κεκλημένοι,
894 1811 989 1857 τῶν
1020 1806 1135 1872 ὑπὲρ
1170 1808 1252 1869 τῆς
1287 1805 1527 1867 εὐσεβείας
1563 1804 1699 1870 ἱδρώ-

107 1911 202 1940 των
236 1889 334 1939 οῦδ’
365 1888 484 1940 ὅσον
519 1889 764 1954 ἀποθίγειν
803 1890 1151 1953 ἀποτολμῶμεν
1189 1888 1295 1939 ἔσθ’
1326 1887 1415 1950 ὅτε,
1451 1885 1583 1938 ἀλλὰ
1622 1888 1698 1937 καὶ

108 1969 151 2021 εἴ
170 1993 215 2021 τι
240 1969 421 2036 γε’νοιτο
446 1974 613 2022 παθεῖν
639 1970 713 2022 διὰ
740 1970 825 2035 τὴν
852 1974 914 2024 εἷς
939 1969 1156 2037 Χριστὸν
1182 1970 1438 2032 εὐσέβειαν,
1455 1969 1698 2037 ἀφόρητον

108 2052 242 2106 εὐθὺς
285 2051 544 2117 ποιούμεθα
587 2051 674 2117 τὴν
715 2051 962 2120 αἰσχύνην,
1001 2054 1077 2103 καὶ
1124 2052 1207 2104 τὸν
1248 2056 1342 2103 τῶν
1387 2052 1441 2102 δι’
1486 2051 1697 2104 ἐναντίας

107 2135 211 2200 ἤτοι
236 2139 331 2186 τῶν
356 2134 586 2186 εἰωθότων
612 2138 916 2203 φιλοψογεῖν,
939 2137 1001 2188 ὡς
1028 2133 1245 2202 ὀλέθριόν
1271 2157 1316 2186 τι
1341 2136 1501 2201 χρῆμα
1527 2155 1696 2199 παραι-

40 2239 90 2279 25
109 2216 323 2281 τούμενοι
357 2217 561 2283 γέλωτα,
587 2219 670 2280 τῆς
707 2217 873 2282 ὀλίγης
899 2218 1101 2281 ταυτησὶ
1127 2218 1203 2267 καὶ
1233 2216 1529 2283 προσκαίρου
1555 2219 1697 2283 φιλο-

110 2299 270 2368 δοξίας
308 2297 504 2351 κατόπιν
528 2301 691 2353 ἐῶντες
729 2299 783 2349 τὸ
815 2302 982 2349 δοκοῦν
1016 2301 1082 2368 τῷ
1117 2300 1237 2367 Θεῷ,
1264 2297 1349 2362 τὴν
1374 2297 1609 2359 ἁπάντων,
1635 2299 1698 2351 ὡς

110 2381 219 2435 ἔπος
244 2385 398 2444 εἰπεῖν,
425 2381 603 2448 μητέρα
627 2385 722 2431 τῶν
748 2385 904 2432 κακῶν
930 2387 1162 2443 νοσοῦμεν
1188 2381 1469 2448 ὑπεροψίαν,
1499 2381 1574 2430 καὶ
1599 2383 1695 2433 τοῖς
1715 2400 1736 2426 o

109 2464 318 2514 ἐντεῦθεν
343 2463 613 2529 ἐγκλήμασι
650 2464 1007 2530 περιπίπτομεν.
1063 2461 1178 2529 ὑπὲρ
1213 2461 1308 2529 γὰρ
1346 2460 1430 2514 τὸν
1464 2461 1622 2528 κύριον
1654 2465 1697 2512 οἱ
1758 2481 1804 2512 Of.
1818 2481 1857 2512 ib.
1871 2490 1920 2519 24.

112 2548 286 2608 δοῦλοι,
325 2547 400 2595 καὶ
435 2543 551 2611 ὑπὲρ
586 2542 668 2596 τὸν
703 2544 997 2596 διδοίσκαλον
1027 2547 1069 2595 οἱ
1102 2546 1325 2609 μαθηταὶ,
1356 2543 1621 2612 φρονοῦμεν
1646 2566 1696 2594 τε

41 2649 92 2685 30
111 2629 187 2678 καὶ
226 2626 511 2692 προίττομεν.
560 2628 669 2677 ἀλλ’
710 2626 746 2677 ὦ
786 2629 869 2690 τῆς
908 2628 1029 2677 οὕτω
1072 2629 1222 2690 δεινῆς
1265 2626 1524 2688 ἀσθενείας,
1566 2625 1697 2691 παρὰ

110 2708 259 2762 πόδας
297 2709 405 2773 ἡμῖν
441 2709 522 2759 οὐκ
561 2706 650 2759 οἶδ’
679 2708 806 2763 ὅπως
843 2709 1064 2773 κειμένης,
1093 2710 1167 2759 καὶ
1199 2712 1281 2772 τῆς
1316 2714 1399 2759 τοῦ
1434 2708 1696 2774 πρέποντος

111 2789 257 2856 θήρας
283 2790 705 2859 ἀποσφαλλούσης
727 2790 811 2841 τὸν
838 2796 963 2841 νοῦν.

159 2906 192 2936 4.
219 2894 254 2927 δέ
273 2905 336 2938 pro
355 2893 394 2937 δὴ
415 2893 456 2928 Ε.
704 2905 757 2928 ΙΙ.
784 2894 953 2939 ἀκολουθῆ
974 2895 1015 2930 Ε.
1232 2905 1287 2927 21.
1314 2893 1489 2938 ἅποθίγειν
1508 2893 1549 2925 Ε.
1567 2891 1694 2935 ἀποθη-

110 2955 182 2985 γειν
196 2940 262 2974 Ed.
455 2951 510 2983 24.
537 2955 568 2974 τι
588 2940 629 2976 Ε.
648 2940 783 2986 Migne.
802 2956 837 2976 τε
856 2941 950 2975 Auh.
1145 2952 1197 2987 30.
1224 2941 1314 2986 παρὰ
1336 2941 1374 2974 Ε.
1393 2940 1468 2984 περὶ
1488 2939 1554 2973 Ed.

167 3006 259 3035 VOL.
284 3007 351 3035 lu.
900 3009 931 3036 M
