2017 3252
70 202 260 244 [1¹4M·]

65 587 159 618 Infra
174 586 218 617 ix.

68 639 118 667 11,
133 639 182 660 12.

63 1069 117 1101 ΔΗ).
134 1069 201 1101 viii.
217 1077 245 1109 5.

67 1315 118 1346 Ib.
135 1315 190 1345 vij.
211 1314 260 1347 16.

70 2212 120 2243 Ib.
134 2222 167 2243 x.
185 2219 256 2252 5-7.

287 138 372 177 400
484 136 535 178 B.
567 136 815 177 CYRILLI
851 136 1201 176 ALEXANDR.
1240 135 1613 176 FRAGMENTA
1689 135 1748 175 iii.
1772 149 1806 184 1,
1827 147 1863 176 2.

287 247 350 298 εἷς
376 242 534 308 ὀσμὴν
558 244 747 298 εὐωδίας
773 244 1128 310 ἀνακομίζοντες
1164 246 1225 297 ὡς
1260 245 1309 295 ἐν
1334 243 1520 314 χιμάρῳ
1547 246 1624 294 καὶ
1650 247 1763 312 κριῷ
1791 245 1866 294 καὶ

285 323 457 393 μόσχῳ
499 325 790 379 πλειστάκις.
859 326 1019 394 ἔριφος
1069 324 1162 390 γὰρ
1207 325 1322 391 ὑπὲρ
1363 327 1591 392 ἁμαρτίας
1634 324 1867 393 ἐσφάζετο

287 404 407 456 κατά
441 429 496 472 γε
534 406 619 471 τὴν
658 408 822 458 πίστιν
848 412 942 458 τῶν
969 409 1104 473 ἱερῶν
1129 404 1422 472 γραμμάτων
1459 407 1569 457 ἀλλ’
1597 409 1645 457 ἐν
1682 407 1868 460 ἐκείνοις

287 485 372 549 μὲν
397 485 456 551 ἦν
480 490 562 551 τῆς
590 488 811 553 ἀληθείας
839 489 865 551 ἡ
892 487 1161 555 μόρφωσις·
1203 486 1415 557 γέγραφε
1441 487 1489 538 δὲ
1514 488 1624 551 ἡμῖν
1651 489 1675 538 ὁ
1701 487 1868 555 σοφώ-

287 590 427 623 τατος
468 574 662 623 Παῦλος
702 577 728 599 ‘⁶
748 569 962 635 Χριστὸς
1000 570 1048 620 δὲ
1086 569 1462 636 παραγενόμενος
1500 568 1736 636 ἀρχιερεὺς
1774 573 1909 622 τῶν5

287 658 315 681 “
339 650 617 715 μελλόντων
648 653 841 716 ἀγαθῶν
875 651 952 701 διὰ
977 654 1059 714 τῆς
1088 650 1293 716 μείζονος
1325 653 1399 702 καὶ
1431 651 1716 716 τελειοτέρας
1743 672 1866 713 σκη-

286 739 313 762 “
339 735 433 796 νῆς,
477 733 530 783 οὐ
569 732 910 799 χειροποιήτου,
944 732 1189 782 τουτέστιν
1228 733 1281 782 οὐ
1319 732 1491 795 ταύτης
1528 735 1610 795 τῆς
1648 732 1864 792 κτίσεως,

287 820 314 842 “
341 813 444 864 οὐδὲ
489 813 545 864 δι’
586 814 780 876 αἵματος
821 813 1012 879 τράγων
1050 815 1124 864 καὶ
1165 812 1378 880 μόσχων,
1417 812 1493 864 διὰ
1539 812 1586 864 δὲ
1625 818 1708 863 τοῦ
1754 812 1869 862 ἰδίου

288 902 315 924 “
341 895 534 957 αἵματος
573 898 795 959 εἰσῆλθεν
833 895 1031 964 ἐφάπαξ
1065 899 1127 948 εἷς
1166 894 1225 946 τὰ
1263 894 1376 959 ἅγια
1414 896 1602 945 αἰωνίαν
1628 894 1869 959 λύτρωσιν

289 982 315 1005 “
342 975 631 1042 εὑρόμενος.”
681 975 935 1043 ἐπράττετο
968 977 1052 1039 μὲν
1078 976 1171 1042 γὰρ
1196 977 1251 1026 δι’
1279 977 1472 1041 αἵματος
1503 976 1760 1041 ἀλλοτρίου
1785 978 1868 1038 τῆς
1888 994 1936 1019 10

289 1058 506 1124 λατρείας
532 1059 560 1122 ἡ
588 1057 779 1121 δύναμις
805 1062 899 1111 τοῖς
932 1057 1052 1109 κατὰ
1078 1056 1220 1120 νόμον
1248 1062 1519 1124 ἱερουργοῖς·
1565 1058 1869 1122 ὑποδείγματι

288 1137 382 1204 γὰρ
422 1141 497 1190 καὶ
539 1142 654 1207 σκιᾷ
699 1139 1045 1205 λελατρεύκασι
1087 1144 1181 1189 τῶν
1226 1139 1524 1205 ἐπουρανίων·
1568 1138 1781 1203 Χριστὸς
1821 1137 1869 1188 δὲ

288 1221 376 1286 οὐχ
408 1222 545 1279 οὕτω,
574 1226 765 1272 πολλοῦ
800 1243 855 1286 γε
890 1222 967 1271 καὶ
1002 1222 1085 1278 δεῖ,
1113 1220 1301 1271 σέσωκε
1340 1218 1434 1285 γὰρ
1459 1219 1545 1283 τὴν
1571 1221 1644 1270 ὑπ’
1673 1217 1870 1284 οὐρανὸν

818 1303 834 1351 ὶ
878 1309 904 1332 “
930 1303 984 1352 οὐ
1036 1300 1156 1352 κατὰ
1207 1301 1350 1365 νόμον
1401 1303 1595 1365 ἐντολῆς
1644 1302 1870 1366 σαρκίνης

289 1303 448 1366 αἵματι
497 1307 563 1371 τῷ
615 1303 714 1371 ἰδίῳ
757 1325 817 1352 κα

289 1391 317 1414 ‘c
389 1383 402 1400 l
581 1387 591 1400 e
678 1383 691 1399 Χ
786 1385 797 1399 ὶ
887 1382 899 1401 Χ
1057 1382 1068 1401 Ν
1168 1382 1180 1399 Ι
1434 1386 1454 1395 Ᾱ
1540 1384 1550 1398 )
1727 1381 1738 1397 Ι
1828 1382 1867 1410 ⁸„

341 1405 535 1448 γεγονεν
580 1406 720 1449 ιερευς
770 1390 906 1434 αλλα
955 1406 1075 1434 κατα
1123 1386 1319 1447 δυναμιν
1365 1382 1481 1448 ζωης
1524 1389 1821 1432 ακαταλυτου
1890 1396 1937 1434 15

287 1464 630 1531 προσκεκόμικε
664 1464 760 1530 γὰρ
790 1463 954 1515 ἑαυτὸν
988 1464 1101 1530 ὑπὲρ
1138 1465 1284 1528 ἡμῶν,
1314 1464 1574 1528 ἀτονούσης
1600 1468 1660 1517 εἷς
1688 1463 1870 1514 δικαίω-

287 1569 368 1596 σιν
395 1549 478 1610 τῆς
504 1548 552 1596 ἐν
576 1546 708 1615 τύπῳ
734 1547 966 1612 λατρείας,
995 1548 1070 1596 καὶ
1106 1545 1200 1613 γὰρ
1232 1545 1290 1610 ἧν
1317 1553 1344 1575 “
1364 1545 1594 1596 ἀδύνατον
1620 1544 1735 1607 αἷμα
1760 1545 1869 1595 ταύ-

288 1634 315 1656 “
339 1650 437 1693 ρων
478 1630 553 1678 καὶ
597 1625 787 1693 τράγων
824 1629 1039 1695 ἀφαιρεῖν
1078 1628 1350 1692 ἁμαρτίας,”
1392 1626 1499 1677 ὅθεν
1539 1629 1614 1677 καὶ
1659 1626 1871 1692 δευτέρας

288 1708 509 1772 διαθήκης
542 1710 745 1777 ἐξῃτήθη
776 1709 933 1771 τόπος,
961 1710 1043 1759 οὐκ
1074 1708 1275 1776 ἐχούσης
1309 1710 1381 1777 ἐφ’
1410 1710 1549 1776 ἑαυτῇ
1574 1711 1655 1771 τῆς
1682 1709 1872 1774 πρώτης

288 1788 341 1840 τὸ
368 1790 629 1853 ἄμεμπτον.
685 1790 813 1844 εἷδώς
852 1790 899 1841 δὲ
938 1789 992 1841 τὸ
1031 1790 1220 1854 θέλημα
1251 1796 1332 1841 τοῦ
1362 1794 1486 1840 Θεοῦ
1522 1793 1598 1840 καὶ
1627 1789 1820 1855 Πατρὸς
1845 1790 1940 1840 (320

288 1871 345 1939 ἐξ
367 1872 507 1922 αὑτοῦ
539 1871 658 1922 κατὰ
685 1873 833 1939 φύσιν
859 1871 989 1930 Υἱὸς,
1018 1872 1181 1922 ἑαυτὸν
1207 1872 1320 1937 ὑπὲρ
1347 1872 1477 1935 ἡμῶν
1502 1870 1693 1922 πάντων
1717 1893 1871 1937 προσ-

289 1957 464 2016 κομιῶν
502 1976 552 2003 τε
602 1952 699 2017 ἅμα
743 1955 818 2003 καὶ
864 1952 1185 2019 ἱερουργήσων
1225 1954 1351 2022 αὐτῷ
1392 1952 1583 2018 γέγονεν
1624 1951 1872 2017 ἄνθρωπος

290 2032 407 2100 ὑπὲρ
445 2034 591 2097 ἡμῶν.
658 2036 731 2085 καὶ
771 2034 938 2084 τούτου
984 2032 1161 2099 μάρτυς
1205 2033 1370 2099 γένοιτ’
1412 2032 1469 2083 ἂν
1507 2034 1617 2097 ἡμῖν
1655 2034 1708 2083 οὐ
1746 2036 1866 2101 ψευ-

290 2114 460 2179 δοεπὴς
504 2117 528 2165 ὁ
579 2113 804 2182 μακάριος
852 2119 1060 2178 Παῦλος,
1102 2115 1193 2184 ἔφη
1240 2114 1333 2181 γὰρ
1383 2114 1530 2166 πάλιν
1574 2116 1679 2180 περὶ
1729 2115 1871 2164 αὐτοῦ

290 2204 317 2226 “
345 2196 436 2248 Διὸ
471 2197 794 2265 εἰσερχόμενος
828 2201 889 2250 εἰς
923 2196 1005 2247 τὸν
1032 2196 1215 2259 κόσμον
1241 2197 1366 2262 λέγει
1394 2198 1582 2248 Θυσίαν
1608 2198 1682 2246 καὶ
1717 2219 1868 2261 προσ·
1891 2212 1939 2251 25

290 2284 318 2307 “
345 2277 500 2346 φορὰν
526 2279 608 2328 οὐκ
633 2278 892 2342 ἠθέλησας,
922 2283 1065 2342 σῶμα
1091 2278 1139 2329 δὲ
1164 2278 1433 2343 κατηρτίσω
1459 2296 1552 2341 μοι·
1596 2276 1867 2328 ὁλοκαυτώ-

291 2366 318 2388 “
344 2382 471 2423 ματα
492 2361 566 2410 καὶ
586 2361 691 2425 περὶ
713 2360 942 2424 ἁμαρτίας
968 2360 1050 2409 οὐκ
1078 2359 1318 2425 ἐζήτησας,
1339 2358 1443 2409 τότε
1464 2357 1593 2409 εἶπον
1619 2357 1740 2408 Ἰδοῦ
1757 2358 1869 2421 ἥκω,

291 2447 319 2468 “
343 2442 392 2490 ἐν
421 2441 640 2508 κεφαλίδι
666 2440 861 2501 βιβλίου
899 2441 1161 2506 γέγραπται
1200 2442 1306 2506 περὶ
1346 2442 1470 2503 ἐμοῦ,
1501 2445 1583 2489 τοῦ
1622 2442 1818 2502 ποιῆσαι
1845 2440 1870 2489 ὁ

291 2528 318 2549 “
346 2521 467 2573 Θεὸς
512 2520 565 2570 τὸ
611 2520 798 2584 θέλημά
839 2523 970 2573 σου.”
1044 2521 1113 2574 τίς
1158 2522 1239 2571 οὖν
1280 2521 1372 2586 ἄρα
1424 2522 1554 2570 ἐστὶν
1599 2521 1624 2569 ὁ
1675 2523 1737 2572 εἷς
1788 2517 1871 2570 τὸν

291 2601 474 2666 κόσμον
500 2601 855 2669 εἶσερχόμενος;
898 2607 997 2655 πῶς
1032 2600 1080 2652 δὲ
1115 2604 1190 2653 καὶ
1222 2601 1345 2654 ὅλως
1377 2600 1703 2664 εἷσβεβηκέναι
1729 2600 1866 2666 λε’γε-
1890 2618 1950 2654 30·

342 2816 395 2840 10.
420 2806 599 2851 εὑρόμενος
616 2805 720 2839 hodie
739 2806 795 2850 (ex
814 2807 999 2849 εὑρώμενος
1023 2812 1082 2839 aut
1108 2806 1287 2848 εὑράμενος
1304 2806 1529 2849 castigatum)
1550 2805 1687 2840 exhibet
1704 2818 1733 2840 c.
1785 2804 1870 2838 Post

290 2852 357 2886 hoc
376 2852 522 2887 verbum
541 2853 699 2886 scholion
717 2864 734 2885 e
754 2853 910 2897 margine
928 2865 958 2892 c,
977 2853 1102 2885 iterum
1122 2852 1307 2895 interpellit
1325 2855 1522 2885 Cramerus.
1736 2863 1788 2896 13·
1813 2850 1869 2885 ὑπ’

289 2897 449 2944 οὐρανὸν]
469 2899 667 2944 ἐπουράνιον
685 2898 744 2933 Cr.
892 2910 943 2944 19.
972 2898 1115 2942 ἐξῃτὴθη
1133 2896 1254 2945 τόπος]
1273 2898 1410 2941 ἐξετέθη
1429 2898 1533 2934 τύπος
1552 2898 1610 2932 Cr.
1856 2902 1860 2906 “
