1981 3247
296 148 372 182 630
841 148 1057 185 INDEX

294 264 412 301 Filius
433 266 613 314 templum
634 266 758 303 triduo
784 266 889 303 facile
915 268 1056 304 reaedi-

347 330 458 366 ficare
483 336 618 378 potest,
641 331 702 379 qui
727 333 907 368 mundum
929 333 1058 368 diebus

347 407 413 431 sex
446 395 621 432 instruxit
646 398 718 433 142
741 397 764 432 b
785 409 805 432 c
862 397 1059 444 respicitur

347 466 410 496 aut
435 473 501 508 per
520 461 632 497 fidem
660 467 723 497 aut
751 474 817 510 per
837 461 1057 509 dogmatum

346 524 568 560 Divinorum
589 525 876 573 exquisitionem
898 529 970 563 152
993 539 1024 563 a.

292 589 407 625 Filius
424 590 537 625 verba
556 590 675 626 Patris
697 589 773 626 Sua
793 591 961 627 nominat
978 593 1055 627 964

345 654 369 689 b
418 666 484 690 cur
515 655 643 690 Homo
668 658 767 692 1007
797 669 818 691 a
865 656 1055 703 quomodo

344 725 479 755 unctus
498 725 535 755 et
556 720 703 767 quando
724 720 772 757 iii.
796 723 885 758 462.

291 783 405 819 Filius
437 784 486 820 Se
524 797 634 832 saepe
672 785 898 832 humiliatur,
932 787 1053 824 homi-

343 862 433 884 num
464 861 568 885 more
598 849 755 897 loquens
786 853 863 887 526
882 865 913 897 a,
936 855 1012 889 529
1030 854 1053 889 b

344 926 453 962 saepe
482 914 600 950 mixta
629 915 802 962 loquitur,
827 917 960 964 partim
986 918 1051 953 Di-

342 979 427 1014 vine
447 979 581 1027 partim
602 979 761 1016 humane
781 982 855 1017 808
872 994 903 1024 e,
927 985 1004 1019 809
1019 996 1051 1025 a,

343 1046 419 1080 954
438 1044 460 1079 d
475 1056 505 1088 e,
529 1045 605 1080 960
620 1044 655 1087 b,
679 1047 754 1081 965
770 1058 799 1090 e,
823 1049 899 1083 969
917 1047 951 1092 d,
974 1050 1051 1085 970

342 1121 363 1144 a
379 1121 408 1152 c,
432 1111 507 1145 974
523 1121 554 1150 e,
578 1111 654 1145 977
670 1109 691 1145 b
705 1122 737 1151 o,
760 1112 835 1147 978
851 1111 884 1157 d,
907 1112 954 1148 iii.
974 1115 1050 1150 586

342 1173 494 1220 agitque
521 1172 569 1208 iii.
596 1175 672 1209 586
725 1175 845 1210 Patris
865 1176 1051 1213 Voluntas

342 1239 418 1273 527
432 1238 455 1273 b
471 1250 491 1273 c
537 1237 674 1274 Secum
694 1239 842 1275 Patrem
862 1240 988 1284 habet,
1012 1250 1051 1279 ut

338 1301 376 1337 in
407 1302 554 1338 Natura
586 1304 715 1339 eadem
748 1306 857 1341 527e
902 1312 939 1342 et
968 1312 1049 1343 tan-

339 1380 447 1415 quam
474 1368 575 1404 Deus
599 1374 636 1404 et
663 1374 840 1417 tanquam
871 1370 999 1407 Homo
1028 1385 1050 1408 a

338 1432 448 1468 Patre
468 1438 613 1469 amatus
635 1434 712 1470 883
729 1447 759 1469 a.

283 1496 398 1533 Filius
421 1498 529 1534 Patre
550 1499 878 1535 consubstantialis
902 1499 1047 1536 etiamsi

337 1575 404 1610 pro
444 1563 551 1599 nobis
589 1569 724 1599 unctus
758 1567 832 1600 117
883 1554 905 1600 a
934 1565 1045 1602 Patre

336 1627 506 1664 Perfecto
527 1629 718 1664 Perfectus
738 1629 946 1677 Plenusque
970 1632 1042 1667 118

336 1693 486 1729 Natura
502 1692 675 1735 Sanctus,
690 1693 835 1740 etiamsi
852 1694 1044 1731 descendit

335 1757 373 1792 in
408 1758 536 1806 Ipsum
569 1758 729 1806 Spiritus
765 1758 925 1795 Sanctus
956 1761 1042 1804 119,

339 1825 413 1859 120
468 1823 606 1858 nullius
644 1836 785 1872 egenus
819 1836 892 1872 qua
925 1825 1041 1866 Deus,

334 1887 448 1923 homo
468 1888 636 1924 omnium
662 1901 803 1936 egenus
823 1889 943 1925 faetus
968 1892 1041 1925 123

335 1965 355 1988 e
392 1958 430 1988 et
450 1952 679 1997 Incarnatus,
698 1952 947 2000 Omnipotens
965 1956 1041 1990 493

333 2030 355 2053 a
392 2017 493 2053 Deus
509 2030 601 2062 esse,
616 2018 764 2065 quando
782 2018 906 2054 Homo
923 2018 1042 2054 factus

332 2095 407 2117 non
428 2081 564 2118 desinit
585 2084 661 2118 939
682 2095 702 2118 e
744 2082 814 2118 nisi
835 2083 938 2119 Deus
959 2084 1039 2119 Na-

331 2152 428 2189 tura,
459 2159 525 2195 per
545 2147 845 2183 Incarnationem
876 2148 1040 2196 seipsum

332 2225 407 2248 non
454 2211 686 2248 humiliasset
733 2213 798 2248 sed
839 2213 1040 2250 exaltasset

334 2280 422 2319 121,
447 2280 520 2315 172
538 2291 570 2319 a,
598 2279 673 2313 529
691 2290 722 2323 e,
742 2278 791 2314 iii.
814 2281 891 2315 390
913 2279 1040 2315 existit

330 2343 367 2377 in
399 2343 519 2388 Patre,
545 2348 722 2390 tanquam
751 2343 851 2379 calor
880 2343 918 2379 in
951 2344 1039 2392 igne

334 2409 422 2448 128,
453 2407 498 2443 ef.
524 2409 601 2443 689
615 2407 653 2454 f.

276 2471 390 2507 Filius
411 2472 632 2507 Incarnatus
659 2472 839 2508 miracula
863 2478 1039 2520 operatur

329 2549 405 2572 non
427 2536 505 2572 sine
526 2549 635 2572 carne
657 2549 721 2572 sua
741 2536 789 2572 iii.
811 2539 900 2581 591,
922 2540 1011 2574 592.

276 2607 299 2620 “
321 2601 437 2637 Filius
483 2600 645 2636 hominis
660 2600 681 2613 '’
731 2601 907 2636 Divinum
951 2614 1036 2637 cum

328 2666 492 2702 humano
521 2665 718 2713 conjungit
747 2667 823 2702 299
845 2678 865 2701 e
906 2678 1036 2713 passus

327 2736 384 2766 est
413 2730 498 2778 quia
525 2729 641 2766 voluit
666 2731 742 2766 496
773 2742 803 2771 e,
836 2732 926 2771 497,
958 2732 1034 2767 668

326 2796 350 2831 b
398 2801 436 2831 et
465 2808 578 2843 quum
606 2795 723 2830 voluit
743 2796 854 2830 497c
874 2795 910 2836 d,
943 2797 1033 2837 498,

327 2866 364 2895 et
395 2859 480 2907 quia
509 2859 626 2895 voluit
654 2860 754 2895 Deus
775 2859 884 2894 Pater
906 2860 981 2895 853
1000 2872 1031 2900 e,

326 2926 415 2966 854,
431 2926 518 2969 882,
535 2927 611 2961 885
627 2937 646 2960 c
688 2923 902 2959 Passionem
924 2936 1030 2971 prae-

1116 150 1359 187 RERUM.

1765 166 1893 190 F1L1US

1184 270 1290 306 scivit
1306 273 1381 307 719
1397 282 1427 315 e,
1445 272 1521 307 720
1535 283 1556 307 a
1586 271 1770 318 passibilis
1783 272 1893 309 simul

1183 340 1220 370 et
1240 335 1475 382 impassibilis
1496 335 1545 371 iii.
1570 338 1659 377 460,
1683 338 1756 372 461
1807 349 1892 384 pas-

1182 411 1245 434 sus
1287 399 1396 435 simul
1434 405 1471 435 et
1510 406 1685 448 operatus
1722 401 1771 437 iii.
1812 405 1889 438 474

1180 476 1311 510 passus
1340 464 1378 499 in
1408 477 1518 500 carne
1540 465 1689 501 Deitate
1718 466 1889 513 impassi-

1180 527 1263 563 bilis
1283 528 1331 563 iii.
1347 530 1437 570 510,
1456 530 1531 565 513
1573 541 1639 565 cur
1658 542 1725 577 pro
1745 530 1889 566 Lazaro

1180 598 1353 639 precatus
1391 593 1607 641 gratiasque
1644 594 1722 642 egit
1762 597 1838 632 689
1864 608 1890 644 q

1179 657 1357 702 νομοθέτης
1377 658 1562 694 secundus
1582 659 1630 695 iii.
1652 662 1740 695 442.

1125 720 1206 756 Filii
1227 734 1316 770 erga
1338 734 1406 757 nos
1423 735 1528 758 amor
1539 722 1743 765 Perfectus,
1759 724 1888 761 Passio

1180 788 1255 823 719
1295 787 1420 822 omnia
1440 800 1460 823 a
1481 788 1591 824 Patre
1611 788 1657 823 ad
1679 794 1887 825 creaturam

1176 863 1243 898 per
1276 851 1409 887 Filium
1441 854 1518 888 824
1541 865 1572 898 c,
1604 855 1680 889 947
1707 866 1739 895 e,
1771 852 1811 888 M
1836 856 1886 890 49

1178 913 1229 966 [p.
1249 918 1325 953 250
1347 914 1430 967 fin.]
1451 930 1534 952 cum
1555 916 1665 953 Patre
1688 918 1783 954 Unio
1805 931 1885 954 arc-

1176 980 1319 1016 tissima
1339 982 1562 1017 concordiae
1582 982 1680 1018 inter
1708 995 1777 1018 nos
1798 996 1885 1019 nos-

1175 1050 1254 1080 trae
1292 1051 1403 1094 typus
1443 1048 1519 1082 997
1550 1046 1648 1082 bed
1699 1047 1885 1084 bonorum

1175 1110 1341 1146 omnium
1373 1110 1481 1146 nobis
1510 1110 1595 1146 fons
1625 1111 1885 1160 primitiaeque

1174 1174 1224 1211 iii.
1248 1177 1337 1212 592.

1120 1238 1235 1275 Filius
1272 1245 1311 1275 ut
1347 1240 1474 1276 Homo
1506 1241 1603 1277 diem
1642 1242 1883 1279 novissimam

1172 1304 1291 1340 nescit
1307 1305 1356 1340 iii.
1372 1307 1448 1341 469
1464 1318 1549 1354 syr„
1565 1308 1653 1352 584,
1669 1308 1745 1343 585
1774 1314 1811 1343 et
1826 1307 1884 1344 Si-

1171 1369 1206 1404 bi
1235 1375 1272 1405 et
1292 1369 1393 1405 Patri
1419 1370 1691 1407 confessionem
1711 1377 1879 1408 nostram

1171 1434 1279 1470 offert
1295 1434 1345 1470 iii.
1362 1436 1437 1471 468
1480 1434 1588 1471 nobis
1605 1436 1724 1472 Patris
1743 1437 1880 1473 amoris

1169 1499 1314 1535 initium
1341 1502 1441 1536 1002
1459 1512 1492 1544 e,
1518 1503 1619 1537 1003
1642 1513 1661 1536 a
1682 1501 1705 1536 b
1733 1501 1795 1548 [cf.
1817 1514 1878 1537 su-

1168 1577 1235 1612 pra
1250 1578 1284 1612 p.
1299 1566 1375 1601 628
1389 1564 1487 1611 init.]
1522 1565 1630 1601 nobis
1646 1578 1689 1601 ea
1706 1578 1800 1613 quae
1817 1566 1879 1614 Ip-

1168 1630 1242 1665 sius
1263 1630 1328 1666 dat
1352 1631 1453 1666 1010
1475 1643 1507 1670 c,
1535 1631 1634 1666 1088
1658 1642 1688 1676 c,
1714 1630 1763 1666 iii.
1787 1633 1878 1672 384,

1169 1697 1244 1731 393
1265 1700 1393 1730 nostra
1414 1706 1483 1730 sua
1502 1695 1640 1731 faciens
1661 1697 1761 1732 1088
1777 1708 1806 1737 c,
1828 1695 1878 1731 iii.

1168 1762 1258 1801 379,
1282 1762 1371 1801 382,
1394 1762 1470 1796 393
1517 1760 1570 1796 ita
1589 1761 1738 1796 Patrem
1759 1760 1878 1796 Suum

1166 1831 1349 1866 nostrum,
1389 1825 1510 1860 Deum
1552 1830 1723 1860 nostrum
1759 1824 1878 1861 Suum

1166 1889 1278 1925 efficit
1312 1891 1411 1926 1088
1444 1902 1463 1925 e
1485 1889 1521 1931 d,
1556 1892 1658 1926 1089
1734 1889 1878 1925 animas

1165 1959 1312 1990 nostras
1340 1954 1474 1989 liberat
1493 1953 1542 1990 iii.
1565 1957 1655 1990 475.

1111 2018 1224 2054 Filius
1261 2024 1298 2054 et
1332 2019 1477 2067 gratiae
1515 2018 1687 2066 cupidine
1722 2023 1760 2053 et
1791 2030 1876 2066 sup-

1164 2083 1259 2132 plicii
1288 2090 1392 2119 metu
1418 2084 1464 2119 ad
1486 2084 1597 2119 fidem
1624 2083 1775 2119 deducit
1799 2085 1873 2119 154

1163 2149 1186 2184 d
1233 2149 1279 2184 ad
1300 2148 1551 2184 obedientiam
1573 2151 1648 2185 233
1670 2161 1705 2190 c,
1738 2149 1816 2184 236
1840 2161 1872 2190 e,

1163 2213 1208 2250 cf.
1224 2216 1301 2250 234
1324 2213 1393 2258 be,
1415 2215 1493 2250 836
1516 2226 1549 2249 c.

1108 2278 1224 2314 Filius
1245 2278 1370 2314 omnia
1389 2278 1531 2325 implet,
1553 2277 1688 2313 coelum
1716 2282 1873 2314 terram-

1162 2356 1245 2391 que,
1267 2356 1387 2391 neque
1416 2343 1603 2379 infernum
1624 2342 1775 2378 Deitate
1797 2342 1875 2378 Sua

1160 2421 1319 2444 vacuum
1350 2407 1527 2455 relinquit
1559 2409 1607 2443 76
1628 2420 1660 2452 c,
1690 2406 1740 2442 iii.
1766 2409 1873 2443 577-

1164 2475 1240 2509 583
1304 2472 1488 2508 exinaniri
1521 2484 1597 2507 non
1636 2471 1761 2519 potuit
1800 2471 1871 2507 nisi

1159 2543 1245 2573 ante
1265 2537 1401 2572 Plenus
1425 2537 1528 2572 1089
1552 2536 1573 2571 b
1587 2547 1619 2571 c.

1105 2601 1201 2637 Filio
1229 2613 1305 2636 non
1334 2600 1485 2648 propria
1512 2605 1643 2648 utpote
1667 2600 1771 2636 Deus
1797 2601 1869 2637 hu-

1159 2678 1281 2707 mana,
1293 2665 1441 2713 quando
1451 2665 1578 2701 Homo
1592 2665 1712 2701 factus
1721 2665 1870 2714 propria

1159 2732 1233 2766 971
1257 2730 1281 2765 b
1326 2730 1516 2777 quomodo
1536 2729 1574 2765 in
1594 2735 1732 2765 terram
1752 2729 1870 2771 venit,

1159 2794 1220 2842 qui
1247 2794 1384 2842 ubique
1414 2800 1471 2831 est
1493 2797 1555 2840 77,
1586 2794 1631 2831 cf.
1654 2796 1727 2831 941
1753 2794 1788 2839 d,
1819 2794 1867 2830 iii.

1161 2862 1232 2896 401
1285 2859 1412 2895 omnia
1441 2860 1509 2895 scit
1538 2865 1581 2895 ut
1607 2859 1711 2895 Deus
1735 2860 1809 2896 175
1831 2871 1864 2901 c,

1160 2924 1205 2960 cf.
1227 2926 1300 2960 179
1323 2937 1353 2965 c,
1377 2926 1452 2960 462
1474 2924 1541 2960 cd.
