2012 3272
666 701 821 749 ΤΟΥ
878 701 1130 749 ΑΥΤΟΥ

568 892 1228 963 ΚΥΡΙΛΛΟΥ

366 1133 421 1174 Ei<
458 1137 532 1176 τοῦ
570 1133 677 1191 Πρὸς
714 1133 764 1175 τοὶ
803 1132 1034 1190 Θεοδώρου
1073 1133 1274 1191 δευτέρου
1313 1133 1440 1181 ΛόΓου

783 1296 1011 1350 Οῧὴἆρχή

63 1483 86 1522 5
179 1461 244 1509 Οἱ
269 1457 354 1523 τὴν
381 1458 520 1525 ἁγίαν
546 1460 623 1509 καὶ
649 1457 967 1509 θεόπνευστον
990 1456 1184 1527 γραφὴν
1210 1459 1402 1526 καθαρῷ
1426 1456 1633 1511 διανοίας

553 1546 953 1615 περιαθρήσαντες
977 1548 1232 1617 ὀφθαλμῷ.
1711 1546 1886 1621 ffljffhffi

1710 1634 1867 1674 Arehiep.

1711 1678 1812 1709 Hom.

863 1714 905 1766 α’
913 1757 923 1767 ·
1711 1721 1829 1754 Pasch.
1841 1722 1862 1753 i.
1877 1720 1914 1752 in.

1710 1765 1849 1796 Hieron.

178 1838 342 1886 ΤΟΙΣ
368 1837 601 1899 μαθηταῖς
627 1831 762 1899 ’ἔλεγε
783 1840 810 1864 “
829 1831 917 1898 Μὴ
944 1832 1178 1898 καλέσητε
1206 1831 1500 1884 διδάσκαλον
1517 1833 1592 1884 ἐπὶ
1609 1835 1692 1897 τῆς
1709 1809 1904 1884 &iffa-{3⁸7-

105 1924 133 1946 “
148 1919 249 1982 γῆς·
277 1915 342 1971 εἷς
360 1915 453 1983 γάρ
473 1918 604 1967 ἐστιν
630 1917 759 1979 ὑμῶν
785 1914 1069 1981 καθηγητὴς,
1091 1916 1116 1966 ὁ
1139 1914 1399 1982 Χριστός·”
1429 1916 1482 1965 οὐ
1503 1913 1595 1980 γὰρ
1615 1913 1692 1965 ὅτε
1709 1906 1802 1927 xxm.
1818 1905 1867 1927 ω’

41 2022 87 2048 10
105 2004 244 2050 τοῦτο
268 2003 364 2052 τοῖς
391 1997 681 2051 ἀποστόλοις
717 1997 1023 2064 παρήγγειλε,
1049 2003 1132 2048 τοῦ
1159 1996 1444 2066 φαινομένου
1469 1995 1693 2060 σώματος·

104 2080 190 2145 τὴν
216 2081 385 2132 οἰκείαν
411 2080 586 2147 διώριζε
613 2078 823 2144 θεότητα,
851 2081 944 2131 οὐδ’
975 2079 1051 2130 ὅτε
1077 2077 1295 2146 Χριστὸν
1315 2078 1480 2130 ἑαυτὸν
1506 2080 1694 2145 διεμαρ-

104 2161 277 2228 τύρατο
307 2160 421 2212 εἶναι
445 2165 608 2229 ψυχῆς
642 2163 717 2211 καὶ
751 2161 930 2227 σαρκὸς
960 2160 1192 2227 διωρίζετο
1221 2162 1373 2216 ,οὕτως
1407 2160 1552 2229 ἄμφω
1578 2182 1693 2225 τυγ-

103 2242 263 2311 χάνων
291 2244 412 2297 Θεὸς
449 2266 499 2294 τε
537 2244 612 2293 καὶ
651 2242 913 2309 ἅνθρωπος,
941 2244 1112 2295 δοῦλος
1147 2241 1380 2308 ὁρώμενος
1413 2243 1489 2291 καὶ
1518 2241 1693 2307 Κύριος

104 2323 453 2391 γνωριζόμενος,
481 2323 534 2375 τὸ
569 2323 654 2387 μὲν
678 2323 871 2392 ὑψηλὸν
903 2326 986 2387 τῆς·
1022 2322 1240 2388 θεότητος
1273 2326 1340 2392 τῷ
1373 2325 1576 2392 ταπεινῷ
1610 2324 1694 2386 τῆς·

42 2429 86 2468 15
105 2406 503 2473 ἐνανθρωπήσεως
547 2405 958 2472 ὑποκρυπτόμενος
999 2405 1283 2474 φρονήματι,
1326 2403 1380 2455 τὸ
1421 2404 1476 2455 δέ
1514 2426 1568 2469 γε
1592 2426 1691 2455 ’τα-

104 2487 262 2539 πεινὸν
309 2495 392 2540 τοῦ
449 2488 686 2555 ὁρωμένου
742 2489 967 2552 σώματος
1022 2490 1106 2551 τῆς·
1156 2486 1374 2552 θεότητος
1433 2486 1695 2553 ὑπεραίρων

105 2570 325 2639 ἐνεργείᾳ.

153 2686 300 2721 Codices
311 2686 384 2722 b.c.
397 2687 452 2730 (ut
464 2686 597 2731 supra),
610 2686 732 2721 Latine
744 2687 828 2721 Mai.
842 2687 876 2721 ii.
889 2695 957 2731 453
972 2686 1409 2731 [Migneix.1448‚1449].
1502 2697 1534 2726 2,
1553 2685 1622 2729 4—6
1638 2697 1692 2720 as-

106 2740 246 2778 sumpta
270 2745 312 2767 ex
336 2733 372 2767 b.
516 2734 550 2768 8.
577 2733 668 2767 Sunt
693 2745 811 2767 revera
827 2733 1013 2778 Theophili
1039 2734 1136 2777 haec,
1161 2746 1180 2768 a
1204 2734 1297 2767 Divo
1317 2733 1447 2779 cyrino
1473 2733 1588 2772 citata,
1606 2738 1692 2766 teste

106 2779 329 2813 adnotatione
347 2785 525 2825 sequente,
544 2779 587 2812 ad
606 2780 728 2814 scholii
746 2780 851 2813 finem
869 2780 906 2813 in
924 2779 1104 2814 codicibus
1126 2780 1290 2820 exhibita,
1308 2779 1431 2821 ταύτην
1452 2781 1557 2824 ἑαυτῷ
1576 2781 1692 2823 ἤνεγκε

105 2825 277 2871 Κύριλλος
300 2826 486 2870 μαρτυρίαν
509 2827 594 2870 πρὸς
619 2826 660 2860 τὰ
686 2827 851 2873 Θεοδώρῳ
876 2826 1041 2870 εἰρημένα,
1059 2827 1133 2861 ἔστι
1153 2827 1189 2860 δέ
1210 2826 1264 2872 [δὲ
1282 2838 1351 2860 orn.
1370 2825 1411 2870 b]
1433 2826 1609 2870 Θεοφίλου
1631 2826 1691 2858 τοῦ

105 2872 342 2917 ἀλεξανδρείας
368 2872 576 2907 ἐπισκόπους
612 2872 733 2907 eadem
756 2873 837 2906 citat
860 2878 893 2907 et
914 2873 951 2905 in
974 2878 1087 2907 tractu
1110 2873 1152 2907 de
1168 2872 1210 2908 R.
1229 2873 1253 2907 f.
1271 2872 1315 2907 ad
1342 2872 1494 2916 Reginas
1512 2882 1556 2916 3²
1571 2882 1588 2905 c
1611 2875 1692 2915 post

106 2918 205 2962 plura
222 2918 314 2953 idem
332 2918 369 2951 S.
389 2917 553 2963 cyrillus.
796 2929 850 2953 11.
875 2918 952 2952 οὐδὲ
970 2918 1005 2953 b.
