2012 3272
94 141 329 183 xx.2z,23.
391 128 466 168 IN
504 127 914 170 S.JOANNEM.
975 126 1103 167 LIB.
1127 126 1234 167 XII.
1296 126 1428 167 CAP.
1453 128 1489 167 I.
1601 128 1682 168 133

94 260 261 304 χρισεν
292 238 342 287 ἐκ
375 243 401 266 “
417 242 501 287 τοῦ
539 236 735 299 αἵματος
773 235 856 287 τὸν
894 235 1046 296 λοβὸν
1083 240 1167 286 τοῦ
1206 234 1322 288 ὠτὸς
1360 241 1443 286 τοῦ
1482 235 1681 303 δεξιοῦ,”

938 319 952 368 ὶ
981 325 1008 347 “
1031 319 1105 369 ἐπὶ
1143 317 1197 368 τὸ
1238 317 1382 383 ἄκρον
1412 320 1495 381 τῆς
1532 316 1684 384 χειρὸς

94 318 216 370 καθὰ
254 319 530 384 γέγραπται,
558 318 753 383 ἐπέθηκε
791 317 839 369 δὲ
878 341 936 369 κα

94 407 121 430 “
145 403 227 464 τῆς
266 401 422 469 δεξιᾶς
460 402 536 451 καὶ
575 402 647 451 ἐπὶ
687 400 741 451 τὸ
781 400 926 466 ἄκρον
958 405 1041 451 τοῦ
1080 399 1226 452 ποδὸς
1259 404 1342 450 τοῦ
1381 399 1575 468 δεξιοῦ,”
1602 405 1686 450 τοῦ

94 480 214 533 κατὰ
241 481 458 548 Χριστὸν
484 484 747 549 μυστηρίου
775 482 857 533 τὸν
883 481 1032 533 τύπον
1060 484 1122 535 ὡς
1155 483 1204 532 ἐν
1230 479 1368 532 εἰκόνι
1400 481 1682 550 ζωγραφῶν.

52 565 206 618 5ἕνθα
244 564 338 632 γὰρ
379 567 502 631 ὕδωρ
542 568 616 616 καὶ
656 564 772 629 αἷμά
808 567 926 627 ἐστι,
951 564 1011 615 τὰ
1050 566 1104 614 δι’
1134 562 1198 615 ὧν
1231 565 1256 614 ὁ
1296 563 1550 629 ἁγιασμὸς,
1585 568 1687 618 πῶς

94 645 123 712 ἢ
150 646 297 699 πόθεν
323 648 613 715 ἀμφίβολον,
642 647 712 698 ὅτι
744 650 827 712 τῆς
864 647 1088 708 ἀληθείας
1121 645 1175 697 τὸ
1211 645 1391 699 κάλλος
1427 647 1476 696 ἐν
1503 648 1681 715 ἀφανε-

95 729 280 796 στέροις
316 729 382 780 ε”τι
417 729 723 781 διεπλάττετο
758 729 953 792 τύποις;
999 731 1023 780 ὁ
1060 728 1107 780 δὲ
1137 728 1311 795 Κύριος
1342 729 1474 793 ἡμῶν
1500 729 1687 793 Ἰησοῦς
1706 739 1733 780 b

95 812 122 862 ὁ
150 810 377 879 Χριστὸς,
405 816 467 866 εὶς
492 813 714 876 ἀληθείας
741 812 937 876 δύναμιν
962 811 1016 863 τὸ
1053 814 1220 879 σχῆμα
1255 816 1339 861 τοῦ
1371 810 1515 875 νόμου
1541 834 1684 874 μετα-

97 896 204 957 θεὶς,
245 892 353 949 τοὺς
394 899 488 946 τῶν
533 896 670 946 θείων
710 894 1066 961 θυσιαστηρίων
1108 892 1372 961 ἱερουργοὺς
1416 898 1591 944 τελειοῖ
1631 893 1686 943 δι’

30 989 80 1016 10
98 977 278 1028 ἑαυτοῦ.
353 979 429 1028 καὶ
478 977 573 1044 γάρ
623 979 756 1028 ἐστιν
805 976 943 1031 αὐτὸς
994 977 1019 1027 ὁ
1071 979 1153 1039 τῆς
1204 974 1494 1029 τελειώσεως
1545 975 1688 1041 κριός.

96 1064 272 1110 τελειοῖ
293 1058 341 1110 δὲ
368 1060 423 1110 δι’
453 1060 696 1125 ἁγιασμοῦ
722 1064 806 1110 τοῦ
831 1058 951 1110 κατὰ
977 1057 1219 1123 ἀλήθειαν,
1247 1060 1329 1122 τῆς
1355 1058 1472 1111 ἰδίας
1498 1056 1691 1126 φύσεως

97 1140 343 1196 κοινωνοὺς
370 1140 446 1192 διὰ
476 1144 559 1206 τῆς
585 1147 669 1193 τοῦ
696 1141 975 1204 Πνεύματος
1008 1141 1261 1205 μετουσίας
1295 1139 1583 1200 ἀναδεικνῦς,
1614 1142 1690 1190 καὶ

96 1223 464 1291 μεταχαλκεύων
509 1223 687 1291 τρόπον
728 1223 832 1275 τινὰ
877 1223 963 1288 τὴν
1011 1222 1262 1290 ἀνθρώπου
1307 1222 1458 1290 φύσιν
1499 1226 1560 1276 εἷς
1604 1221 1690 1286 τὴν

99 1305 215 1371 ὑπὲρ
243 1305 494 1372 ἄνθρωπον
521 1306 716 1370 δύναμίν
743 1329 791 1357 τε
823 1308 898 1357 καὶ
929 1305 1092 1375 δόξαν.

32 1406 79 1445 15
173 1389 315 1439 Ἀλλ’
343 1388 413 1440 ὅτι
439 1389 524 1452 μὲν
547 1392 629 1453 τῆς
665 1388 888 1452 ἀληθείας
923 1389 1006 1440 οὐκ
1045 1388 1136 1457 ἔξω
1175 1411 1267 1439 που
1303 1390 1518 1456 φανεῖται
1554 1388 1629 1437 καὶ
1665 1387 1690 1437 ὁ

97 1473 202 1539 περὶ
245 1470 426 1522 τούτων
470 1472 579 1535 ἡμῖν
622 1469 826 1537 γεγονὼς
870 1470 1029 1537 λόγος,
1072 1471 1155 1521 οὐκ
1200 1470 1489 1538 ἀμφίβολον.
1559 1467 1729 1533 πλὴνς,

98 1552 241 1605 ἐκεῖνό
268 1576 337 1607 τις
363 1553 520 1619 λέγων
545 1553 766 1621 ἀφίξεται
800 1551 944 1620 τυχὸν
969 1554 1044 1604 καὶ
1077 1550 1457 1621 φιλοπευστήσει
1480 1574 1689 1619 χρηστο-

98 1639 274 1699 μαθῶς,
313 1636 408 1702 ἐρεῖ
448 1634 497 1686 δὲ
540 1634 657 1688 ἴσως
698 1638 798 1686 Ποῖ
840 1634 897 1699 δὴ
943 1634 1035 1701 ἄρα
1080 1636 1156 1685 καὶ
1200 1634 1317 1685 πότε
1359 1632 1446 1698 τὴν
1487 1632 1563 1684 διὰ
1606 1639 1690 1684 τοῦ

101 1717 379 1781 Πνεύματος
417 1717 556 1785 χάριν
590 1720 631 1768 οἱ
669 1722 753 1768 τοῦ
792 1719 1013 1783 Σωτῆρος
1052 1717 1184 1781 ἡμῶν
1218 1716 1502 1779 ἐκομίσαντο
1540 1720 1693 1780 μαθη-

31 1820 82 1845 20
100 1800 180 1850 ταί
195 1821 206 1860 3
245 1799 320 1850 ὅτε
359 1798 458 1850 κατ’
487 1797 614 1850 οἶκον
640 1799 796 1853 αὐτοῖς
833 1800 1113 1868 ἐπέλαμψεν
1139 1800 1164 1850 ὁ
1192 1797 1362 1864 Σωτὴρ
1400 1797 1535 1851 εὐθὺς
1573 1796 1693 1860 μετὰ

99 1881 186 1946 τὴν
212 1881 499 1944 ἀνάστασιν,
528 1880 806 1951 ἐνεφύσησέ
832 1904 882 1932 τε
918 1881 1076 1948 λέγων
1102 1882 1285 1943 Λάβετε
1313 1883 1496 1949 Πνεῦμα
1520 1877 1688 1946 ‘'Aycov·

99 1963 129 2028 ἢ
164 1966 213 2015 ἐν
245 1968 347 2018 ταῖς
381 1964 570 2029 ἡμεραις
604 1967 687 2028 τῆς
722 1964 857 2030 ἁγίας
888 1966 1228 2028 πεντηκοστῆς,
1256 1962 1331 2014 ὅτε
1364 1962 1420 2027 δὴ
1455 1962 1603 2014 πάλιν
1630 1966 1692 2017 εὶς

101 2046 182 2097 ἕνα
225 2046 558 2114 συναχθέντων
596 2045 742 2097 τόπον
781 2053 808 2075 “
832 2046 1052 2112 Ἐγένετο
1096 2046 1234 2115 ἄφνω
1281 2046 1331 2096 ἐκ
1371 2050 1454 2096 τοῦ
1493 2045 1691 2111 οὐρανοῦ

102 2135 129 2158 “
154 2127 270 2197 ἦχος
300 2126 463 2193 ὥσπερ
503 2128 762 2196 φερομένης
790 2130 936 2192 πνοῆς
965 2129 1137 2190 βιαίας,
1164 2128 1239 2178 καὶ
1269 2124 1507 2196 ὤφθησαν
1535 2127 1691 2180 αὐτοῖς

33 2226 82 2265 25
103 2217 130 2240 ‘⁶
156 2209 523 2276 διαμεριζόμεναι
561 2214 791 2275 γλῶσσαι
828 2212 942 2260 ὡσεὶ
977 2209 1138 2276 πυρὸς,
1165 2211 1240 2261 καὶ
1266 2209 1484 2260 ἐκάθισεν
1510 2210 1582 2277 ἐφ’
1611 2209 1692 2260 ἕνα
1710 2233 1738 2274 d

102 2300 130 2323 ‘⁶
155 2293 359 2345 ἕκαστον
403 2293 571 2355 αὐτῶν,
616 2293 692 2342 καὶ
743 2291 952 2361 ἤρξαντο
1000 2296 1168 2343 λαλεῖν
1212 2291 1387 2358 ἑτέραις
1438 2291 1693 2356 γλώσσαις

102 2382 131 2405 “
155 2374 311 2429 καθὼς
344 2373 399 2425 τὸ
428 2378 625 2438 Πνεῦμα
659 2374 809 2425 ἐδίδου
843 2373 1238 2442 ἀποφθέγγεσθαι
1274 2372 1473 2427 αὑτοῖς.”
1513 2372 1541 2438 ἢ
1581 2373 1691 2440 γὰρ,

103 2459 240 2525 φησὶ,
278 2456 437 2521 διττὴν
477 2454 700 2507 δεδόσθαι
740 2455 826 2520 τὴν
864 2455 1002 2524 χάριν
1041 2457 1197 2510 αὐτοῖς
1235 2454 1509 2520 οἰησόμεθα,
1547 2456 1695 2522 ἤγουν

102 2537 185 2590 τὸν
223 2537 385 2606 καιρὸν
423 2537 739 2604 ἀγνοήσομεν,
773 2538 881 2589 καθ’
916 2536 970 2590 δν
1008 2539 1200 2603 ἀληθῶς
1237 2536 1468 2604 γεγόνασι
1505 2539 1695 2606 μέτοχοι

36 2647 86 2683 30
104 2627 187 2672 τοῦ
223 2622 393 2686 Ἀγίου
433 2621 725 2685 Πνεύματος,
764 2620 890 2687 ε’ίπερ
932 2619 1112 2684 ἀληθὴς
1158 2621 1235 2671 καὶ
1277 2621 1302 2670 ὁ
1347 2625 1431 2670 τοῦ
1474 2623 1695 2686 Σωτῆρος

103 2702 235 2766 ἡμῶν
260 2703 521 2770 εὑρίσκοιτο
549 2701 695 2769 λόγος
727 2704 802 2754 καὶ
836 2702 891 2753 τὸ
917 2703 965 2753 ἐν
989 2707 1090 2756 ταῖς
1124 2701 1332 2771 πράξεσι
1370 2701 1696 2768 γεγραμμένον

105 2786 208 2851 περὶ
245 2789 341 2837 τῶν
379 2785 528 2850 ἁγίων
565 2789 805 2850 μαθητῶν.
867 2784 980 2835 ἀλλ’
1021 2785 1303 2847 ἐνδοιασμοῦ
1346 2783 1430 2847 μὲν
1470 2784 1605 2852 ἄξιον
1642 2781 1696 2833 τὸ

297 2946 352 2980 23.
379 2934 436 2970 ἕνα
453 2947 487 2980 p.
506 2934 541 2970 ἓν
559 2935 625 2970 Ed.
1178 2945 1233 2977 24.
1259 2934 1448 2979 φερόμενος
1468 2933 1509 2967 Ε.

1745 237 1825 268 Lev.
1838 235 1907 267 viii.

1748 290 1797 320 23.

1753 2062 1843 2092 Acta
1857 2061 1913 2093 SS.

1752 2106 1820 2146 Ap.
1836 2106 1870 2137 ii.

1754 2158 1783 2185 ²⁹
1797 2159 1828 2190 32
1839 2160 1870 2190 4·
