2012 3272
95 140 199 191 i-ii.4
221 154 305 194 sqq.
368 139 436 179 IN
473 140 560 181 ΕΡ.
589 139 650 181 ΙΙ.
688 139 770 180 AD
807 139 1193 182 CORINTHIOS.
1254 140 1368 183 LIB.
1399 142 1460 182 ΙΙ.
1594 144 1677 185 333

1718 210 1789 252 [90
1807 210 1885 252 M.]

645 458 688 505 Τ
717 457 848 505 Ο.Μ
879 457 924 505 Ο
954 458 992 505 Σ
1066 457 1122 504 Β.

701 605 956 653 ΛΟΓΟΣ
1008 606 1066 654 A.

212 771 468 814 ΠεΠοίθΗσιν
506 771 552 813 δὲ
589 772 790 813 τοιαύτΗν
828 771 980 827 ἔχομεν
1018 771 1086 812 διὰ
1126 773 1304 828 Χριστοῦ
1343 770 1452 828 Πρὸς
1489 772 1561 814 τὸν
1701 794 1825 831 4sqq,

744 854 854 896 Θεόν
891 858 1032 900 κ.τ.λ.

54 990 76 1028 5
171 970 378 1019 ΕΙΔΩΣ
405 968 429 1018 ὁ
457 971 654 1021 Παῦλος
679 970 761 1032 τῆς
788 969 1065 1031 ἀποστολῆς
1090 967 1144 1018 τὸ
1171 967 1358 1036 ἀξίωμα
1384 967 1467 1018 οὑκ
1496 969 1680 1033 ἀνθρω-

95 1049 250 1103 πίναις
284 1054 476 1112 μᾶλλον
501 1048 694 1101 ἀνάπτει
727 1049 982 1113 δυνάμεσιν
1009 1049 1140 1100 ἀλλὰ
1174 1053 1240 1118 τῷ
1275 1047 1432 1101 πάντα
1468 1049 1684 1116 ἰσχύοντι

98 1133 207 1200 Θεῷ
245 1134 320 1182 καὶ
358 1136 456 1185 τοῖς
486 1137 570 1182 τοῦ
602 1136 768 1192 λαβεῖν
795 1131 942 1200 ἀξίοις
977 1131 1189 1198 ὀρέγοντι
1220 1130 1296 1182 διὰ
1330 1130 1528 1195 μεσίτου
1554 1134 1677 1197 Χρι-

98 1218 235 1264 στοῦ.
281 1211 351 1264 διό
378 1217 502 1282 φησι
526 1212 681 1264 πάντα
706 1212 791 1277 μὲν
816 1216 864 1265 ἐν
890 1217 1091 1283 Χριστῷ
1117 1218 1212 1267 τοῖς
1245 1214 1394 1279 ἁγίοις
1418 1212 1477 1264 τὰ
1505 1211 1680 1279 ἀγαθά·

100 1296 175 1346 καὶ
208 1293 302 1362 γάρ
337 1301 364 1324 “
385 1296 517 1346 ἐστιν
542 1295 721 1346 ἄνωθεν
747 1298 822 1346 καὶ
856 1297 906 1346 ἐκ
939 1301 1022 1347 τοῦ
1054 1295 1233 1361 πατρὸς
1266 1299 1361 1346 τῶν
1388 1294 1563 1364 φώτων
1587 1298 1683 1345 πᾶν
1701 1313 1812 1345 3..ch
1842 1314 1862 1345 i.

33 1402 80 1427 10
100 1383 126 1406 ‘⁶
152 1376 346 1443 δώρημα
379 1376 601 1428 τέλειον·”
654 1378 763 1428 ἀλλ’
793 1378 874 1428 οὖν
901 1379 925 1428 ὁ
953 1378 1008 1428 δι’
1038 1377 1091 1428 οὗ
1117 1377 1176 1428 τὰ
1201 1376 1356 1429 πάντα
1385 1378 1461 1428 καὶ
1489 1378 1537 1427 ἐν
1564 1374 1601 1446 ᾧ
1625 1375 1684 1427 τὰ
1704 1366 1753 1397 17'

98 1458 255 1509 πάντα
280 1459 492 1523 Χριστός
519 1461 663 1523 ἐστιν,
689 1459 946 1524 μεσιτεύων
971 1458 1055 1523 μὲν
1081 1460 1201 1524 ἡμᾶς
1228 1461 1303 1510 καὶ
1331 1458 1455 1511 Θεὸν
1487 1457 1563 1509 διὰ
1597 1458 1684 1523 τὴν

99 1540 377 1603 οἰκονομίαν,
418 1540 548 1605 πλὴν
593 1543 794 1607 ἐνεργῶν
837 1540 897 1593 τὰ
939 1540 1097 1593 πάντα
1140 1540 1270 1607 παρὰ
1312 1546 1395 1592 τοῦ
1437 1544 1562 1592 Θεοῦ
1608 1543 1684 1591 καὶ

102 1621 310 1688 Πατρὸς,
353 1622 433 1673 ἅτε
478 1622 535 1687 δὴ
582 1625 656 1674 καὶ
697 1622 923 1690 ὑπάρχων
968 1623 1238 1691 αὐτοσοφία
1281 1645 1331 1673 τε
1375 1624 1450 1673 καὶ
1493 1622 1686 1686 δύναμις

100 1704 257 1754 αὐτοῦ·
310 1705 423 1756 ποία
463 1705 519 1755 δέ
550 1706 682 1756 ἐστιν
714 1705 742 1768 ἡ
775 1703 1036 1765 πεποίθησις
1062 1705 1089 1769 ἡ
1119 1702 1195 1756 ὃιοὶ
1222 1705 1405 1775 Χριστοῦ
1428 1702 1534 1773 πρός
1562 1703 1684 1762 Θεον,

35 1808 82 1846 15
101 1785 237 1837 ἄκουε
261 1786 317 1850 δὴ
343 1785 734 1852 προσεπάγοντός·
760 1809 808 1838 τε
839 1789 914 1838 καὶ
940 1787 1166 1853 λέγοντος
1193 1790 1301 1849 Οὐχ
1327 1786 1388 1837 ’ότι
1416 1788 1501 1855 αφ’
1527 1783 1687 1838 ἑαυτῶν
1704 1817 1771 1837 ver.
1786 1814 1815 1845 5·

101 1870 244 1920 ἱκανοί
275 1868 404 1936 ἐσμεν
429 1867 710 1934 λογίσασθαί
737 1893 777 1920 τι
806 1871 864 1924 ὡς
890 1868 935 1938 ἐξ
962 1868 1137 1920 ἑαυτῶν·
1180 1875 1208 1897 “
1229 1872 1366 1919 πᾶσα
1404 1866 1496 1934 γὰρ
1536 1867 1687 1936 σοφία
1705 1893 1849 1925 Sir.i.1.

102 1956 129 1979 “
152 1948 283 2016 παρὰ
324 1951 540 2016 Κυρίου,”
594 1949 714 2001 κατὰ
757 1950 812 2001 τὸ
858 1949 1202 2017 γεγραμμένον·
1268 1953 1381 2001 ἀλλ’
1426 1952 1447 2010 ἦ
1489 1951 1689 2009 ἱκανότης

103 2032 217 2099 ἡμῶν
243 2032 294 2084 ἐκ
327 2034 398 2084 τοῦ
424 2034 532 2084 Θεοῧ
569 2033 615 2088 ἲς
653 2037 730 2084 καὶ
765 2031 972 2084 ἱκοίνωσεν
999 2034 1118 2101 ἡμᾶς
1146 2028 1371 2086 διακόνους
1406 2030 1554 2091 καινῆς
1582 2027 1686 2082 δια·
1708 2061 1775 2082 ver.
1795 2050 1826 2082 6.

102 2114 245 2175 θήκης,
285 2117 329 2166 οὐ
364 2113 642 2184 γράμματος
676 2112 812 2165 ἀλλα
837 2113 1106 2182 πνεύματος·
1151 2113 1198 2165 το
1226 2113 1316 2183 ’γαρ
1342 2112 1545 2183 ’γράμμα
1572 2117 1693 2164 iam-

37 2225 85 2250 20
107 2196 272 2255 κτέννει,
300 2195 346 2247 το
388 2193 433 2247 δὲ
472 2197 648 2263 πνεῦμα
688 2196 902 2266 ζωοποιεῖ.
957 2197 1032 2246 καὶ
1068 2196 1117 2246 τί
1146 2195 1191 2246 το
1223 2193 1427 2265 γράμμα
1458 2194 1623 2257 ἐστίν;
1668 2195 1693 2244 ὁ

156 2347 185 2377 1,
205 2347 237 2371 2.
265 2336 320 2371 Ita
339 2335 387 2370 H.
574 2336 654 2380 5—8.
681 2335 886 2381 Εἰδὼς-φη
891 2349 927 2370 σι
945 2339 1128 2379 assumpta
1144 2345 1185 2367 ex
1204 2332 1254 2368 H.
1444 2333 1477 2368 8.
1503 2333 1538 2367 ἐν
1554 2335 1694 2379 Χριστῷ

106 2394 189 2423 om„
210 2383 265 2417 διὰ
289 2384 436 2428 χριστοῦ
461 2388 541 2416 ante
565 2382 606 2416 τὰ
631 2381 764 2416 addens
784 2381 833 2416 H.
905 2380 1014 2426 ἁγιοις
1033 2380 1081 2415 Η.
1099 2380 1207 2423 ἀξίοις
1224 2379 1292 2414 Ed.
1344 2379 1428 2413 Post
1445 2379 1556 2425 ἀγαθά
1581 2381 1696 2424 pergit

105 2444 274 2473 μεσιτευει
291 2430 356 2475 γὰρ
374 2429 451 2472 ἡμῖν
470 2429 523 2463 καὶ
539 2430 616 2489 Θεῷ
635 2429 690 2463 διὰ
704 2430 736 2472 (1
748 2430 780 2473 1)
795 2428 844 2463 H.
1121 2438 1174 2462 12.
1201 2425 1361 2471 ἐνεργῶν]
1381 2427 1481 2462 αὐτὸς
1499 2426 1628 2471 ἐνεργεῖ
1646 2427 1696 2461 Η.

111 2487 164 2521 13.
181 2475 372 2521 c‘z're—Te]‘
358 2491 402 2511 ως
418 2476 517 2511 αὐτὸς
534 2475 580 2510 ὢν
597 2476 708 2520 σοφία
728 2475 776 2510 Η.
1095 2485 1147 2516 14.
1166 2472 1287 2518 αὐτοῦ]
1308 2473 1421 2531 pe’rgit
1437 2473 1643 2516 πεποίθησιν
1661 2473 1697 2507 δέ

106 2522 201 2568 λέγει
227 2523 288 2567 τὴν
316 2523 371 2557 διὰ
396 2525 550 2567 Χριστοῦ
578 2523 664 2567 πρὸς
692 2524 750 2556 τὸν
781 2522 868 2556 Θεὸν
896 2522 934 2555 τὸ
964 2521 1180 2566 σεσοφίσθαι
1209 2519 1288 2575 παρ’
1316 2520 1418 2554 αὐτοῦ
1445 2520 1498 2553 καὶ
1525 2520 1698 2554 διακόνους

107 2569 266 2620 γενεσθαι
291 2571 349 2613 τῆς
373 2569 558 2613 ἐπιστολῆς
581 2571 641 2603 τοῦ
662 2570 826 2614 Χριστοῦ,
845 2568 948 2602 αὐτοῦ
970 2570 1069 2602 τοῦτο
1092 2566 1335 2624 χαρισαμένου.
1371 2566 1423 2600 διὸ
1440 2566 1495 2600 καί
1511 2567 1622 2610 φησιν
1638 2566 1697 2600 οὐκ

109 2619 191 2650 εἰναι
221 2616 350 2652 ἱκανοὺς
376 2616 453 2651 τοὺς
477 2615 594 2660 ἁγίους
619 2615 837 2650 ἀποστόλους
858 2614 1072 2659 λογίσασθαί
1099 2628 1131 2648 τι
1159 2614 1203 2649 ὡς
1228 2613 1265 2658 εξ
1290 2614 1427 2652 εαυτῶν,
1454 2613 1631 2647 τουτέστιν
1655 2613 1699 2648 ὡς

107 2662 175 2696 ἀπὸ
201 2664 334 2707 γνώμης
360 2662 447 2697 ἰδίας
470 2663 627 2721 ἐξευρεῖν
651 2677 683 2696 τι
711 2662 876 2706 μυστικὸν
902 2661 920 2705 ἢ
946 2662 1090 2705 ἐννόημα
1114 2659 1253 2705 ἀγαθὸν,
1278 2658 1358 2693 ἀλλ’
1377 2660 1553 2703 ἶκανότητα
1577 2660 1699 2703 λαχεῖν

109 2708 235 2743 ι’ίνωθεν
259 2709 313 2743 καὶ
337 2710 376 2743 τὸ
401 2709 523 2754 ἀρτίως
549 2710 640 2755 ἔχειν
663 2710 748 2754 πρὸς
764 2707 974 2751 ἀποστολήν.
994 2707 1043 2741 Η.
1430 2716 1484 2750 19.
1510 2705 1697 2740 ἀποκτείνει

110 2767 129 2788 e
155 2766 219 2789 suo
246 2755 380 2800 Migne.
724 2765 779 2789 20.
807 2755 877 2788 Hic
894 2754 1016 2798 incipit
1034 2752 1192 2788 scholion
1209 2764 1343 2787 novum
1364 2751 1422 2786 H:
1451 2763 1561 2798 quum
1579 2757 1697 2785 autem

113 2801 160 2835 D.
184 2801 302 2846 Cyrilli
331 2801 442 2845 magis
469 2802 672 2846 capitulatio
700 2801 871 2847 quaedam
904 2812 1011 2846 quarn
1035 2799 1142 2834 verba
1175 2799 1352 2844 ipsissima
1384 2811 1459 2833 esse
1485 2797 1633 2839 videtur,
1659 2809 1698 2830 ea

113 2859 252 2893 quoque
277 2848 366 2881 inter
391 2854 491 2882 notas
517 2848 670 2882 exhibui.
738 2847 829 2882 Sunt
858 2855 986 2887 autem,
1014 2847 1173 2880 Δείκνυσι
1198 2850 1264 2880 τῶν
1288 2846 1439 2890 ἀρχαίων
1462 2847 1698 2888 μυσταγωγῶν

113 2896 186 2937 ἤτοι
203 2893 453 2929 διδασκάλων“
435 2909 486 2928 οτι
504 2894 630 2928 πολὺ’
611 2895 765 2938 αμείνους
788 2895 951 2939 γεγόνασι
977 2895 1037 2927 τοῦ
1062 2893 1283 2937 εὐαγγελικοῦ
1309 2891 1545 2933 θεσπίσματος
1569 2890 1600 2923 οἱ
1625 2890 1697 2923 διά-

115 2954 215 2983 κονοι,
234 2941 415 2976 ἶκανῶσθαί
439 2955 474 2975 τε
497 2940 614 2976 ἑαυτὸν
632 2943 684 2975 καὶ
709 2941 786 2977 τοὺς
803 2941 931 2976 ἄλλους
948 2940 1058 2985 φησιν
1076 2939 1110 2974 ἐν
1128 2941 1265 2984 Χριστῷ
1284 2938 1374 2981 παρὰ
1393 2938 1481 2971 Θεοῦ
1500 2936 1552 2970 καὶ
1569 2935 1696 2971 ἀποπε-
