2012 3272
536 147 859 187 EPISTOLAS
899 147 1293 189 CA'PIIOLICAS.
1620 152 1705 190 449

107 256 262 304 graphis
279 258 440 303 κυρίλλου
456 270 594 293 nomeu
608 257 767 306 apponit
781 258 899 294 codex
908 257 1195 295 Purharlnensis
1214 259 1345 306 [supra
1361 258 1423 295 cit.
1442 272 1478 307 p.
1496 260 1607 306 361]‚
1628 272 1647 295 0
1664 260 1702 296 S.

108 320 242 369 cyrilli
264 320 415 370 scriptis
435 326 619 370 tanquam
639 335 658 358 o
680 321 783 359 fonte
804 335 958 359 sensum
974 322 1072 359 forte
1093 322 1293 360 hauriente
1313 326 1465 360 auctore
1486 323 1694 372 incognito.

158 420 181 442 a
200 406 263 443 fol.
290 416 362 454 207
385 421 418 444 v.
452 409 580 442 Οὐκοῦν
598 408 861 455 ἀνάγκη-κατὰ
890 409 948 453 τὴν
972 410 1082 456 σάρκα
1106 421 1125 445 C
1149 412 1276 446 tractu
1296 409 1342 446 (10
1366 413 1467 446 recte
1487 408 1561 446 fide
1585 418 1658 457 173
1676 410 1700 446 d

105 471 361 520 desumlrffium.

159 571 180 595 a
199 559 262 596 fol.
288 561 374 596 208.
404 560 462 596 Ὠς
480 561 683 607 γὰρ-κατὰ
703 560 762 604 τὴν
781 561 890 606 σάρκα
910 572 929 596 0
950 563 1077 597 tractu
1098 560 1145 597 de
1166 573 1194 596 r.
1218 560 1242 597 f.
1265 573 1336 597 102
1356 561 1380 597 b
1400 561 1657 610 desumptum.

160 658 181 682 a
201 645 264 683 sol.
290 658 366 683 210
386 660 420 683 V.
452 647 476 683 d
497 646 559 683 fol.
584 656 669 693 250.
704 649 745 682 Οἱ
765 648 824 692 τὴν
843 648 1204 695 ἑστίαν-εὑρίσκεται
1224 660 1243 684 (3
1264 648 1378 685 Hom.
1408 648 1446 683 111
1478 648 1516 685 S.
1534 648 1626 685 Luc.
1650 650 1699 696 69

106 709 280 760 (patrum
307 711 407 748 Bibl.
430 712 542 748 Nova
569 711 607 747 ii.
634 720 708 759 259
731 711 813 761 fin.)
835 711 1094 760 desumptum.
1153 712 1314 761 Reliqua
1345 714 1400 758 Μὴ
1429 714 1699 757 ξένον-ἐπιδεί-

105 775 211 819 ξασθε
232 775 362 826 Migne
382 775 553 813 exhibita
573 775 712 813 Severo
732 776 870 813 tribuit
890 777 972 813 eod.
994 777 1108 813 Coisl.

159 877 179 900 a
199 863 262 900 fol.
289 877 375 901 212.
407 864 496 901 Sine
517 864 671 901 nomine
697 864 763 900 sed
784 865 956 911 Κυρῖλλου
984 878 1122 901 nomen
1151 864 1312 913 apponit
1332 865 1412 901 cod.
1435 864 1549 902 Coisl.
1572 865 1702 901 Ἰστεόν

105 930 140 963 δὲ
162 929 212 964 ὅτι
236 932 306 965 τοῖς
335 934 457 974 νοητῶς
484 931 608 965 ὑπνοῦν
629 929 767 964 εἰωθόσι
795 932 833 964 τὸ
861 932 1013 975 χαλεπὸν
1043 927 1284 980 [παγχάλεπον
1311 929 1391 967 cod.
1414 928 1548 981 COiS].]
1569 932 1702 975 ἀληθῶς

105 995 246 1040 ἐπιπηδᾷ
275 994 399 1041 θηρίον·
429 996 482 1030 καὶ
510 998 611 1030 τοῦτο
640 996 789 1030 διδάσκει
817 995 928 1042 λέγων
953 998 971 1029 ὁ
992 994 1145 1041 Χρίστου
1173 996 1321 1040 μαθητὴς
1350 995 1498 1042 νήψατε,
1518 995 1699 1044 γρηγόρη-

105 1073 207 1101 σατε,
229 1062 281 1094 καὶ
300 1061 340 1094 τὰ
359 1061 444 1105 ἑξῆς.

547 1164 595 1200 Ι11
616 1163 653 1201 S.
672 1163 775 1200 Petri
795 1163 1010 1212 Epistolani
1031 1164 1245 1201 secundam.

160 1260 182 1282 a
203 1245 265 1283 fol.
284 1258 357 1291 214
372 1259 404 1282 V.
439 1245 548 1280 Μύθοι
568 1246 634 1292 γὰρ
655 1245 759 1282 ὅντως
779 1247 831 1280 καὶ
850 1246 1039 1292 ἀνθρώπινα
1060 1247 1263 1291 σοφίσματα
1283 1249 1348 1280 τῶν
1367 1248 1537 1292 αἱρετικῶν
1555 1248 1595 1281 τὰ
1616 1262 1699 1293 προ-

105 1311 274 1356 βλήματα,
309 1309 464 1347 οὕστινας
497 1311 716 1357 ἐκτρέπεσθαι
749 1313 957 1355 βουλόμενος
986 1311 1070 1354 ἡμᾶς
1104 1312 1122 1344 ὁ
1156 1313 1293 1346 Παῦλος
1326 1312 1453 1357 γράφει
1488 1317 1512 1329 “
1530 1313 1702 1357 Αἶρετικὸν
1718 1313 1783 1344 Tit.
1803 1312 1848 1343 iii.
1864 1322 1912 1343 10.

107 1382 127 1395 “
148 1376 323 1422 ἄνθρωπον
340 1377 422 1420 μετὰ
441 1376 518 1420 μίαν
538 1376 590 1410 καὶ
610 1376 767 1421 δευτέραν
786 1376 961 1410 νουθεσίαν
979 1375 1176 1421 παραιτοῦ,”
1197 1377 1249 1410 καὶ
1270 1376 1309 1409 τὰ
1330 1376 1418 1419 ἑξῆς.

152 1439 314 1486 ’Ἃρχεται
334 1442 393 1486 μὲν
413 1441 472 1485 ἤδη
491 1443 549 1485 τῆς
569 1441 649 1475 κατὰ
669 1443 734 1474 τῶν
753 1442 924 1486 αἶρετικῶν
943 1441 1134 1486 ἐπιδρομῆς,
1152 1440 1232 1474 καθὸ
1252 1440 1369 1474 ἐκεῖνοι
1390 1440 1448 1484 τὴν
1466 1439 1624 1484 ἀλήθειαν
1643 1442 1702 1475 οὐκ

105 1506 239 1551 ἔχοντες
253 1507 416 1542 ποικίλοις
435 1507 550 1552 λόγοις
569 1505 805 1552 ἀναγκάζονται
824 1506 1060 1551 περιπλάττειν
1079 1506 1117 1539 τὸ
1136 1506 1275 1551 ψεῦδος.
1307 1505 1385 1538 ἀλλ’
1406 1505 1498 1549 ἡμεῖς
1517 1505 1581 1550 οὐχ
1602 1503 1700 1550 οὕτω,

105 1572 224 1616 φησὶν,
246 1570 323 1605 ἀλλ’
345 1572 455 1606 αὐτοῖς
478 1569 548 1617 [ita
567 1569 647 1606 eod.
669 1569 783 1607 COiSl.
804 1570 893 1604 ἀλλὰ
919 1573 988 1606 τοῖς
1007 1570 1058 1615 a.]
1084 1569 1278 1615 ὀφθαλμοῖς
1301 1569 1361 1613 τὴν
1379 1568 1538 1613 ἀλήθειαν
1556 1569 1698 1604 ἐθεασά-

105 1635 200 1680 μεθα,
221 1635 291 1680 μετ’
312 1637 414 1670 αὐτοῦ
433 1635 527 1671 ὅντες
546 1636 581 1670 ἐν
599 1638 645 1683 τῷ
664 1635 746 1681 ὅρει.
785 1636 907 1680 ἔχομεν
926 1633 985 1668 οὖν
1007 1635 1059 1668 καὶ
1079 1634 1156 1670 τοὺς
1181 1633 1359 1680 προφήτας
1378 1633 1501 1678 ταύτην
1520 1635 1623 1679 αὐτὴν
1641 1635 1700 1679 τὴν

105 1699 262 1744 ἀλήθειαν
281 1701 357 1744 ἡμῖν
375 1699 667 1746 προμηνύσαντας,
690 1700 742 1733 καὶ
761 1698 866 1735 οὕτως
892 1700 946 1733 διὰ
970 1701 1029 1743 τῆς
1055 1698 1171 1745 ὅψεως
1191 1701 1410 1745 βεβαιότερος
1428 1702 1494 1733 τῶν
1512 1701 1700 1745 προφητῶν

106 1766 124 1798 ὁ
143 1766 246 1811 λόγος
265 1765 340 1809 ἡμῖν
363 1763 459 1813 [ἡμῖν
478 1766 496 1798 ὁ
515 1767 618 1811 λόγος
638 1764 719 1800 cod.
743 1760 875 1813 COiSl.]
903 1764 1048 1810 ἐγένετο·
1077 1763 1098 1797 ἃ
1116 1763 1181 1810 γὰρ
1202 1764 1319 1798 ἐκεῖνοι
1346 1761 1439 1798 εἶπον
1457 1767 1561 1798 ταῦτα
1585 1766 1700 1811 παρὼν

106 1830 124 1862 ὁ
144 1831 290 1875 Χριστὸς
319 1830 547 1865 ἐπιστώσατο.
587 1830 640 1863 καὶ
667 1830 833 1875 μάρτυρες
862 1829 955 1873 ἡμεῖς
983 1830 1015 1862 οἱ
1043 1829 1096 1862 καὶ
1124 1829 1183 1872 τὴν
1200 1827 1385 1874 μαρτυρίαν
1409 1828 1611 1864 ἀκούσαντες
1639 1832 1699 1863 τοῦ

105 1896 250 1940 Πατρός·
289 1894 326 1929 εὖ
355 1895 391 1928 δέ
411 1896 462 1929 καὶ
482 1895 574 1939 ὑμεῖς
593 1893 753 1938 ποιήσετε
773 1896 819 1941 τῷ
839 1895 1037 1941 προφητικῷ
1065 1893 1257 1939 πειθόμενοι
1277 1894 1380 1941 λόγῳ·
1422 1892 1518 1929 οὗτος
1537 1894 1602 1940 γὰρ
1622 1894 1700 1929 τοὺς

105 1958 141 1993 ἐν
159 1957 275 2005 ἀγνοίᾳ
294 1961 498 2006 φωταγωγεῖ
516 1959 578 1995 ἕως
597 1959 740 2004 καθαρὸν
759 1959 834 2003 ὑμῖν
851 1959 889 1992 τὸ
909 1960 985 2003 φῶς
1004 1961 1064 1992 τοῦ
1084 1957 1283 2004 εὐαγγελίου
1304 1958 1449 2004 διαφανῇ
1474 1959 1526 1992 καὶ
1546 1961 1564 1993 ὁ
1585 1959 1700 2003 νοητὸς

106 2024 285 2070 ἑωσφόρος
303 2023 461 2059 τουτέστι
479 2025 627 2070 Χριστὸς
646 2023 681 2057 ἐν
700 2025 771 2059 ταῖς
791 2021 938 2069 καρδίαις
956 2023 1048 2067 ὑμῶν
1066 2022 1234 2066 ἀνατείλῃ.
1292 2021 1471 2058 Scholion
1491 2025 1700 2070 utrumque

105 2087 258 2125 exhibet
287 2087 428 2137 Migne‚
459 2092 497 2124 et
528 2086 679 2124 inverso
711 2086 843 2123 ordine
872 2086 943 2123 sub
972 2086 1126 2123 nomine
1156 2086 1330 2133 Κυριλλου
1358 2086 1438 2124 eod.
1467 2086 1581 2124 Coisl.
1603 2091 1699 2124 teste

107 2151 308 2190 Cramero:
339 2151 641 2203 anepigraphum
661 2151 700 2187 in
721 2164 753 2188 a.
775 2150 947 2188 scholion
967 2150 1169 2199 posterius.

160 2253 182 2276 a
200 2239 263 2276 fol.
289 2241 363 2276 216
380 2253 414 2276 v.
435 2252 466 2276 c.
500 2238 678 2286 [κυρίλλου
698 2250 835 2274 nomen
855 2237 1002 2275 omittit
1022 2238 1102 2275 cod.
1126 2237 1260 2285 Coisl.]
1293 2240 1356 2273 Καὶ
1375 2241 1457 2285 γοῦν
1476 2240 1494 2272 ὁ
1514 2239 1699 2275 θεσπέσιος

105 2306 257 2353 μελῳδός
278 2307 298 2324 “
311 2304 520 2350 ”Ανθρωπος,
540 2305 661 2350 φησὶν,
684 2304 718 2338 ἐν
737 2306 812 2347 τιμῇ
834 2304 878 2337 ὢν
898 2304 938 2337 οὐ
960 2305 1094 2347 συνῆκε,
1116 2303 1396 2349 παρεσυνεβλὴθη
1420 2300 1562 2353 [παρασ.
1584 2301 1697 2338 hodie
1717 2310 1771 2340 ΡΒ.
1788 2310 1890 2340 xlviii.

106 2381 174 2417 pel·
192 2382 363 2405 l'asul'aln
376 2367 530 2405 exhibet
545 2380 577 2404 a.
594 2367 696 2404 unde
711 2366 790 2413 CR]
807 2370 876 2403 τοῖς
895 2367 1030 2412 κτήνεσι
1048 2369 1118 2403 τοῖς
1136 2366 1288 2411 ἀνοήτοις
1308 2367 1359 2403 καὶ
1379 2368 1531 2412 ὡμοιώθη
1552 2367 1696 2404 αὐτοῖς.”
1718 2362 1766 2384 21.

105 2434 163 2478 ἕθη
181 2435 248 2481 γὰρ
273 2432 413 2480 ἀλογίας
432 2433 717 2479 συμπεπλεγμένα
737 2434 855 2477 νόμους
876 2433 992 2478 ὥσπερ
1021 2433 1111 2468 τινὰς
1135 2432 1242 2478 [τινὰς
1262 2444 1333 2468 0111.
1357 2430 1418 2468 Cr.
1440 2430 1574 2467 invitis
1595 2430 1696 2468 codi-

106 2497 229 2545 cibus]
254 2500 398 2545 ἔχοντες,
418 2497 517 2544 ὀλίγα
537 2498 653 2542 κομιδῆ
677 2498 898 2543 διενεγκόντες
918 2496 1094 2543 ἐφαίνοντο
1114 2500 1247 2541 κτηνῶν,
1270 2498 1314 2532 ὡς
1333 2498 1430 2543 ἔφην,
1452 2496 1472 2530 ἃ
1491 2498 1575 2543 πρὸς
1594 2499 1699 2541 μόνην

106 2564 221 2610 γέγονε
246 2564 390 2609 φθοράν.
429 2561 578 2598 Deinde
606 2563 690 2608 πρὸς
719 2564 765 2610 τῷ
794 2561 1151 2606 ἀσεβεῖν-ἀλλήλοις
1179 2559 1287 2597 addit
1317 2559 1448 2609 Bligne
1477 2559 1542 2597 sed
1570 2559 1697 2609 anepi—

105 2627 250 2676 grapha
268 2627 360 2664 haee
378 2626 419 2663 in
438 2626 631 2663 codicibus
651 2625 801 2671 nostris,
822 2625 870 2661 ad
890 2625 1050 2662 verbum
1068 2626 1153 2672 πρὸς
1172 2637 1310 2661 nomen
1330 2625 1438 2661 ἄλλος
1457 2623 1617 2673 apponit
1637 2637 1667 2661 o.

161 2726 183 2750 a
197 2713 262 2750 fol.
284 2726 358 2750 220
374 2727 409 2751 v.
432 2716 601 2749 Δοκεῖ-ὁ
621 2715 767 2760 Χριστός
787 2725 807 2749 e
827 2724 923 2761 resp.
947 2712 994 2748 ad
1015 2711 1097 2748 Tib.
1119 2711 1315 2760 sociosque
1335 2710 1561 2748 duodecima
1583 2709 1698 2760 (infra

108 2778 177 2814 sub
197 2778 294 2816 ealce
314 2778 388 2815 vol.
410 2776 542 2827 hujus)
563 2777 778 2825 desumpta.
1519 2770 1523 2773 ’

161 2878 183 2901 a
202 2865 265 2901 fol.
291 2876 376 2901 221.
409 2864 580 2911 Προσὴκει
608 2864 718 2900 τοίνυν
745 2864 1029 2910 ἀποστρέφεσθαι
1058 2864 1135 2899 τοὺς
1163 2862 1344 2899 τοιούτους·
1375 2862 1433 2897 κᾶν
1454 2863 1491 2896 τὸ
1511 2862 1612 2905 ὄνομα
1638 2864 1697 2895 τοῦ

109 2933 259 2976 Χριστοῦ
287 2931 371 2976 πρὸς
400 2929 526 2972 ἀπάτην
553 2929 799 2975 ἀμφιέννυνται.
840 2929 941 2963 αὐτοῦ
969 2929 1035 2974 γὰρ
1064 2931 1122 2963 τοῦ
1145 2929 1268 2974 Κυρίου
1297 2927 1387 2971 ἡμῶν
1406 2925 1518 2970 Ἰησοῦ
1547 2927 1697 2971 Χριστοῦ

166 3005 258 3032 VOL.
282 3004 347 3032 111.
876 3004 900 3043 3
923 3002 954 3029 M
