2001 3257
297 137 378 177 130
697 138 747 178 B.
781 137 1051 178 CYRILLI
1093 135 1477 177 ALEXANDR.
1724 145 1876 175 xx.21.

229 306 273 331 21
299 297 373 339 Καὶ
405 294 522 340 εἶπεν
550 296 693 340 αὐτοῖς
727 299 853 340 Πάλιν
884 296 1041 355 ΕἰρήνΗ
1076 295 1183 346 ὑμῖν·
1235 298 1378 339 καθὼς
1412 296 1638 339 ἀπέστειλέ
1672 310 1723 344 με
1748 295 1770 336 ὁ
1797 294 1875 352 ζῶν

704 382 853 437 Πατήρ
894 381 1010 428 κάΓὼ
1048 380 1308 422 ἀποστέλλω
1345 382 1465 429 ὑμᾶς,

368 494 731 561 Κεχειροτόνηκε
769 492 851 558 μὲν
885 495 934 545 ἐν
968 493 1147 548 τούτοις
1186 495 1210 545 ὃ
1250 494 1424 560 Κύριος
1462 493 1594 557 ἡμῶν
1624 492 1812 556 Ἰησοῦς
1851 492 1876 541 ὁ

293 575 507 642 Χριστὸς
532 575 640 630 τοὺς
675 578 756 639 τῆς
791 576 1059 641 οἰκουμένης
1091 575 1361 641 καθηγητάς
1386 598 1436 626 τε
1460 577 1534 626 καὶ
1561 572 1877 626 διδασκάλους

69 672 275 708 1094A.a
294 659 369 708 καὶ
394 662 488 709 τῶν
514 658 648 708 θείων
673 659 816 709 αὐτοῦ
849 658 1123 724 μυστηρίων
1147 657 1427 722 οἰκονόμους,
1456 656 1534 711 οὓς
1566 658 1642 708 καὶ
1675 653 1873 725 φωστή-
1895 673 1918 712 5

290 762 388 806 ρων
415 740 546 805 δίκην
571 739 857 809 ἀναλάμψαι
894 763 944 791 τε
981 741 1070 805 ἤδη
1109 742 1185 791 καὶ
1223 739 1521 806 καταυγάσαι
1559 736 1733 790 κελεύει
1772 737 1875 804 οὐχὶ

289 821 438 886 μόνην
463 826 558 873 τῶν
581 821 818 872 Ἰουδαίων
844 820 930 885 τὴν
955 822 1129 889 χώραν,
1156 821 1275 873 κατὰ
1301 820 1354 873 τὸ
1381 821 1550 887 μέτρον
1575 822 1657 883 τῆς
1684 822 1875 883 νομικῆς

67 907 197 982 Ξνξέῗεῖ·1
289 905 482 968 ἐντολῆς
521 903 773 968 διηκούσης
797 911 824 933 “
844 903 938 955 ἀπὸ
966 903 1074 955 Δάν
1105 906 1180 955 καὶ
1218 904 1302 958 ἕως
1342 901 1634 969 Βηρσαβεὲ,”
1663 900 1781 952 κατὰ
1819 900 1873 951 τὸ

66 975 211 1026 etalibi.’
289 986 627 1053 γεγραμμένον,
656 991 846 1050 μᾶλλον
885 986 933 1038 δὲ
971 986 1057 1051 τὴν
1092 988 1168 1056 ὑφ’
1199 987 1316 1056 ἡλίῳ
1355 987 1621 1049 σύμπασαν
1655 985 1730 1035 καὶ
1769 982 1875 1037 τοὺς

287 1068 564 1137 πανταχόσε
602 1069 1015 1136 κατεσπαρμένους
1054 1072 1128 1120 καὶ
1167 1066 1508 1138 κατῳκηκότας.
1575 1065 1754 1131 ἀληθὴς
1793 1066 1874 1116 οὖν
1896 1090 1944 1115 10

62 1145 227 1202 ΗΘΜ-4·
288 1149 380 1216 ἄρα
420 1151 575 1216 λε’γων
616 1152 640 1200 ὁ
681 1154 891 1213 Παῦλος,
931 1153 991 1204 ὡς
1034 1151 1167 1218 ίίοὐχ
1209 1150 1354 1219 ἑαυτῷ
1397 1173 1466 1203 τις
1509 1147 1744 1213 λαμβάνει
1789 1146 1874 1213 τὴν

287 1237 314 1261 “
341 1230 491 1296 τιμὴν,
518 1233 627 1283 ἀλλ’
658 1233 682 1282 ὁ
719 1232 1006 1296 καλούμενος
1043 1231 1174 1298 παρὰ
1212 1238 1294 1283 τοῦ
1335 1231 1504 1283 Θεοῦ.”
1546 1231 1740 1294 κε’κληκε
1774 1228 1873 1296 γὰρ

285 1316 347 1368 εἰς
398 1314 740 1378 εὐκλεεστάτην
790 1313 1069 1378 ἀποστολὴν
1120 1315 1145 1364 ὁ
1200 1314 1373 1380 Κύριος
1424 1314 1555 1378 ἡμῶν
1604 1313 1792 1377 Ἰησοῦς
1847 1313 1873 1362 ὃ

240 1402 267 1444 b
285 1394 496 1462 Χριστὸς
520 1394 613 1463 πρὸ
641 1400 736 1447 τῶν
762 1396 929 1447 ἄλλων
957 1394 1178 1447 ἁπάντων
1204 1395 1312 1450 τοὺς
1346 1397 1510 1447 ἑαυτοῦ
1543 1393 1769 1459 μαθητὰς,
1797 1395 1872 1445 καὶ

283 1480 534 1547 μονονουχὶ
578 1478 826 1544 σειομένην
864 1481 938 1530 καὶ
982 1480 1254 1530 πίπτουσαν
1294 1478 1412 1543 ὅλην
1451 1478 1593 1547 ἔπηξε
1634 1476 1720 1541 τὴν
1758 1480 1867 1543 γῆν,
1895 1495 1941 1534 15

62 1569 222 1611 Cf.3Reg.
284 1560 530 1630 ἀναδείξας
557 1563 619 1615 ὡς
645 1560 765 1615 Θεὸς
791 1560 849 1612 τά
877 1562 1275 1627 ὑποστηρίγματα
1306 1562 1447 1625 αὐτῆς
1484 1562 1558 1611 καί
1593 1559 1699 1613 τοὺς
1731 1560 1866 1610 ἀντε-

62 1623 93 1644 Χ,
134 1622 161 1644 2.

112 1622 124 1644 1
282 1644 446 1708 ρείδειν
474 1642 740 1711 ἰσχύοντας.
794 1642 1033 1710 τοιγάρτοι
1059 1645 1134 1694 καὶ
1159 1643 1250 1711 ε”φη
1277 1643 1352 1693 διὰ
1379 1646 1459 1707 τῆς
1486 1647 1569 1693 τοῦ
1590 1640 1871 1710 ψάλλοντος

61 1735 222 1767 Ps.1xxiv.
284 1728 445 1793 φωνῆς
495 1725 605 1792 περί
651 1748 699 1776 τε
747 1728 829 1790 τῆς
878 1728 965 1792 γῆς
1016 1727 1091 1776 καὶ
1139 1730 1234 1776 τῶν
1281 1723 1570 1777 ἀποστόλων
1614 1723 1684 1774 ὅτι
1725 1730 1753 1752 “
1778 1722 1869 1789 ἐγὼ

61 1790 177 1864 TTim.
284 1813 312 1835 “
337 1806 602 1874 ἐστερέωσα
640 1807 746 1861 τοὺς
785 1807 994 1861 στύλους
1033 1807 1220 1871 αὐτῆς·”
1262 1806 1433 1858 στύλοι
1470 1804 1564 1872 γὰρ
1598 1803 1762 1871 ὥσπερ
1794 1809 1869 1856 καὶ

61 1887 104 1907 ¹¹¹'
127 1886 176 1917 15·
283 1888 518 1954 ἑδραίωμα
556 1892 638 1953 τῆς
677 1890 899 1954 ἀληθείας
939 1892 981 1940 οἱ
1020 1888 1238 1955 μακάριοι
1277 1887 1506 1954 γεγόνασι
1544 1888 1763 1951 μαθηταὶ,
1791 1887 1869 1942 οὓς
1891 1909 1940 1935 20

284 1969 340 2034 δὴ
376 1973 450 2021 καὶ
486 1972 773 2022 ἀποστεῖλαί
804 1977 969 2039 φησιν,
995 1970 1158 2037 ὥσπερ
1190 1970 1331 2022 αὐτὸν
1356 1970 1622 2022 ἀπέστειλεν
1646 1975 1664 2021 ὁ
1694 1968 1864 2038 Πατὴρ,

244 2072 265 2098 c
284 2054 401 2116 ὁμοῦ
425 2052 510 2117 μὲν
535 2056 617 2117 τῆς
643 2054 922 2117 ἀποστολῆς
953 2051 1006 2104 τὸ
1042 2053 1228 2122 ἀξίωμα
1263 2052 1457 2114 δεικνὺς,
1489 2054 1564 2103 καὶ
1599 2055 1680 2115 τῆς
1716 2052 1865 2103 δοθεί-

281 2157 373 2199 σης
399 2136 553 2189 αὐτοῖς
580 2136 798 2204 ἐξουσίας
829 2134 914 2200 τὴν
941 2135 1229 2201 ἀσύγκριτον
1256 2133 1416 2203 δόξαν·
1458 2136 1507 2185 ἐν
1531 2135 1685 2203 ταύτῷ
1721 2133 1769 2185 δὲ
1805 2137 1867 2188 ὡς

280 2216 398 2270 εἰκὸς
437 2220 511 2268 καὶ
550 2222 644 2268 τῶν
683 2219 1018 2269 ἀποστολικῶν
1056 2217 1432 2282 ἐπιτηδευμάτων
1471 2217 1744 2287 ὑποφαίνων
1781 2215 1867 2282 τὴν

282 2300 405 2351 ὀδόν.
479 2303 516 2350 εἰ
567 2299 659 2366 γὰρ
713 2301 858 2353 οὕτως
908 2299 1226 2351 ἀποστέλλειν
1270 2298 1385 2368 ᾤετο
1434 2303 1526 2351 δεῖν
1571 2298 1709 2352 αὐτὸς
1759 2297 1867 2353 τοὺς
1888 2323 1938 2362 25

282 2382 471 2435 οἰκείους
503 2380 730 2447 μαθητὰς,
757 2380 918 2446 ὥσπερ
957 2382 1037 2432 οὖν
1072 2380 1213 2433 αὐτὸν
1239 2382 1502 2433 ἀπεκστειλεν
1529 2387 1546 2433 ὁ
1575 2379 1740 2450 Πατὴρ,
1766 2385 1866 2435 πῶς

281 2464 363 2513 οὐκ
402 2465 657 2530 ἀναγκαῖον
691 2466 802 2514 ἰδεῖν
834 2463 954 2526 τοὺς,
982 2463 1029 2514 οἵ
1063 2486 1117 2529 γε
1156 2468 1250 2514 τῶν
1285 2463 1404 2514 ἰ’σων
1435 2463 1637 2527 ἔμελλον
1668 2463 1865 2514 ἔσεσθαι

279 2547 488 2609 μιμηταὶ,
537 2547 586 2597 τί
641 2544 697 2609 δὴ
761 2547 835 2596 καὶ
899 2545 1140 2612 δράσοντα
1197 2545 1279 2596 τὸν
1330 2544 1447 2596 Υὶὸν
1503 2543 1780 2595 ἀπέστειλεν
1839 2546 1863 2595 ὁ

283 2626 486 2693 Πατήρ;

357 2709 544 2759 Οὐκοῦν
570 2710 652 2771 τῆς
691 2709 806 2762 ἰδίας
845 2711 1122 2773 ἀποστολῆς
1161 2707 1243 2759 τὸν
1275 2707 1451 2773 τρόπον
1481 2705 1718 2775 διαφόρως
1755 2707 1864 2771 ἡμῖν
1886 2728 1936 2764 30

59 2786 221 2818 S.Matth.
281 2790 604 2860 ἐξηγούμενος,
643 2789 756 2840 ποτὲ
795 2790 879 2853 μὲν
917 2791 1126 2860 ἔφασκεν
1165 2797 1192 2820 “
1213 2792 1317 2841 Οὐκ
1360 2787 1510 2853 ἦλθον
1549 2788 1749 2839 καλέσαι
1796 2791 1864 2839 δι-

58 2830 100 2861 ix.
120 2839 167 2869 13.

518 2944 570 2980 15.
597 2935 722 2980 ἔπηξαν
742 2935 781 2971 Ε.
1348 2935 1403 2969 28.
1427 2934 1570 2979 μιμητὰς
1589 2933 1629 2968 Ε.
