2012 3272
98 125 140 168 ii.
165 128 313 168 10-16.
374 126 444 167 IN
479 125 822 168 EPISTOLAM
856 127 891 168 Ι.
928 126 1010 167 AD
1047 126 1433 170 CORINTHIOS.
1600 131 1684 172 257

816 235 837 246 Α
1721 198 1790 238 [53
1809 197 1846 229 M
1851 223 1857 230 -
1878 198 1892 238 ]

97 240 126 264 “
152 237 292 298 Θεοῦ,
319 234 416 287 εἰπὲ
439 235 514 286 ἵνα
539 238 581 287 οἱ
620 235 745 287 λίθοι
784 244 911 286 οὑτοι
947 235 1079 302 ἄρτοι
1114 235 1338 302 γένωνται
1362 237 1404 298 ;”
1445 236 1607 303 γε’γονε
1635 237 1683 288 δὲ

97 316 487 382 ὁμολογουμένως
520 318 597 368 καὶ
630 317 756 386 αὐτῷ
786 320 854 386 τῷ
881 320 1067 381 Σωτῆρι
1093 317 1282 381 σπουδὴ
1309 316 1364 369 τὸ
1390 322 1554 369 λαθεῖν
1576 318 1684 373 τοῦς

97 397 330 465 ἄρχοντας
356 400 427 450 τοῦ
453 398 603 454 αἰῶνος
628 397 789 457 τούτου,
817 399 893 450 ἵνα
919 400 996 450 καὶ
1020 399 1165 451 πάθοι
1197 399 1361 451 λαθὼν
1387 402 1462 451 καὶ
1489 404 1555 469 τῷ
1583 401 1683 469 ἰδίῳ

96 480 256 543 αἵματι
286 478 639 545 κατακτήσηται
673 479 759 545 τὴν
789 481 864 532 ὑπ’
894 481 1091 548 οὐρανὸν
1116 482 1265 550 ἑαυτῷ
1291 504 1341 532 τε
1379 483 1454 532 καὶ
1482 485 1548 550 τῷ
1585 482 1684 550 ἰδίῳ

55 576 77 615 5
100 562 269 628 Πατρί.

599 683 673 724 Καὶ
710 683 760 725 τὰ
801 684 907 733 βάΘΗ
946 687 1019 725 τοῦ
1059 683 1181 727 Θεοῦ.
1708 704 1754 728 10

171 796 285 858 Βάθη
323 799 393 849 τοῦ
427 799 540 849 Θεοῦ
576 801 671 848 τῶν
712 801 845 863 ἱερῶν
883 796 1175 864 γραμμάτων
1208 798 1235 861 ἡ
1277 798 1568 864 κεκρυμμένη
1609 799 1684 848 καὶ

96 878 323 933 ἀπόθετος
349 884 540 946 γνῶσις,
569 878 625 944 ἢν
651 879 770 933 εἷδὸς
795 879 841 931 τὶ
871 880 1050 948 Πνεῦμα
1075 884 1178 933 ταῖς
1204 883 1299 930 τῶν
1326 881 1471 946 ἁγίων
1497 882 1678 930 ἀποκα-

97 961 262 1013 λύπτει
289 964 487 1029 ψυχαῖς,
518 960 640 1012 θεῖόν
666 983 769 1011 τινα
797 965 906 1011 νοῦν
932 962 1199 1028 ἀποφαῖνον
1225 960 1308 1012 τὸν
1333 962 1381 1012 ἐν
1408 962 1577 1014 αὐτοῖς.

30 1156 77 1181 10
612 1137 794 1192 Ψυχικὸε
834 1136 878 1177 δὲ
917 1136 1164 1192 ἅνθρωπος.
1527 1130 1529 1133 ’
1705 1163 1751 1196 14

169 1255 363 1315 Ψυχικός
403 1253 532 1302 ἐστιν
573 1253 598 1302 ὁ
642 1250 761 1302 κατὰ
805 1249 965 1316 σάρκα
1007 1249 1096 1316 ζῶν
1141 1251 1216 1300 καὶ
1261 1248 1404 1313 μήπω
1446 1248 1529 1300 τὸν
1574 1255 1684 1301 νοῦν

96 1335 354 1402 φωτισθεὶς
398 1332 473 1383 διὰ
517 1337 600 1384 τοῦ
648 1330 938 1395 Πνεῦματος,
981 1329 1110 1381 ἀλλά
1153 1330 1302 1395 μόνην
1346 1330 1431 1395 τὴν
1476 1332 1685 1399 ἔμφυτον

96 1417 172 1466 καὶ
217 1416 514 1481 ἀνθρωπίνην
558 1413 754 1464 σύνεσιν
799 1413 933 1481 ἔχων,
986 1411 1044 1476 ἢν
1095 1417 1195 1465 ταῖς
1239 1412 1463 1464 ἁπάντων
1504 1417 1684 1481 ψυχαῖς

95 1493 326 1558 ἐμβάλλει
365 1496 390 1544 6
429 1492 727 1560 δημιουργός.

1705 1596 1762 1629 54
1782 1595 1843 1631 Μ.

31 1687 75 1725 15
378 1670 431 1711 ‘O
470 1670 515 1712 δὲ
554 1670 839 1719 Πνευματικὸε
877 1670 1095 1727 ἀνακρίνει
1133 1671 1208 1719 μὲν
1247 1672 1399 1711 Πάντα,
1709 1680 1832 1725 15,ιό

168 1783 226 1834 ‘O
253 1784 555 1851 πνευματικὶς
581 1787 793 1854 σἰνοικρίνει
828 1784 907 1853 μὲν
935 1783 1088 1836 πάντα
1119 1786 1194 1835 καὶ
1222 1783 1319 1835 οἷον
1345 1783 1683 1835 καταλεπτύνει

96 1869 196 1919 ταῖς
229 1866 499 1931 ἀκριβείαις,
525 1868 801 1937 ἀνακρίνεται
836 1863 882 1917 δὲ
919 1870 992 1918 ὑπ’
1024 1863 1181 1921 οὐδενὲς
1209 1868 1358 1921 αὐτός·
1407 1865 1478 1916 ὅτι
1504 1866 1552 1917 δὲ
1588 1871 1684 1919 τοῖς

97 1947 369 2012 λεγομένοις
413 1945 527 1998 εἶναι
572 1951 792 2016 ψυχικοῖς
838 1951 909 1998 δεῖ
954 1946 1012 2012 δὴ
1059 1946 1248 2002 πάντως
1293 1951 1356 2002 εἷς
1401 1946 1567 2011 ὄνησιν
1607 1950 1683 1998 καὶ

96 2030 423 2095 παιδαγωγιάν
459 2035 785 2094 πνευματικῶν
824 2028 1140 2091 διδασκάλων,
1176 2031 1463 2093 καθίστησιν
1494 2029 1684 2095 ἐναργὲς

31 2140 79 2164 20
97 2112 368 2175 προστιθείς
401 2135 450 2162 τε
487 2114 562 2162 καὶ
593 2112 748 2177 λέγων
773 2113 852 2166 Τίς
883 2111 973 2181 ’γαρ
1001 2113 1107 2177 ἔγνω
1144 2113 1225 2162 νοῦν
1254 2112 1403 2181 Κυρίου
1434 2112 1479 2164 ’ὂς
1507 2112 1679 2177 συμβια
1702 2138 1767 2158 ver.
1789 2127 1836 2159 16.

96 2194 234 2251 βάσει
280 2194 432 2253 αὐτόν,
491 2193 651 2256 ὅμοιον
695 2195 808 2244 ὡσεὶ
854 2192 987 2257 λε’γοι
1033 2191 1134 2242 Τὸν
1177 2191 1386 2260 ψυχικὸν
1432 2192 1683 2257 ἄνθρωπον

98 2275 443 2339 συμβιβάσειεν
487 2274 543 2325 ἀν
582 2276 740 2337 οὐδεὶς,
781 2277 817 2324 εἰ
862 2274 926 2338 μὴ
967 2279 1075 2325 νοῦν
1117 2274 1214 2341 ε”χοι
1252 2278 1486 2339 Χριστοῦ·
1543 2271 1597 2323 τὸ
1634 2272 1682 2323 δὲ

151 2471 180 2493 1.
206 2459 241 2492 δὲ
267 2465 489 2504 assumptum
511 2471 552 2493 ex
571 2460 615 2493 A.
667 2459 794 2494 Statim
819 2458 1089 2516 ὁμολογουμένος
1106 2459 1150 2493 Α.
1310 2467 1343 2502 5.
1372 2458 1439 2491 Pro
1457 2457 1524 2495 his,
1543 2455 1683 2489 exhibet

100 2517 188 2550 quae
206 2505 454 2550 subjungimus
476 2506 534 2539 H.
577 2506 615 2539 Εἰ
641 2508 706 2564 γὰρ
732 2507 886 2550 ἔγνωσαν
905 2506 946 2538 τὰ
968 2505 1137 2549 μέλλοντα
1154 2504 1264 2558 ἀγαθὰ
1282 2506 1450 2548 συμβῆναι
1467 2506 1538 2538 τοῖς
1554 2502 1682 2546 ἅνθρω-

101 2565 175 2586 ποις
199 2552 254 2585 διὰ
278 2554 337 2585 τοῦ
363 2552 596 2597 σταυρωθῆναι
621 2555 680 2587 τὸν
705 2553 865 2597 Χριστὸν,
892 2552 945 2585 καὶ
970 2551 1021 2585 ὅτι
1039 2552 1137 2587 αὐτὸς
1154 2556 1192 2594 ἠν
1210 2553 1228 2584 6
1246 2551 1418 2596 λυτρωτὴς
1435 2552 1487 2584 καὶ
1505 2556 1566 2594 τῆς
1582 2554 1682 2595 δόξης

104 2597 223 2642 Κύριος
246 2597 379 2641 Ιησοῦς
405 2601 422 2631 6
440 2600 589 2643 Χριστὸς
611 2601 629 2632 ὁ
648 2601 742 2641 Θεὸς,
762 2599 815 2631 καὶ
840 2597 946 2642 φύσει
971 2598 1105 2642 ιιληθῶς
1130 2599 1207 2632 Υἱὸς
1229 2600 1288 2631 τοῦ
1314 2600 1403 2631 Θεοῦ
1426 2598 1479 2631 καὶ
1502 2599 1638 2642 Πατρὸς
1664 2600 1682 2630 ὁ

103 2644 319 2688 σταυρωθεις,
338 2647 355 2678 ὁ
372 2645 479 2689 φύσει
497 2647 582 2681 Θεὸς
603 2647 621 2678 6
639 2647 674 2679 ἐκ
691 2648 748 2689 τῆς
765 2644 862 2690 ἁγίας
883 2645 1052 2689 παρθένου
1072 2644 1321 2690 γεγεννημένος,
1339 2645 1397 2677 ἅτε
1420 2644 1459 2687 δὴ
1481 2646 1608 2688 σαρκὸς
1625 2659 1681 2688 γε·

103 2692 240 2734 γονότος
264 2693 324 2724 τοῦ
343 2693 465 2737 Λόγου,
486 2695 547 2726 οὐκ
571 2695 610 2727 ἂν
635 2693 735 2726 αὐτον
758 2695 980 2736 ἐσταύρωσαν
1001 2693 1032 2725 οἶ
1049 2690 1206 2725 Ἰουδαῖοι
1225 2692 1283 2724 τὸν
1300 2691 1449 2734 Χριστὸν
1473 2690 1681 2735 ἀγνοοῦντες,

105 2737 158 2770 καὶ
181 2737 247 2782 γὰρ
275 2738 375 2772 αὐτὸς
396 2740 414 2770 6
440 2738 563 2783 Κύριος
588 2739 782 2773 ἐσπούδασε
807 2741 934 2781 λαθεῖν,
960 2738 1013 2772 ἵνα
1037 2738 1126 2781 πάθῃ
1151 2737 1276 2780 λαθὼν,
1303 2751 1356 2770 και
1381 2739 1427 2782 τῷ
1453 2737 1526 2782 ἰδίῳ
1547 2737 1683 2781 θανάτῳ

103 2783 315 2827 λυτρώσηται
333 2785 392 2827 τὴν
409 2784 462 2818 ὑπ’
481 2786 634 2828 οὐρανόν.
823 2785 926 2827 6-14.
955 2784 1094 2819 Scholia
1112 2783 1182 2817 duo
1200 2795 1288 2828 quae
1306 2789 1500 2828 sequuntur
1507 2772 1683 2815 exhibent

105 2835 138 2861 et
154 2835 179 2862 t.
198 2836 275 2869 cet„
294 2830 390 2874 prius
408 2842 489 2864 vero
511 2832 556 2865 H.
834 2841 864 2876 7.
889 2830 971 2875 τῶν]
992 2831 1058 2864 εἶσι
1076 2834 1141 2864 τῶν
1158 2836 1183 2863 t.
1203 2836 1267 2863 eet.
1341 2828 1563 2873 κεκρυμμένη]
1588 2833 1624 2867 -†-
1646 2841 1682 2860 τε

106 2874 272 2917 (secunda
290 2876 377 2917 vice)
400 2876 445 2909 H.
698 2890 731 2922 9.
756 2879 946 2922 ὑποφαῖνον
966 2877 1014 2911 H.
1268 2886 1322 2909 21.
1351 2875 1424 2908 Ine.
1443 2877 1507 2907 Τὸν
1532 2874 1684 2918 ψυχικὸν

104 2921 289 2964 ἄνθρωπον,
308 2922 336 2955 εἷ
352 2922 396 2966 μὴ
417 2925 493 2957 νοῦν
509 2924 581 2968 ἔχοι
599 2924 691 2968 (Sic),
711 2925 819 2959 οὐδεὶς
836 2924 972 2958 δύναται
990 2923 1217 2967 συμβιβάσαι·
1245 2924 1283 2956 τὸ
1302 2923 1339 2955 δὲ
1357 2922 1432 2966 (22)
1453 2920 1501 2953 Η,

159 2987 250 3017 VOL.
273 2991 331 3018 111.
860 2991 884 3017 L
905 2978 920 3017 l
