2012 3272
121 122 191 149 xx.
213 121 279 159 22,
300 121 365 163 23.
428 108 502 149 IN
546 108 589 149 S.
618 107 959 149 JOANNEM.
1023 107 1149 148 LIB.
1175 108 1279 149 XII.
1340 109 1472 149 (JAP.
1497 109 1530 150 Ι.
1630 111 1705 150 131

138 218 344 281 (Καίθυς,
372 217 504 268 ἄλλα
542 216 851 283 ἁμαρτωλους
886 241 948 271 εις
983 216 1272 281 μετάνοιαν,”
1299 240 1374 268 και
1409 217 1557 268 πάλιν
1584 225 1609 247 “
1631 219 1706 269 Οὐ
1726 238 1751 278 d
1769 215 1801 247 S.
1770 215 1899 299 ἎξΙΗΟ·

122 300 337 367 “χρειάν
387 300 578 368 ε”χουσιν
629 304 672 351 οἱ
731 300 1014 365 ὑγιαίνοντες
1070 304 1245 366 ἰατροῦ,
1294 302 1404 351 ἀλλ’
1458 304 1500 351 οἱ
1556 306 1707 354 κακῶς

122 387 148 410 “
176 382 376 449 ε,Χῡντες
456 384 532 434 καὶ
571 382 636 433 ἔτι
673 382 793 449 πρὸς
831 382 1010 436 τούτοις
1048 381 1162 434 ποτὲ
1201 382 1284 446 μέν
1311 384 1365 411 ‘⁶
1364 381 1470 433 Ὀτι
1509 383 1708 444 καταβε-
1770 385 1876 424 Supra

1770 427 1813 457 vi.
1833 428 1884 466 38.

122 470 149 493 ‘⁶
174 469 298 528 βηκα
339 467 388 516 ἐκ
426 471 507 516 τοῦ
546 465 745 531 οὐρανοῦ
785 466 871 532 οὐχ
909 466 984 516 ίνα
1022 469 1140 515 ποιῶ
1179 463 1233 514 τὸ
1273 463 1460 529 θέλημα
1502 464 1554 515 τὸ
1597 464 1708 527 ἐμον

122 553 148 576 “
175 546 305 597 ἀλλά
331 547 384 597 τὸ
412 543 599 611 θέλημα
625 552 707 597 τοῦ
733 545 1014 615 πέμψαντός
1050 548 1146 611 με,”
1176 546 1289 598 ποτὲ
1325 546 1374 598 δὲ
1408 546 1557 598 πάλιν
1584 554 1610 577 “
1631 549 1707 598 Οὐ
1770 545 1822 628 {¹32
1838 544 1885 575 iii.

120 635 148 657 “
174 628 268 695 γὰρ
294 629 574 680 ἀπέστειλεν
600 629 625 679 ὁ
652 627 774 683 Θεὸς
809 628 892 679 τὸν
918 628 1016 680 υἱὸν
1042 630 1184 680 αὐτοῦ
1221 633 1282 683 εἷς
1316 628 1398 680 τὸν
1424 628 1607 693 κόσμον
1632 629 1708 680 ἵνα

120 717 147 739 “
173 712 306 779 κρίνῃ
330 710 413 762 τὸν
439 711 640 774 κόσμον,
671 711 780 761 ἀλλ’
810 712 885 762 ἵνα
911 712 1046 779 σωθῇ
1082 712 1107 762 ὁ
1140 710 1319 775 κόσμος
1345 711 1399 760 δι’
1429 712 1618 762 αὑτοῦ.”
1660 714 1708 763 ἐν

118 793 298 859 ὀλίγοις
323 799 573 861 τοιγαροῦν
599 799 694 847 τοῖς
728 793 910 861 ῥήμασι
945 793 1004 845 τὰ
1038 797 1119 858 τῆς
1155 795 1432 858 ἀποστολῆς
1464 795 1703 859 ἐπιτηδεύ-

117 898 243 939 ματα
289 875 519 938 συνελὼν,
559 877 704 929 οὕτως
747 877 1035 928 ἀποστεῖλαί
1077 880 1228 944 φησιν
1267 875 1453 940 αὐτοὺς,
1497 877 1746 944 καθάπερθ

52 977 99 1002 10
118 958 259 1009 αὑτὸν
298 960 323 1010 ὁ
365 958 548 1025 Πατὴρ,
588 958 642 1009 ἵν’
677 960 834 1009 εἰδεῖεν
872 960 1095 1021 ἐντεῦθεν,
1129 960 1191 1011 ὡς
1230 963 1390 1009 καλεῖν
1429 958 1708 1027 ὀφείλουσιν

118 1040 428 1106 ἁμαρτωλοὺς
454 1044 514 1095 εἰς
539 1039 802 1104 μετάνοιαν,
825 1040 1094 1107 θεραπεύειν
1115 1041 1162 1092 δὲ
1188 1039 1294 1094 τοὺς
1321 1045 1474 1095 κακῶς
1501 1041 1708 1109 ἔχοντας,

116 1128 398 1187 σωματικῶς
436 1146 485 1175 τε
519 1125 593 1174 καὶ
628 1128 964 1187 πνευματικῶς,
993 1124 1041 1173 ἐν
1072 1122 1119 1174 δὲ
1152 1127 1253 1176 ταῖς
1288 1127 1383 1173 τῶν
1413 1122 1708 1190 πραγμάτων

116 1206 395 1270 οἰκονομίαις
434 1205 488 1257 τὸ
526 1205 644 1256 ’ίδιον
683 1206 785 1273 οὐχὶ
823 1205 1011 1259 πάντως
1050 1205 1235 1270 θέλημα
1277 1206 1439 1272 ζητεῖν,
1478 1205 1608 1256 ἀλλὰ
1652 1204 1705 1257 τὸ

115 1295 199 1340 τοῦ
233 1288 620 1351 ἀποστείλαντος,
648 1287 814 1353 σώζειν
844 1311 894 1339 τε
929 1287 1139 1338 καθόσον
1170 1287 1400 1355 ἐνδέχεται
1435 1292 1535 1342 ταῖς
1571 1291 1700 1339 διδα-

49 1392 96 1431 15
116 1371 338 1425 σκαλιάις
376 1371 459 1421 τὸν
495 1368 691 1433 κόσμον.
750 1373 825 1421 καὶ
865 1376 981 1436 γοῦν
1017 1369 1093 1420 διὰ
1130 1370 1310 1420 τούτων
1343 1369 1565 1421 ἁπάντων
1599 1373 1701 1421 δια-

114 1455 308 1520 πρέπειν
353 1452 711 1519 σπουδάζοντας
756 1455 832 1503 καὶ
881 1451 1048 1505 αὐτοὺς
1092 1450 1351 1518 εὑρήσομεν
1393 1451 1498 1506 τοὺς
1546 1453 1706 1518 ἁγίους

114 1535 343 1600 μαθητὰς,
385 1537 461 1586 καὶ
504 1536 528 1585 ὁ
571 1538 653 1599 τῆς
697 1536 1029 1605 πληροφορίας
1069 1533 1213 1589 πόνος
1258 1536 1311 1585 οὐ
1356 1533 1507 1588 πολὺς
1545 1540 1612 1604 τῷ
1652 1558 1706 1601 γε

114 1616 250 1687 ἅπαξ
284 1617 549 1685 ἐγκύψαντι
587 1621 646 1684 τῇ
684 1621 779 1668 τῶν
812 1616 1032 1686 πράξεων
1066 1620 1330 1686 συγγραφῇ
1368 1619 1444 1667 καὶ
1484 1622 1585 1671 ταῖς
1622 1622 1705 1669 τοῦ
1722 1632 1924 1667 a1095A.

114 1703 250 1769 ἁγίου
278 1702 479 1753 Παύλου
505 1706 700 1771 φωναῖς.

45 1862 95 1888 20
119 1856 193 1898 Καὶ
235 1859 363 1898 τοῦτο
406 1855 541 1898 εἰπὼν
581 1856 823 1914 ὲνεφύσΗσε
868 1856 937 1898 καὶ
986 1858 1098 1905 λὲΓει
1147 1854 1292 1899 αὐτοῖς
1330 1856 1488 1906 Λάβετε
1527 1856 1700 1904 Πνεῦμα
1722 1874 1769 1900 22

171 1939 332 1987 ”ΑΓιον.
392 1939 442 1981 ἄν
479 1956 607 1982 τινων
645 1941 785 1996 ἀφῆτε
822 1940 899 1982 τὰς
937 1939 1161 1997 ἁμαρτίας,
1200 1939 1400 1997 ἀφίενται
1437 1936 1596 1981 αὐτοῖς·
1652 1938 1702 1979 ἄν
1725 1955 1772 1991 23

180 2038 308 2065 τινων
348 2026 546 2081 κρατι-ἳτε,
585 2024 883 2082 κεκράτΗνται.

187 2136 449 2205 Λαμπροὺς
488 2137 736 2207 ἀποφήνας
775 2140 842 2206 τῷ
881 2136 1079 2207 μεγάλῳ
1117 2139 1200 2200 τῆς
1241 2138 1518 2200 ἀποστολῆς
1554 2135 1700 2204 ἀξιώ-

112 2241 238 2283 ματι,
273 2222 349 2269 καὶ
386 2223 481 2270 τῶν
520 2219 655 2270 θείων
693 2219 1061 2285 θυσιαστηρίων,
1102 2218 1314 2284 καθάπερ
1352 2218 1472 2287 ε”φην
1510 2218 1699 2284 ἀρτίως,

46 2315 93 2354 25
113 2301 383 2365 οἰκονόμους
419 2324 469 2352 τε
504 2303 580 2352 καὶ
617 2300 882 2368 ἱερουργοῦς
917 2301 1174 2370 ἀναδείξας,
1201 2300 1375 2368 ἁγιάζει
1411 2303 1746 2369 παραχρῆμαῑ)

111 2382 166 2434 τὸ
204 2382 321 2434 ’ίδιον
360 2384 516 2437 αὐτοῖς
551 2387 748 2446 Πνεῦμα
787 2382 940 2437 διδοὺς
979 2383 1034 2433 δι’
1062 2383 1300 2452 ἐμφανοῦς
1337 2382 1699 2451 ἐμφυσήματος,

111 2464 188 2515 ἵνα
225 2467 302 2516 καὶ
340 2466 470 2529 ἡμεῖς
508 2465 750 2532 ἀραρότως
788 2465 1084 2529 πιστεύωμεν
1117 2468 1179 2519 ὡς
1215 2466 1298 2516 οὐκ
1333 2465 1591 2532 ἀλλότριον
1621 2470 1705 2515 τοῦ

112 2550 231 2598 Υἱοῦ
265 2546 320 2597 τὸ
345 2545 519 2613 ΓἈγιον
547 2546 745 2612 Πνεῦμοί
779 2549 924 2609 ἐστιν,
952 2547 1064 2598 ἀλλ’
1094 2547 1348 2612 ὀμοούσιον
1375 2548 1514 2616 αὐτῷ,
1542 2548 1617 2598 καὶ
1646 2548 1700 2597 δι’

113 2629 255 2680 αὐτοῦ
280 2627 448 2695 προϊὸν
473 2627 527 2681 τὸ
562 2630 612 2680 ἐκ
646 2635 729 2680 τοῦ
760 2628 966 2696 Πατρός.
1021 2629 1165 2699 ἔδειξε
1189 2629 1237 2681 δὲ
1264 2628 1335 2680 ὅτι
1362 2634 1457 2682 τοῖς
1484 2632 1547 2683 εἷς
1573 2629 1702 2679 θείαν

44 2729 95 2765 30
114 2712 394 2776 ἀποστολὴν
443 2712 497 2762 δι’
547 2712 689 2763 αὐτοῦ
738 2711 1160 2779 προχειριζομένως
1211 2713 1239 2776 ἡ
1289 2717 1371 2763 τοῦ
1424 2710 1701 2774 Πνεύματος

114 2792 246 2848 δόσις
284 2794 549 2858 ἀναγκαίως
589 2795 852 2846 ἀκολουθεῖ.
905 2795 982 2845 καὶ
1021 2792 1097 2845 διὰ
1133 2795 1274 2845 ποίαν
1299 2794 1480 2853 αἰτίαν;
1510 2793 1574 2842 γοὐ
1608 2790 1701 2856 γὰρ

208 2932 263 2955 22.
289 2920 522 2967 κεκράτηνται]
543 2922 596 2956 καὶ
615 2922 792 2967 κράτηνται
813 2922 854 2956 Ε.
1172 2933 1297 2967 23—p.
1315 2932 1391 2964 141,
1415 2930 1453 2952 12
1473 2919 1554 2952 citat
1572 2929 1606 2962 p.

876 2993 894 3020 s
918 2981 942 3013 2
