2012 3272
86 146 170 187 xxi.
196 146 286 186 1-6.
342 145 415 184 IN
461 146 503 185 S.
538 143 875 185 JOANNEM.
938 143 1063 183 LIB.
1098 142 1202 184 XII.
1264 144 1399 183 CAP.
1434 144 1469 183 1.
1591 144 1670 182 157

87 255 235 304 καίτοι
267 250 318 304 δι’
347 254 449 314 ’ὅλης
476 253 799 307 κεκοπιακότες
831 253 905 312 τῆς
940 254 1104 307 νυκτός.
1156 252 1325 321 πρωίας
1359 249 1404 302 δὲ
1436 249 1509 310 ἤδη
1545 274 1667 315 γενο-

87 336 225 404 μένης,
266 336 530 404 ἀρξαμένου
579 336 626 386 δὲ
673 336 760 399 ἤδη
801 338 1064 402 διαχεῖσθαι
1104 334 1263 402 φωτὸς
1302 337 1376 384 καὶ
1418 335 1499 396 τῆς
1538 333 1673 396 ἡλίου

87 421 250 482 βολῆς,
280 418 378 477 ἔστη
404 420 566 478 Ἰησοῦς
602 418 673 468 ἐπὶ
713 418 779 468 τὶν
815 418 1041 483 αἰγιαλόν.
1098 419 1139 466 οἱ
1166 415 1213 466 δὲ
1241 416 1323 465 οὐκ
1357 414 1535 482 ᾔδεσαν
1565 413 1669 477 μὲν,

87 499 158 550 ὅτι
192 523 281 566 περ
316 500 453 553 αὑτός
486 501 602 551 ἐστι.
656 502 930 566 διερωτῶντι
965 497 1114 564 γεμὴν
1150 501 1224 548 καὶ
1260 497 1447 562 λέγοντι
1483 495 1547 560 μὴ
1583 493 1675 561 ἀρά

44 598 67 636 5
88 604 131 632 τι
158 586 251 631 τῶν
278 586 340 635 εἷς
373 582 601 648 τραπέζης
641 581 903 632 τελούντων
939 581 1097 648 χρείαν
1124 580 1236 630 εἵσω
1275 579 1438 645 γέγονε
1479 578 1676 628 δικτύων

88 664 256 725 αὐτοῖς,
306 663 436 714 οὐδὲν
481 663 533 714 τὸ
578 662 804 730 παράπαν
850 662 1089 730 εἰληφέναι
1137 661 1301 729 φασίν.
1356 659 1454 711 εἶτα
1499 658 1675 710 κελεύει

88 749 293 796 καθεῖναι
319 744 363 796 τό
391 742 557 797 δίκτυον
584 751 642 800 εἰς
668 745 771 814 μέρη
797 747 867 796 τοῦ
893 747 1048 796 πλοίου
1076 742 1136 795 τέι
1164 742 1304 812 δεξιαί·
1361 746 1402 793 οὶ
1429 741 1484 793 δέ
1507 741 1675 792 Καίτοι

88 827 164 878 διὰ
206 826 368 882 νυκτὸς
411 827 526 892 ὅλης
568 827 762 881 εἰκαίους
809 849 857 877 τε
902 829 976 876 καὶ
1023 825 1274 889 ἀνονήτους
1317 822 1677 887 δαπανήσαντες

88 908 273 971 πόνους,
316 911 388 960 ἐπὶ
436 908 496 978 τῷ
549 915 613 979 σῷ
658 910 816 978 ῥήματι
869 908 1244 974 σαγηνεύσομεν,
1286 907 1456 975 φασίν.
1525 905 1578 956 οὗ
1620 904 1723 968 δὴά

23 1015 71 1040 10
90 991 338 1057 δρωμένου,
370 990 456 1055 τὴν
488 995 582 1042 τῶν
621 991 915 1041 ἀνελκόντων
950 989 1091 1056 ἰσχὺν
1129 987 1336 1054 ἐβιάζετο
1375 986 1544 1039 λοιπὸν
1583 991 1677 1037 τῶν

88 1074 414 1138 τεθηραμένων
439 1072 493 1124 τὸ
519 1072 680 1139 βαρός.

163 1157 312 1206 Ταυτὶ
351 1154 437 1218 μὲν
476 1156 556 1206 οὖν
595 1156 705 1219 ἡμῖν
741 1157 765 1206 ὁ
801 1155 1058 1208 θεσπέσιος
1093 1152 1459 1219 Εὐαγγελιστὴς
1496 1152 1670 1221 ἐξηγή-

89 1256 228 1288 σατο·
283 1236 439 1301 ἐπειδὴ
467 1236 514 1288 δὲ
549 1238 718 1298 ἀρτίως
757 1237 992 1303 ἐλέγομεν,
1022 1239 1083 1290 ὡς
1110 1235 1186 1287 διὰ
1219 1235 1499 1301 πράγματος
1536 1237 1674 1301 ε’ναρ-

89 1319 326 1385 γεστοίτου
351 1342 399 1370 τε
427 1320 537 1370 λίαν
563 1321 638 1370 καὶ
664 1319 1002 1380 τετελεσμένον
1034 1318 1153 1369 κατὰ
1177 1317 1402 1381 ἀλήθειαν
1427 1324 1672 1383 πεπληρο-

24 1424 71 1463 15
92 1402 298 1469 φόρηκεν
334 1403 358 1452 ὁ
388 1401 555 1468 Σωτὴρ
589 1402 697 1455 τοὺς
732 1401 892 1467 ἁγίους
928 1399 1230 1454 ἀποστόλους
1263 1400 1333 1450 ὅτι
1365 1399 1421 1463 δὴ
1455 1398 1678 1464 μέλλοιεν

91 1484 287 1534 ε”σεσθαι
337 1482 457 1534 κατὰ
507 1483 592 1547 τὴν
642 1483 784 1534 αὑτοῦ
836 1481 999 1551 φωνὴν
1043 1483 1188 1536 ἁλιεῖς
1239 1481 1516 1548 ἀνθρώπων,
1564 1481 1677 1550 φέρε

90 1564 409 1630 μεθιστάντες,
451 1568 512 1618 ὡς
560 1565 641 1627 ἔνι,
691 1569 849 1619 καλῶς
890 1568 952 1618 εἷς
998 1564 1220 1629 ἀληθείας
1261 1563 1475 1628 δήλωσιν
1515 1562 1574 1614 τὰ
1616 1566 1677 1617 ὡς

90 1649 139 1698 ἐν
165 1647 297 1716 τύπῳ
328 1646 689 1713 πεπληρωμένα,
716 1651 812 1699 τοῖς
850 1652 933 1698 τοῦ
974 1649 1195 1712 Σωτῆρος
1234 1645 1396 1711 λόγοις
1432 1643 1675 1711 μαρτυρή-

91 1752 253 1792 σωμεν
296 1728 382 1793 τὴν
426 1727 663 1793 ἀλήθειαν,
705 1728 884 1779 ἕκαστα
923 1727 971 1779 δὲ
1009 1732 1103 1779 τῶν
1142 1727 1407 1793 γεγονότων
1455 1726 1575 1777 κατά
1624 1750 1679 1791 γε

23 1837 73 1862 20
92 1811 146 1863 τὸ
190 1813 429 1878 ἐγχωροῦν
473 1809 822 1878 διαπτύξαντες,
866 1813 1154 1876 πειραθῶμεν
1198 1814 1295 1862 τοῖς
1340 1808 1680 1877 ἐντευξομένοις

93 1893 285 1959 θεωρίας
322 1895 633 1955 πνευματικῆς
671 1892 725 1942 οὐ
760 1892 963 1958 μετρίας,
997 1893 1058 1945 ὡς
1097 1892 1289 1960 ἐγῷμαι,
1317 1890 1401 1944 τὰς
1437 1890 1674 1960 ἀφορμάς·

93 1975 287 2025 ((Δίδου
324 1972 418 2040 γὰρ
457 1976 600 2042 σοφῷ
639 1971 874 2041 ἀφορμὴν,
911 1974 986 2023 καὶ
1025 1973 1301 2041 σοφώτερος
1341 1973 1493 2023 ἔσται·
1548 1972 1674 2038 γνώ·

94 2063 120 2086 “
146 2055 238 2122 ριζε
277 2056 449 2124 δικαίῳ,
489 2057 564 2106 καὶ
606 2053 877 2120 προσθήσει
921 2061 1004 2105 τοῦ
1043 2055 1310 2122 δε’χεσθαι.”
1364 2052 1490 2118 οἶμαι
1525 2055 1680 2105 τοίνυν

95 2137 166 2188 ὅτι
201 2136 255 2188 τὸ
294 2135 369 2188 διὰ
404 2135 568 2190 νυκτὸς
605 2135 689 2199 μὲν
715 2135 830 2200 ὅλης
857 2137 1074 2186 ἁλιεῦσαι
1101 2134 1207 2189 τοὺς
1233 2135 1462 2201 μαθητὰς,
1488 2135 1553 2200 μὴ
1588 2134 1682 2199 μὴν

25 2240 74 2279 25
94 2219 215 2269 ἑλεῖν
248 2241 292 2269 τι
322 2222 581 2281 παντελῶς,
610 2218 806 2271 εἰκαίους
845 2217 893 2268 δὲ
931 2219 1200 2281 ἀνατλῆσαι
1238 2216 1423 2280 πόνους,
1464 2217 1682 2282 σημαίνει

94 2323 138 2351 τι
164 2306 389 2358 τοιοῦτον,
419 2299 490 2351 ὅτι
515 2304 610 2353 τοῖς
637 2304 731 2350 τῶν
758 2300 1073 2367 ἀρχαιοτέρων
1100 2299 1405 2350 διδασκάλων
1432 2298 1679 2365 κηρύγμα-

95 2404 176 2433 σιν
215 2380 377 2432 οὐδένα
415 2381 468 2432 τὸ
506 2380 733 2446 παράπαν
765 2380 1169 2444 ἀναπεπεισμένον
1202 2380 1478 2446 εὑρήσομεν,
1505 2382 1581 2431 καὶ
1620 2384 1683 2434 εἷς

95 2463 149 2514 τὸ
191 2463 376 2517 τελείως
427 2463 629 2530 ἀρέσκον
680 2467 745 2532 τῷ
790 2467 899 2532 Θεῷ
944 2462 1370 2528 σεσαγηνευμένον,
1416 2461 1445 2533 ἢ
1491 2463 1682 2527 ὀλίγους

97 2548 277 2609 κομιδῆ.
332 2547 380 2595 ἐν
422 2545 514 2614 'lo-cp
553 2543 602 2595 δὲ
640 2546 707 2614 τῷ
744 2547 906 2608 μηδενὶ
940 2543 994 2595 τὸ
1033 2543 1228 2612 σφόδρα
1265 2543 1438 2611 βραχὺ,
1479 2542 1593 2594 ὅταν
1632 2545 1683 2594 ἐκ

31 2653 80 2689 3ο
96 2632 286 2678 πολλοῦ
325 2626 541 2689 μα’λιστα
582 2625 898 2690 λαμβάνηται.
959 2625 1112 2680 πολὺς
1154 2624 1202 2676 δὲ
1248 2625 1305 2689 δὴ
1346 2626 1455 2676 λίαν
1496 2626 1521 2676 ὁ
1563 2624 1683 2675 κατὰ

98 2713 260 2760 πᾶσαν
291 2708 376 2773 τὴν
403 2707 670 2774 οἰκουμένην
696 2708 945 2774 ἄνθρωπος
978 2712 1148 2759 νοεῖται
1181 2705 1471 2773 πρεπόντως.
1521 2708 1570 2758 τί
1601 2707 1683 2756 οὖν

148 2911 179 2945 3.
206 2901 305 2948 ἔστη]
330 2906 365 2943 —st-
388 2904 406 2936 ὁ
424 2902 466 2936 Ε.
735 2910 788 2947 17.
814 2901 859 2937 ὡς
875 2901 934 2934 alt.
953 2906 1177 2947 assumptum
1195 2912 1236 2935 ex
1255 2900 1298 2935 E.
1567 2904 1622 2941 25-
1649 2909 1682 2929 n

102 2954 320 2993 assumptum
338 2960 379 2983 ex
397 2949 439 2983 E.
695 2959 755 2994 30.
779 2947 819 2992 δὴ
837 2959 907 2983 om.
925 2947 971 2983 E.

1742 1977 1842 2009 Prov.
1861 1977 1906 2008 ix.

1701 2248 1723 2272 a
1741 2239 1839 2273 1114
1855 2238 1910 2273 A.
