2012 3272
112 146 238 197 vii-8,
262 160 323 189 10.
386 147 454 188 IN
491 148 576 190 ΕΡ.
607 147 641 189 I.
679 147 761 188 AD
799 146 1184 189 CORINTHIOS.
1238 146 1352 187 LIB.
1386 145 1470 186 ΠΙ.
1611 145 1694 185 269
1816 208 1853 238 Ἢ

187 258 280 306 Καὶ
319 262 457 307 τοῦτο
488 261 549 310 εἰς
581 256 708 308 ἅπαν
746 257 837 324 ἔχει
877 279 922 307 τι
960 261 1170 306 τοιοῦτον
1209 257 1284 306 καὶ
1317 257 1345 319 ἡ
1388 254 1506 306 κατὰ
1548 252 1692 317 νόμον
1730 208 1827 249 [58.
1858 207 1895 248 ¹]

110 336 239 387 σκιά·
283 338 577 405 προστέταχε
612 337 696 402 μὲν
722 338 815 403 γὰρ
843 337 949 391 τοὺς
982 342 1076 388 τῶν
1105 341 1284 387 θυσιῶν
1311 341 1547 388 ποιεῖσθαι
1579 335 1688 401 τρό-

110 441 226 472 πους
264 424 327 473 εἷς
353 418 498 488 δόξαν
529 424 664 482 Θεοῦ,
692 425 830 470 τοῦτο
869 418 954 480 μὲν
986 418 1101 483 ὑπὲρ
1133 419 1363 484 ἁμαρτίας
1401 421 1477 469 καὶ
1516 420 1689 483 ἀγνοη-
1781 428 1805 453 ⁸

109 499 287 563 μάτων,
318 507 456 552 τοῦτο
495 500 542 552 δὲ
580 506 641 555 εἷς
681 499 978 567 καθαρισμὸν
1016 503 1090 551 καὶ
1127 500 1386 569 ἀπόρῥιψιν
1423 500 1588 567 ῥύπου,
1621 501 1696 550 καὶ

68 597 90 635 5
111 580 205 645 μὴν
243 584 317 633 καὶ
353 582 435 636 τὰς
474 584 522 633 ἐν
549 583 786 652 σαββάτῳ
821 582 904 636 τὰς
944 582 1064 633 κατὰ
1103 583 1369 646 νουμηνίαν,
1396 581 1479 635 τὰς
1517 583 1566 631 ἐν
1596 586 1698 635 ταῖς

110 665 304 730 ἑορταῖς·
358 665 482 733 ἠφίει
512 664 660 729 γεμὴν
691 663 810 730 πρὸς
844 665 1023 718 τούτοις
1063 667 1138 715 καὶ
1170 663 1527 730 ἑκουσιάζεσθαί
1554 687 1696 725 τινας,

110 746 326 796 τουτέστι
369 747 700 813 προσκομίζειν
747 750 870 816 Θεῷ·
930 746 989 797 τὰ
1030 747 1223 796 ἑκούσια
1265 745 1312 796 δὲ
1355 751 1503 796 ταῦτα
1549 745 1691 810 ἦσαν·

111 826 170 877 τὰ
209 827 323 893 ὑπὲρ
348 826 430 879 τὸν
458 828 613 892 νόμον,
642 831 703 882 ὡς
742 829 799 897 ἐξ
825 830 1006 894 ἀγαθῆς
1045 830 1119 879 καὶ
1160 827 1387 895 φιλοθέου
1426 829 1697 896 φιλοτιμίας

112 910 298 976 καρποί·
353 909 464 960 ἀλλ’
493 910 549 974 ἦν
581 910 665 972 μὲν
696 912 748 961 οὐ
780 910 908 974 θέμις
940 915 1034 961 τῶν
1073 912 1121 960 ἐν
1160 910 1287 978 νόμῳ
1326 909 1699 975 διατεταγμένων

46 1013 94 1038 10
111 993 381 1060 ῥᾳθυμῆσαι
409 997 599 1043 θυσιῶν·
652 993 839 1043 ἐπαίνου
877 992 1025 1058 γεμὴν
1055 992 1215 1061 ἀξίους
1253 992 1409 1056 ἡγεῖτο
1437 990 1557 1045 Θεὸς
1589 990 1698 1045 τοὺς

111 1075 452 1139 προστιθέντας
489 1076 672 1129 ἐκείνοις
706 1073 765 1125 τὰ
795 1075 974 1126 οἴκοθέν
1004 1097 1053 1125 τε
1093 1077 1168 1125 καὶ
1207 1073 1301 1125 ἀπὸ
1340 1073 1530 1139 γνώμης
1563 1074 1696 1127 ἰδίας.

111 1155 250 1207 τοῦτό
287 1179 331 1207 τι
370 1157 446 1207 καὶ
477 1162 558 1207 νῦν
595 1157 985 1226 ἐξῳκονομῆσθαί
1008 1161 1178 1223 φαμεν·
1234 1157 1317 1206 οὐκ
1356 1156 1575 1224 ἀπέφησε
1613 1156 1699 1218 μὲν

113 1237 206 1303 γὰρ
248 1239 273 1288 6
318 1237 532 1303 Χριστὸς
578 1238 630 1290 τὸ
676 1239 803 1305 εἴπερ
844 1262 912 1292 τις
954 1237 1109 1289 ἕλοιτο
1153 1240 1228 1289 καὶ
1275 1241 1357 1302 τῆς
1397 1237 1516 1288 κατὰ
1555 1236 1699 1301 νόμον

114 1317 349 1370 ἅπτεσθαι
377 1321 630 1374 κοινωνίας·
677 1326 935 1386 κατορθοῦν
962 1321 1009 1371 δὲ
1035 1321 1088 1371 τὸ
1114 1319 1267 1385 μεῖζον
1294 1320 1412 1383 ἡμᾶς
1440 1320 1699 1387 ἀπείρξειεν

48 1417 93 1456 15
115 1401 171 1454 ἂν
198 1402 342 1465 οὐδὲν,
370 1406 407 1453 εἷ
433 1406 514 1467 τῆς
541 1406 602 1456 εἷς
639 1403 780 1472 λῆξιν
804 1403 1011 1457 εὐκλείας
1043 1407 1397 1465 μεταποιεῖσθαι
1424 1400 1695 1466 σπουδάζο-

115 1508 214 1547 μεν.
265 1485 438 1551 ἅριστα
474 1486 554 1536 οὖν
581 1487 605 1535 ὁ
635 1489 829 1538 Παῦλος
864 1486 990 1551 λε’γει
1025 1484 1108 1548 μὲν
1135 1488 1222 1540 τοῖς
1255 1485 1461 1552 ἀγάμοις
1493 1490 1570 1535 καὶ
1600 1487 1701 1538 ταῖς

116 1568 285 1635 χήραις,
317 1565 454 1618 καλεῖν
487 1571 634 1623 αὐτοῖς
667 1566 738 1618 ἐὰν
764 1570 961 1635 μείνωσιν
996 1570 1052 1622 ὡς
1088 1567 1236 1632 κάγώ·
1281 1569 1368 1620 τοῖς
1402 1562 1446 1617 δὲ
1479 1588 1696 1632 γεγαμη-

118 1652 215 1700 κόσι
242 1648 563 1717 παραγγέλλω
592 1653 667 1700 οὐκ
695 1649 783 1715 ἐγὼ
809 1653 919 1700 ἀλλ’
949 1655 965 1701 ὁ
996 1649 1158 1717 Κύριος,
1186 1651 1260 1698 καὶ
1287 1647 1345 1698 τὰ
1372 1648 1493 1716 ἑξῆς·
1541 1671 1696 1712 παρα·

115 1730 284 1797 κομίζει
323 1730 370 1781 δὲ
410 1735 470 1784 εἷς
507 1730 812 1782 ὑποτύπωσιν
838 1734 920 1795 τῆς
954 1730 1280 1799 ἐξειλεγμένης
1312 1732 1388 1780 καὶ
1426 1728 1694 1794 ἀπερισπά-

47 1836 96 1861 20
116 1836 236 1863 στου
271 1813 386 1879 ζωῆς
425 1811 484 1863 τὰ
524 1814 631 1863 καθ’
666 1811 844 1875 ἑαυτὸν,
881 1812 1071 1865 πάντως
1109 1835 1203 1863 που
1245 1811 1331 1875 τὴν
1373 1811 1579 1876 ἀγαμίαν
1619 1816 1703 1861 τοῦ

116 1894 271 1960 ἑτέρου
309 1896 512 1961 προθείς.
554 1896 720 1945 οὐκοῦν
745 1898 782 1945 εὶ
815 1897 891 1945 καὶ
926 1893 1199 1946 ἀπεδύσατό
1232 1917 1301 1948 τις
1334 1892 1416 1944 τὸν
1443 1899 1526 1944 τοῦ
1558 1891 1703 1955 νόμου

116 1976 268 2043 ζυγὸν,
295 1977 469 2039 μενέτω
501 1979 652 2045 φησὶν
679 1978 728 2028 ἐν
756 1976 1018 2045 ἐγκρατείᾳ·
1068 1975 1417 2042 κληρονομήσει
1452 1975 1546 2042 γὰρ
1581 1976 1703 2026 οὕτω

115 2057 201 2122 τὴν
235 2063 330 2108 τῶν
360 2059 569 2124 οὐρανῶν
606 2058 876 2119 βασιλείαν.
926 2062 1001 2110 καὶ
1039 2058 1335 2110 πιστώσεται
1369 2058 1525 2123 λέγων
1552 2059 1576 2108 ὁ
1608 2061 1703 2108 τῶν

116 2139 368 2208 στεφάνων
418 2141 659 2204 διανομεύς
703 2148 731 2170 “
751 2139 876 2192 Τάδε
928 2141 1056 2206 λε’γει
1103 2140 1277 2206 Κύριος
1325 2145 1422 2193 τοῖς
1467 2139 1700 2207 εὐνούχοις
1720 2157 1926 2197 Es.1vi.4÷5.

115 2296 198 2340 γοῦν
207 2293 245 2328 ‘O
259 2294 438 2339 δυνάμενος
455 2296 577 2339 χωρεῖν
590 2294 754 2339 χωρείτω·
781 2293 863 2337 ὅπερ
876 2294 1004 2329 εἰδὼςε
989 2309 1006 2327 ο
1023 2296 1154 2329 παῦλος
1171 2295 1241 2329 τοῖς
1257 2292 1481 2336 βουλομένοις
1498 2292 1557 2336 τὴν
1573 2294 1701 2327 τελειο-

115 2341 216 2384 τέραν
231 2341 405 2375 πολιτείαν
421 2343 634 2386 ψηλαφῆσαι
658 2342 891 2387 παραγγέλλει
916 2343 1027 2381 τοῦτο,
1046 2341 1088 2376 ὡς
1113 2341 1157 2384 μὴ
1184 2341 1334 2374 κωλυθέν
1357 2340 1422 2374 ἀπὸ
1441 2341 1604 2383 Χριστοῦ,
1622 2339 1700 2373 ἀλλ’

117 2402 152 2421 εν
169 2390 208 2431 τῇ
235 2392 301 2421 τῶν
317 2388 534 2431 βουλομένων
550 2389 664 2433 γνώμῃ
682 2388 789 2422 τεθέν.
823 2402 876 2421 και
900 2388 1045 2433 παράγει
1070 2388 1117 2422 εἷς
1142 2388 1251 2421 εἷκονα
1276 2388 1333 2430 τῆς
1359 2386 1591 2431 ἐξειλεγμένης
1618 2387 1703 2430 ζωῆς

116 2435 158 2467 τὰ
183 2433 254 2468 καθ’
272 2435 390 2468 ἑαυτὸν
414 2435 473 2477 τὴν
498 2434 641 2479 ἀγαμίαν
658 2436 676 2467 6
694 2437 797 2477 τιμῶν
813 2437 873 2468 τοῦ
898 2435 1008 2479 γάμου
1026 2435 1079 2467 καὶ
1104 2434 1163 2477 τὴν
1182 2435 1265 2478 μετὰ
1289 2434 1398 2478 γάμον
1422 2434 1481 2477 τὴν
1506 2433 1702 2490 ἐγκράτειαν

120 2481 214 2525 (sic)·
241 2482 294 2514 καὶ
317 2480 565 2524 συμβουλευειν
581 2483 653 2516 ταῖς
677 2480 796 2525 χήραις
816 2481 926 2524 μένειν
944 2481 1071 2525 καθαρὰ
1090 2481 1169 2525 (Slc)
1187 2481 1240 2514 καὶ
1258 2480 1356 2516 αὐτὸς
1372 2481 1468 2524 ἅγιος
1485 2494 1537 2513 και
1557 2480 1702 2523 καθαρὸς

118 2530 189 2563 ταῖς
211 2529 269 2571 τῆς
290 2529 414 2570 σαρκὸς
442 2527 574 2570 ἡδοναῖς
599 2528 662 2572 οὐχ
689 2527 885 2571 ἡττώμενος,
904 2528 1015 2570 δείξας
1040 2526 1321 2571 ἀξιοπιστότερον
1345 2528 1403 2570 τῆς
1428 2527 1621 2571 ἐγκρατείας
1643 2528 1702 2560 τὸν

117 2574 254 2615 μισθόν.
287 2574 315 2607 εἶ
340 2574 376 2608 δέ
402 2574 538 2608 ἀσθενεῖ
562 2589 612 2609 τις
637 2574 683 2609 εἷς
708 2574 914 2619 ἐγκράτειαν,
936 2573 1106 2616 ἐπιτρεπει
1131 2575 1190 2608 τὸν
1210 2574 1245 2607 ἐν
1264 2574 1375 2619 Κυρίῳ
1400 2575 1520 2618 γάμον,
1539 2575 1702 2617 κρεῖσσον

118 2635 200 2654 ειναι
224 2620 335 2665 λέγων
359 2621 398 2654 τὸ
420 2623 539 2666 γαμεῖν
561 2620 579 2664 ἢ
603 2622 806 2664 πυροῦσθαι.
838 2621 866 2654 εἶ
888 2621 953 2666 γὰρ
980 2620 1138 2663 μέλλοιεν
1165 2635 1252 2655 τινες
1278 2622 1317 2663 τῇ
1345 2623 1411 2654 τῶν
1437 2619 1564 2663 ἡδονῶν
1590 2620 1702 2664 φλογὶ

117 2667 254 2702 εαυτοὺς
279 2667 429 2701 ἐκδοῦναι
455 2669 508 2700 καὶ
533 2682 580 2702 εις
604 2667 764 2707 ἀσέβειαν
781 2667 956 2710 ἐμπίπτειν
974 2667 1027 2701 διὰ
1044 2668 1082 2701 τὸ
1105 2667 1148 2711 μὴ
1168 2666 1331 2700 δύνασθαι
1350 2667 1546 2710 κατορθοῦν,
1564 2666 1702 2704 βέλτιον

118 2713 369 2758 ἐπικουρεῖσθαι
393 2716 440 2759 τῷ
460 2715 554 2770 νόμῳ
581 2729 632 2747 και
660 2714 939 2757 ἀνεπίπληκτον
929 2715 1020 2758 ἐχειν
1045 2715 1102 2757 τῆς
1127 2714 1302 2748 ἀσθενείας
1327 2715 1365 2746 τὸ
1390 2714 1581 2758 φάρμακον,
1600 2714 1703 2756 ἤγουν

117 2759 394 2794 ὑποπλάττεσθαι
426 2760 487 2804 μὲν
518 2761 578 2800 τὴν
611 2760 816 2804 εγκράτειαν,
846 2761 890 2803 μὴ
920 2761 983 2803 μὴν
1016 2760 1064 2794 ἔτι
1095 2763 1148 2793 καὶ
1181 2759 1344 2794 δύνασθαι
1377 2760 1573 2803 κατορθοῦν
1588 2758 1699 2800 αὐτήν·

119 2807 204 2841 Θεὸς
219 2807 285 2851 γὰρ
303 2807 341 2840 οὐ
358 2806 600 2850 μυκτηρίζεται.
629 2806 864 2850 ὀρθοπόδησον
887 2806 946 2841 οῦν
962 2806 1128 2841 εὐσθενῶς
1150 2807 1196 2842 εἷς
1216 2807 1411 2851 ἐγκράτειαν
1427 2808 1530 2851 ἤγουν
1547 2805 1701 2848 ἐρυθριά-

119 2867 183 2887 σας
207 2853 314 2893 οὐδέν,
334 2854 495 2897 ὁμολόγει
520 2854 573 2887 διὰ
590 2855 649 2887 τοῦ
674 2854 784 2898 γάμου
806 2855 845 2887 τὸ
868 2853 1019 2888 ἀσθενές·
1047 2853 1256 2898 ἀποδέχομαι
1281 2867 1347 2898 γαρ
1373 2854 1476 2887 νόσον
1501 2853 1702 2895 συγγνώμης

117 2898 314 2943 ἆξεουμένην
331 2899 348 2943 ἢ
368 2899 520 2942 ἀνδρείας
538 2900 677 2942 δόκησιν
693 2902 760 2944 πῦρ
779 2899 925 2944 ἐχούσης
943 2901 980 2933 τὸ
999 2899 1108 2934 τέλος.
1132 2900 1178 2934 H.
1530 2908 1580 2930 12.
1607 2911 1637 2930 τι
1657 2897 1699 2930 Α,

119 2958 168 2977 τοι
189 2945 253 2980 Ed.
