2012 3272
136 144 220 193 η.
454 143 521 184 IN
562 142 903 184 EPISTOLAM
944 143 1026 183 AD
1070 141 1402 183 HEBRAEOS.
1636 140 1713 180 371

1744 208 1930 252 [107M-]

1661 251 1680 260 n

134 249 300 316 εἰρήκει
326 252 549 317 γενόμενος
576 252 650 301 καὶ
674 251 958 315 ἐσιώπησεν,
982 250 1040 315 ἧν
1062 248 1309 318 πρόφασις
1334 253 1430 301 τοῖς
1456 248 1716 313 Ἀρειανοις·

134 333 229 382 ἐπεὶ
268 331 315 382 δὲ
356 331 475 383 Υὶὸν
512 334 772 399 προείρηκε,
812 334 867 383 δι’
903 332 1019 396 ὅλης
1057 335 1138 395 τῆς
1178 333 1433 397 περικοπῆς
1471 328 1722 396 ἀποδείξας

133 413 275 464 αὐτὸν
301 414 456 464 ἄλλον
482 412 595 464 εἶναι
619 419 713 464 τῶν
739 418 961 480 γενητῶν,
987 414 1089 464 οὐδὲ
1124 413 1178 464 τὸ
1217 410 1442 481 γενόμενος
1480 413 1719 462 ἀπολελυ-

133 495 281 556 μένως
306 495 479 559 ἔθηκεν,
506 495 636 546 ἀλλὰ
660 495 714 547 τὸ
744 500 940 565 κρείττων
966 498 1156 562 συνῆψε
1193 498 1260 564 τῷ
1290 493 1532 561 γενόμενος·
1585 490 1714 541 ἀδιά-

91 596 112 633 5
134 581 284 645 φορον
310 576 404 643 γὰρ
431 577 647 643 ἡγήσατο
674 578 760 639 τὴν
785 578 932 646 λέξιν·
989 577 1119 631 εἰδὼς
1145 579 1207 630 ὡς
1233 578 1306 628 ἐπὶ
1335 574 1723 640 ὁμολογουμένως

134 659 334 723 γνησίου
360 663 477 710 Υὶοῦ
504 661 528 710 ὁ
555 660 711 725 λέγων
736 659 790 711 τὸ
826 662 1066 727 γενόμενος,
1095 659 1203 709 ’ίσον
1228 662 1294 728 τῷ
1327 660 1614 724 γεγενῆσθαι
1653 655 1722 705 ὅτι

134 742 236 790 ἐστὶ
266 742 459 808 κρείττων
487 742 628 807 λέγει·
677 740 732 792 τὸ
764 741 850 806 μὲν
876 741 971 808 γὰρ
997 739 1259 808 γεν[ν]ητὸν
1298 741 1351 790 οὐ
1391 738 1610 807 διαφέρει,
1637 736 1723 787 κᾶν

134 822 252 890 λέγῃ
278 846 348 877 τις
374 823 568 889 γέγονεν
592 822 620 888 ἢ
647 824 910 887 πεποίηται·
965 822 1025 874 τὰ
1048 823 1096 874 δὲ
1122 820 1308 887 γενητὰ,
1335 820 1723 887 δημιουργήματα

135 903 261 967 ὄντα,
307 904 537 956 ἀδύνατον
579 905 807 970 λέγεσθαι
849 904 1063 970 γεννητά,
1104 908 1141 955 εἰ
1180 904 1244 968 μὴ
1289 904 1380 969 ἄρα
1418 901 1536 966 μετὰ
1577 907 1725 952 ταῦτα

68 1013 115 1038 10
134 986 436 1054 μετασχόντα
463 992 546 1038 τοῦ
568 993 792 1052 γεννητοῦ
812 990 944 1049 Υἱοῦ,
965 990 1282 1052 γεγεννῆσθαι
1310 987 1385 1035 καὶ
1407 983 1525 1034 αὐτὰ
1544 983 1724 1048 λέγων-
1742 998 1825 1032 108
1847 995 1908 1031 Μ.

134 1086 226 1118 ται·
282 1070 341 1119 οὕ
370 1091 414 1119 τι
445 1091 501 1134 γε
527 1069 603 1119 διὰ
633 1068 719 1132 τὴν
745 1069 864 1119 ἰδίαν
895 1068 1058 1137 φύσιν,
1086 1067 1217 1118 ἀλλὰ
1245 1066 1320 1118 διὰ
1359 1066 1444 1129 τὴν
1470 1065 1725 1129 μετουσίαν

135 1155 218 1200 τοῦ
245 1153 362 1200 Υὶοῦ
401 1152 449 1201 ἐν
487 1152 553 1220 τῷ
583 1150 837 1214 Πνεύματι.
890 1152 966 1201 καὶ
1011 1155 1150 1201 τοῦτο
1192 1147 1341 1201 πάλιν
1387 1147 1509 1198 οἶδεν
1554 1148 1582 1210 ἡ
1629 1147 1727 1198 θειά

134 1231 313 1298 γραφὴ,
350 1234 424 1283 ἐπὶ
466 1231 552 1295 μὲν
590 1236 684 1282 τῶν
720 1237 929 1296 γενητῶν
970 1231 1182 1297 λέγουσα
1228 1238 1254 1260 “
1278 1230 1446 1281 Πάντα
1487 1231 1542 1280 δι’
1584 1230 1725 1279 αὑτοῦ
1744 1240 1949 1280 S.J0an.i.3.

137 1320 167 1341 ‘⁶
193 1313 372 1378 ἐγένετο
388 1314 413 1329 ”
455 1317 531 1365 καὶ
576 1321 602 1343 “
624 1312 792 1364 Πάντα
830 1316 878 1364 ἐν
916 1315 1102 1382 σοφιά”
1146 1313 1379 1376 ἐποίησεν·
1430 1312 1505 1362 ε’πὶ
1544 1311 1592 1362 δὲ
1632 1316 1725 1362 τῶν
1744 1328 1950 1366 Ps.ciii.24.

68 1416 114 1453 15
137 1398 246 1445 υἱῶν
272 1399 366 1445 τῶν
391 1400 628 1461 γεννητῶν
655 1402 681 1425 “
703 1395 956 1460 Ἐγένοντο
982 1397 1047 1464 τῷ
1073 1393 1188 1455 Ἰὼβ
1215 1396 1301 1445 υἱοὶ
1328 1393 1446 1444 ἑπτὰ
1477 1394 1551 1444 καὶ
1579 1397 1725 1458 θυγα-
1743 1416 1878 1447 Hiob.i.
1898 1425 1926 1446 2.

137 1482 164 1504 “
189 1476 314 1541 τέρες
348 1477 509 1542 τρεῖς,”
550 1478 625 1527 καὶ
663 1483 689 1506 “
715 1476 927 1542 Ἀβραὰμ
954 1477 1001 1527 δὲ
1028 1476 1085 1541 ἧν
1111 1476 1275 1527 ἑκατὸν
1300 1477 1415 1526 ἐτῶν
1443 1474 1517 1525 ὅτε
1545 1474 1724 1540 ἐγένετο
1745 1493 1904 1549 (ξοηκκῑ.
1920 1500 1954 1532 5.

134 1558 260 1626 αὐτῷ
299 1558 469 1609 Ἰσαὰκ
508 1559 533 1608 ὁ
569 1557 663 1612 υἱὸς
702 1560 890 1609 αὐτοῦ.”
957 1560 1125 1609 οὐκοῦν
1171 1563 1208 1609 εἰ
1252 1562 1346 1608 τῶν
1389 1556 1474 1619 μὲν
1515 1561 1725 1621 γενητῶν
1743 1536 1936 1620 ΞΡΪΓΪΞΡ

134 1638 285 1692 ἄλλος
323 1641 442 1702 ἐστὶ,
474 1643 554 1702 τῆς
581 1639 628 1691 δὲ
654 1646 738 1691 τοῦ
767 1639 958 1707 Πατρὸς
993 1641 1158 1693 οὐσίας
1192 1639 1336 1704 μόνος
1375 1640 1490 1690 ἰ’διον
1517 1638 1725 1704 γέννημα
1744 1633 1817 1654 ²⁰²⁶

135 1721 159 1770 ὁ
199 1720 326 1784 Υιὸς,
372 1722 690 1785 μεματαίωται
728 1727 825 1775 τοῖς
866 1722 1125 1788 Ἀρειανοῖς
1161 1722 1189 1785 ἡ
1229 1723 1334 1787 περὶ
1379 1726 1462 1771 τοῦ
1503 1718 1725 1787 γενόμενος

67 1829 116 1854 20
134 1802 394 1869 πρόφασις·
438 1801 526 1853 κᾶν
551 1802 645 1869 γὰρ
671 1805 719 1854 ἐν
745 1803 925 1858 τούτοις
945 1802 1277 1871 αἰσχυνθέντες
1302 1802 1553 1868 βιάζωνται
1578 1800 1726 1853 πάλιν

134 1883 302 1949 λέγειν,
330 1889 641 1951 συγκριτικῶς
675 1888 892 1952 εἰρῆσθαι
931 1883 990 1936 τὰ
1027 1884 1167 1953 ῥητὰ,
1207 1889 1282 1935 καὶ
1322 1883 1398 1935 διὰ
1436 1889 1574 1934 τοῦτο
1612 1881 1726 1934 εἶναι

134 1964 194 2015 τὰ
220 1964 567 2031 συγκρινόμενα
593 1968 817 2032 ὁμογενῆ,
845 1965 969 2018 ὥστε
1004 1967 1087 2018 τὸν
1113 1965 1231 2018 Υὶὸν
1264 1969 1346 2030 τῆς
1379 1970 1474 2017 τῶν
1503 1965 1727 2030 ἀγγέλων

135 2044 249 2097 εἶναι
299 2047 503 2114 φύσεως,
552 2048 958 2116 αἷσχυνθήσονται
1008 2048 1093 2112 μὲν
1141 2048 1505 2115 προηγουμένως
1555 2050 1617 2101 ὡς
1667 2046 1726 2098 τὰ

136 2129 459 2180 Οὐαλεντίνου
510 2132 585 2180 καὶ
633 2130 1004 2197 Καρποκράτους
1053 2130 1389 2198 φθεγγόμενοι·
1457 2128 1523 2180 ῶν
1573 2130 1597 2179 ὁ
1642 2128 1726 2192 μὲν

67 2229 116 2267 25
135 2210 240 2263 τοὺς
267 2209 502 2276 ἀγγέλους
545 2212 783 2276 ὁμογενεῖς
810 2208 960 2278 ε’ίρηκε
999 2213 1065 2280 τῷ
1104 2215 1326 2280 Χριστῷ,
1360 2212 1383 2261 ὁ
1412 2211 1459 2262 δὲ
1488 2209 1725 2276 ἀγγέλους

134 2297 217 2342 τοῦ
241 2290 425 2354 κόσμου
451 2292 761 2359 δημιουργοὺς
787 2291 906 2344 εἶναι’
943 2297 1110 2361 φησιν·
1164 2294 1273 2358 παρ’
1303 2294 1458 2344 αὐτῶν
1488 2292 1581 2358 γὰρ
1609 2291 1725 2345 ἴσως

133 2372 362 2436 μαθόντες
401 2376 477 2424 καὶ
516 2374 657 2435 οὗτοι,
689 2375 1000 2440 συγκρίνουσι
1039 2373 1122 2425 τὸν
1159 2380 1243 2425 τοῦ
1279 2378 1404 2425 Θεοῦ
1432 2374 1593 2438 Λόγον
1629 2378 1726 2426 τοῖς

136 2453 374 2520 ἀγγέλοις.
416 2457 526 2506 ἀλλ’
559 2455 933 2522 ἐντραπήσονται
972 2461 1163 2508 τοιαῦτα
1202 2455 1556 2523 φανταζόμενοι,
1595 2454 1726 2522 παρὰ

135 2535 219 2597 μὲν
245 2542 329 2587 τοῦ
355 2538 572 2606 ὑμνῳδοῦ
597 2538 821 2603 λέγοντος
856 2545 883 2567 “
910 2539 997 2592 Τίς
1024 2536 1368 2602 ὁμοιωθήσεται
1394 2540 1460 2606 τῷ
1489 2538 1725 2606 Κυρι’ῳ’ἐν
1742 2550 1948 2612 ξεικκκνῑῑῑ.

137 2624 165 2647 ‘g
222 2621 232 2635 t
264 2623 283 2631 Α
435 2621 495 2635 a„
598 2622 612 2638 x
678 2621 688 2634 t
797 2619 818 2637 et
915 2619 925 2634 t
1106 2620 1116 2634 ³
1247 2624 1267 2633 Α
1396 2620 1406 2635 r
1513 2620 1537 2634 n
1602 2621 1612 2634 2
1689 2617 1702 2634 t
1746 2610 1771 2632 Ι·

68 2633 118 2669 30
191 2641 302 2672 υιοις
330 2622 469 2682 Θεου,
537 2642 613 2670 και
639 2643 708 2673 τις
748 2626 774 2649 “
795 2643 952 2684 ομοιος
987 2642 1068 2671 σοι
1094 2642 1142 2670 εν
1166 2623 1299 2682 θεοις,
1331 2623 1508 2685 Κυριε;
1586 2641 1722 2669 ακου-
1742 2636 1924 2709 {ulma

186 2764 217 2787 2.
243 2754 316 2788 ἐπεὶ
333 2754 369 2788 δὲ
387 2765 417 2788 a.
437 2753 504 2788 Ed.
523 2754 635 2799 ἐπειδὴ
653 2754 688 2789 b.
943 2755 976 2789 6.
1002 2743 1206 2801 ‘yeyeZJ‘jo'Hat
1225 2767 1255 2790 a,
1467 2763 1499 2799 7.
1525 2752 1725 2799 γεν[ν]ητὸν

138 2799 331 2834 emendavi.
349 2801 489 2845 γενητὸν
507 2801 574 2835 Ed.
766 2801 799 2835 8.
824 2801 919 2846 λέγει
937 2802 972 2836 b.
1168 2813 1219 2836 10.
1247 2801 1411 2846 λέγωνται
1429 2813 1460 2834 a.
1479 2801 1637 2845 λέγονται
1656 2799 1723 2833 Ed.

142 2856 194 2879 12.
221 2845 382 2889 πνεύματι
400 2847 456 2881 a.b
478 2846 556 2892 [per
573 2852 657 2881 cast.
677 2859 784 2881 manu
802 2847 945 2893 prima]
974 2849 1076 2892 πατρί
1093 2848 1115 2881 b
1136 2847 1248 2893 [prius
1273 2846 1472 2893 scriptum]
1493 2846 1611 2880 Cram.
1629 2844 1724 2878 unde

138 2897 172 2925 et
191 2892 320 2926 Maius.
334 2939 387 2973 Ed
460 2903 510 2938 15.
539 2894 602 2934 ἷὼβ
619 2893 687 2928 a.b.
705 2893 826 2935 Ἰακὼβ
847 2894 965 2929 Cram.
982 2894 1078 2929 unde
1095 2901 1127 2929 et
1148 2895 1275 2929 Maius.
1414 2904 1469 2927 20.
1496 2894 1674 2934 βιάζωνται
1693 2902 1722 2925 a.

139 2939 313 2981 βιάζονται
392 2966 398 2974 .

881 3007 998 3047 3132
