1981 3267
23 628 108 670 Eph.
121 628 155 660 ii.

26 681 74 704 10.

19 1873 74 1905 Ps.
87 1872 198 1904 cxviii.

22 1923 94 1958 137·

249 119 302 157 10
649 117 700 159 Β.
734 117 1005 159 CYRILLI
1048 118 1431 160 ALEXANDR.
1646 119 1743 161 xvii.
1766 129 1832 172 25.

326 225 467 277 Μετὰ
505 227 660 278 τοίνυν
685 225 739 278 τὸ
774 232 921 278 ταῦτα
955 230 1111 290 εἰπεῖν,
1138 224 1318 279 δίκαιον
1343 227 1475 282 εὐθὺς
1501 228 1734 279 ἀποκαλεῖ
1752 226 1836 278 τὸν

250 309 444 375 Πατέρα
475 311 550 360 καὶ
584 307 719 373 μάλα
745 309 947 367 εἰκότως,
975 309 1029 360 οῦ
1055 310 1154 360 κατ’
1183 310 1392 361 εὐδοκίαν
1419 312 1494 361 καὶ
1521 310 1722 374 θέλησιν
1748 310 1829 375 γε’·

246 413 384 458 γονεν
408 391 655 457 ἄνθρωπος
683 391 707 441 ὁ
733 389 860 452 Υἱὸς,
881 391 956 441 ἵνα
983 392 1059 441 καὶ
1084 396 1167 442 τοῦ
1194 391 1270 442 διὰ
1292 391 1567 455 Πνεύματος
1593 393 1835 457 ἀγιασμοῦ

247 475 323 524 καὶ
361 475 443 537 τῆς
469 472 586 540 πρὸς
614 473 740 523 Θεὸν
771 472 983 526 ἑνώσεως
1018 474 1093 523 καὶ
1128 479 1211 524 τοῦ
1245 478 1346 527 ταῖς
1385 473 1481 525 ἄνω
1513 479 1676 537 μοναῖς
1702 474 1834 524 ε’ναυ-

247 554 475 621 λίζεσθαι,
515 556 726 605 συνεῖναί
764 577 814 605 τε
857 556 931 605 καὶ
972 555 1349 619 συμβασιλεύειν
1392 556 1518 625 αὐτῷ
1555 559 1613 623 τῇ
1655 557 1877 621 ἀνθρω-5

202 638 355 706 1>πείᾳ
396 636 540 706 φύσει
584 636 774 703 γένηται
812 635 1054 705 πρόξενος,
1098 637 1347 705 ἐκτισμένη
1385 637 1470 701 μὲν
1517 644 1543 667 “
1570 638 1637 689 ἐπ’
1684 636 1836 703 ἔργοις

247 720 487 785 ἀγαθοῖς·”
528 719 683 770 ε”κτισε
709 718 803 785 γὰρ
830 720 912 769 οὐκ
939 720 1013 770 ἐπὶ
1039 720 1177 788 κακίᾳ
1203 720 1285 770 τὸν
1312 719 1563 786 ἄνθρωπον
1589 720 1614 770 ὁ
1641 719 1762 773 Θεὸς
1788 721 1836 770 ἐν

246 803 425 869 ἀρχαῖς·
465 801 888 868 παρατετραμμένη
927 801 975 852 δὲ
1010 800 1130 868 πρὸς
1169 800 1450 871 φαυλότητα
1487 806 1588 856 ταῖς
1628 801 1836 855 ἀνοσίοις

243 889 327 934 τοῦ
366 882 596 944 διαβόλου
634 888 878 951 μηχαναῖς,
906 885 982 934 καὶ
1018 887 1100 948 τῆς
1132 885 1331 952 ἀρχαίας
1366 883 1538 949 ἐκείνης
1564 886 1639 936 καὶ
1666 888 1832 951 θεοφι-

242 971 358 1020 λοῦς
391 967 583 1032 ἀγωγῆς
613 965 825 1032 καθάπερ
856 965 981 1020 τινὸς
1008 967 1125 1021 ἰδίας
1157 967 1564 1036 ἐκμεμοχλευμένη
1592 969 1830 1034 κρηπῖδος.
1858 993 1906 1019 10

242 1047 301 1112 ἧν
325 1047 419 1114 γὰρ
444 1047 500 1113 δὴ
528 1049 602 1099 καὶ
629 1050 819 1112 ἀληθῶς
847 1047 918 1099 ὅτι
943 1048 1163 1112 μάλιστα
1186 1050 1368 1115 πρέπον
1397 1051 1464 1119 τῷ
1489 1050 1650 1119 δικαίῳ
1679 1051 1836 1115 Πατρὶ

242 1129 298 1181 τὸ
339 1131 663 1198 καταῤῥαχθὲν
689 1132 739 1181 ἐκ
777 1131 1056 1200 πλεονεξίας
1095 1133 1293 1200 ὑψῶσαι
1331 1132 1494 1195 πάλιν,
1520 1134 1594 1183 καὶ
1622 1131 1676 1183 τὸ
1704 1133 1776 1200 ἐφ’
1805 1130 1837 1182 ἃ

242 1212 308 1276 μὴ
343 1216 584 1279 προσῆκεν
616 1212 983 1281 ἐξειλκυσμένον
1018 1217 1080 1267 εἷς
1118 1213 1204 1278 τὴν
1242 1215 1290 1265 ἐν
1329 1216 1494 1282 ἀρχαῖς
1531 1217 1836 1277 καταστῆσαι

243 1294 391 1357 θέσιν,
443 1297 517 1345 καὶ
567 1294 851 1364 ἀπαλλάξαι
902 1295 987 1358 μὲν
1038 1296 1267 1362 ἁμαρτίας
1317 1299 1399 1360 τῆς
1445 1295 1830 1360 ἀκαλλεστάτης,

244 1375 554 1440 μεταπλάσαι
594 1374 642 1427 δὲ
684 1376 850 1443 ὥσπερ
893 1381 954 1431 εἷς
994 1377 1148 1429 εἰκόνα
1189 1378 1274 1443 τὴν
1313 1378 1523 1445 πρώτην,
1566 1377 1620 1429 τὸ
1667 1380 1742 1429 καὶ
1787 1380 1835 1430 ἐν
1857 1400 1905 1440 15

206 1484 228 1511 c
246 1460 411 1527 ἀρχαῖς
438 1461 559 1510 οὕτω
594 1460 925 1524 πεποιημένον·
981 1459 1064 1511 τὸν
1091 1461 1147 1511 δέ
1176 1484 1230 1527 γε
1256 1462 1590 1530 συντρίψαντα
1619 1462 1693 1512 καὶ
1720 1462 1830 1512 ἀνο-

244 1542 362 1595 σίως
392 1545 712 1610 παραφθεῖραι
747 1540 1086 1607 τετολμηκότα,
1111 1544 1329 1595 τουτέστι
1366 1542 1448 1595 τὸν
1480 1547 1708 1606 σατανᾶν,
1735 1548 1836 1598 ταῖς

241 1625 367 1674 αὐτῶ
412 1623 706 1721 πρεπούσαις
760 1625 998 1675 ὑποθεῖναι
1041 1629 1239 1688 ποιναῖς,
1289 1648 1326 1676 ει
1372 1648 1448 1677 και
1491 1624 1659 1692 μικρὸν
1705 1624 1834 1689 οἶμαι

241 1705 406 1772 γένοιτ’
435 1705 494 1757 ἀν
525 1710 621 1757 πᾶν
644 1704 763 1760 εἶδος
798 1708 953 1757 ἐκεινω
989 1707 1321 1774 κολαστηριων
1353 1707 1594 1773 τοσαύτην
1620 1709 1830 1778 ενδειξα-

241 1812 365 1859 μενω
404 1788 523 1840 κατὰ
550 1792 675 1840 Θεοῦ
713 1788 799 1853 τὴν
838 1789 1079 1841 ἀπόνοιαν.
1136 1787 1173 1840 ὠ
1210 1796 1464 1857 τοιγαροῦν
1496 1790 1644 1861 Πάτερ
1686 1788 1843 1843 ‹5174oeae
1857 1816 1905 1842 20

243 1875 406 1940 φησι6
410 1872 633 1925 ιΔίκαιος
659 1895 753 1938 γαρ
779 1870 831 1934 εῖ,
859 1895 935 1923 και
967 1871 1146 1939 ἀγαθος
1181 1896 1257 1924 και
1281 1873 1417 1938 ευθὴς
1450 1873 1477 1938 ἡ
1512 1873 1667 1939 κρίσις
1699 1874 1830 1936 σου,”

242 1953 645 2023 καταπέμψαντος
684 1957 750 2023 τῷ
795 1953 961 2024 κόσμῳ
999 1955 1118 2022 πρὸς
1156 1956 1423 2021 ἐπικουρίαν
1461 1956 1538 2007 καὶ
1573 1955 1834 2007 ἀνανέωσιν

243 2035 323 2100 ἐμὲ
374 2035 456 2088 τὸν
506 2035 598 2088 σὸν
661 2038 851 2101 ἀληθῶς
904 2040 981 2088 καὶ
1045 2037 1245 2104 γνήσιον
1296 2038 1429 2090 Υἱόν.
1494 2039 1606 2088 ἀλλ’
1663 2037 1700 2088 ὦ
1750 2041 1833 2103 τῆς

242 2119 412 2180 ἀνοίας,
453 2119 618 2187 φησίν·
684 2118 798 2170 ὅντα
836 2118 929 2186 γάρ
970 2143 1021 2171 σε
1061 2126 1273 2171 τοιοῦτον
1316 2126 1333 2172 o‘
1377 2120 1547 2188 κόσμος
1592 2122 1668 2171 οὐκ
1709 2120 1831 2186 ἔγνω.

241 2199 271 2265 ἢ
298 2200 390 2268 γὰρ
426 2199 484 2252 ἂν
510 2200 643 2255 εὐθὺς
678 2200 764 2265 τὴν
790 2202 912 2253 οὕτω
940 2202 1283 2271 φιλάνθρωπον
1318 2201 1627 2267 ἐννοήσαντες
1661 2205 1832 2272 ψῆφον
1855 2225 1904 2264 25

198 2287 225 2328 d
243 2285 319 2333 καὶ
355 2289 500 2347 νεῦμα
534 2283 588 2334 τὸ
620 2283 846 2348 γαληνὸν,
874 2283 1211 2351 προσέδραμόν
1237 2307 1286 2336 τε
1312 2288 1379 2354 τῷ
1409 2282 1621 2350 σώζοντι,
1650 2286 1731 2336 καί
1752 2308 1833 2336 σοι

242 2367 493 2431 προσῆγον
519 2367 728 2417 ἐθελοντὶ
755 2365 841 2430 τὴν
868 2368 1107 2433 λατρείαν.

317 2451 468 2498 Ταυτὶ
513 2447 598 2511 μὲν
639 2449 720 2499 οῦν
763 2449 787 2499 ὁ
828 2449 1044 2515 Χριστὸς
1089 2449 1322 2515 διελέγετο
1367 2454 1433 2519 τῷ
1480 2450 1650 2516 Πατρὶ,
1694 2448 1832 2516 χάριν

241 2529 406 2595 ὥσπερ
431 2528 517 2594 τὴν
545 2529 660 2596 ὑπὲρ
687 2530 819 2594 ἡμῶν
843 2532 918 2581 καὶ
945 2532 998 2581 δι’
1029 2531 1149 2595 ἡμᾶς
1174 2533 1419 2594 ἀνατιθεὶς,
1445 2532 1632 2597 ἐπείπερ
1659 2531 1832 2585 δίκαιος

241 2611 305 2661 ὧν
331 2611 550 2662 ἐπένευσε
585 2611 669 2675 μὲν
694 2616 789 2666 τοῖς
825 2614 874 2663 ἐκ
909 2612 1184 2682 πλεονεξίας
1211 2617 1421 2665 παθοῦσι
1456 2612 1541 2678 τὴν
1567 2613 1826 2680 σωτηρίαν,
1853 2639 1903 2673 30

243 2693 518 2744 κατεδίκασε
561 2693 609 2744 δὲ
651 2699 734 2744 τοῦ
778 2693 1008 2756 διαβόλου
1054 2694 1139 2759 τὴν
1183 2696 1438 2747 ἀπώλειαν.
1504 2697 1580 2747 καὶ
1620 2694 1704 2746 τὸν
1747 2694 1833 2758 μὲν

293 2890 346 2922 15.
373 2880 425 2913 καὶ
444 2884 667 2924 assumptum
690 2891 731 2914 ex
751 2879 792 2913 E.
1033 2892 1086 2914 21.
1114 2880 1211 2916 εὐθὺς
1229 2881 1271 2915 Ε.
1513 2889 1567 2925 27.
1593 2881 1771 2925 προσῆγον
1789 2879 1830 2914 Ε.

242 2926 465 2971 προσήγαγον
484 2926 551 2960 Ed.
