2027 3257
98 190 267 232 [54M.]

82 324 150 356 Col.
167 324 188 355 i.
205 325 253 356 18.

86 863 189 912 Κεφ.
213 858 260 900 δ’.

243 920 289 955 18

247 1729 293 1765 I9

160 2193 213 2227 55
236 2191 296 2228 M.

305 120 389 159 260
484 120 535 160 Β.
564 119 813 160 CYRILLI
843 119 1194 160 ALEXANDR.
1227 119 1599 161 FRAGMENTA
1658 121 1711 160 iv.
1735 122 1796 170 18,
1821 134 1882 174 19.

306 233 333 257 ‘⁶
358 227 514 279 πάντα
540 230 616 278 καὶ
641 228 770 292 ἡμεῖς
795 231 856 281 εἰς
883 227 1037 289 αὐτὸν,
1065 230 1139 278 καὶ
1168 226 1230 281 εἶς
1250 227 1422 294 Κύριος
1447 229 1633 291 Ἰησοῦς
1659 227 1885 293 Χριστὸς,

306 315 333 339 “
360 312 417 360 δι’
457 308 511 360 οὗ
549 308 608 360 τὰ
644 308 801 360 πάντα
838 311 913 359 καὶ
951 309 1078 372 ἡμεῖς
1115 309 1169 358 δι’
1205 309 1360 371 αὐτοῦ,
1397 311 1471 359 καὶ
1512 308 1650 363 αὐτός
1687 311 1819 360 ἐστιν
1857 308 1885 371 ἡ

306 398 333 420 “
360 389 546 458 κεφαλὴ
581 395 663 441 τοῦ
689 389 910 453 σώματος
945 392 1027 453 τῆς
1059 390 1358 454 ἐκκλησίας.”
1407 390 1448 440 εἴ
1477 413 1545 444 τις
1577 391 1658 441 οὖν
1684 393 1887 457 ἀρνεῖται

305 470 388 522 τὸν
425 470 618 539 θεμέλιον
656 473 731 521 καὶ
769 476 1057 536 παραιτεῖται
1092 471 1178 535 τὴν
1211 471 1401 537 πέτραν,
1429 473 1510 522 οὐκ
1550 474 1784 534 οἰκοδομεῖ
1817 471 1886 522 ἐπ’

308 554 425 619 αὐτῇ
458 554 568 602 ἀλλ’
598 556 660 606 εἷς
697 551 782 615 τὴν
809 552 978 615 ἄμμον·
1024 552 1242 620 ταύτῃτοι
1274 555 1348 603 καὶ
1375 553 1484 603 λίαν
1508 552 1712 608 εὐκόλως
1738 575 1881 603 κατα·
1907 574 1929 612 5

307 632 630 697 σεισθήσεται·
684 632 708 683 ὃ
749 631 842 698 γὰρ
875 632 940 696 μὴ
982 632 1124 700 ἀνέχῃ
1162 632 1388 699 Χριστὸς,
1428 640 1566 685 τοῦτο
1605 633 1661 698 δὴ
1701 633 1890 688 πάντως

308 714 625 778 κινηθήσεται,
653 714 739 780 οὐχ
763 715 949 780 ἑδραίαν
976 714 1096 782 ἔχων
1122 714 1207 779 τὴν
1233 715 1425 765 στάσιν.

376 872 458 913 ςΩς
495 872 550 921 μή
590 875 820 929 ἐρχομένου
859 873 904 914 δέ
943 888 1022 921 μου
1061 872 1169 929 Πρὸς
1206 873 1313 921 ὑμᾶς
1351 873 1654 929 ἑφυοιὼθμσάν
1693 890 1816 917 τινες,

383 985 576 1049 Ἐπειδή
615 1009 733 1040 τινες
774 984 900 1049 ἦσαν
938 987 987 1036 ἐν
1028 984 1246 1054 Κορίνθῳ
1286 985 1484 1049 οἰόμενοι
1522 988 1678 1052 ἀρκεῖν
1716 987 1891 1040 ἑαυτοῖς

311 1070 387 1118 καὶ
418 1066 483 1131 μὴ
511 1070 695 1117 δεῖσθαι
727 1067 1045 1129 διδασκάλων,
1070 1068 1146 1117 καὶ
1181 1067 1440 1133 ὑπεραίρειν
1466 1068 1514 1117 ἐν
1539 1068 1690 1136 σοφία
1716 1090 1887 1129 κοσμι-
1913 1087 1963 1113 10

310 1150 392 1211 κῆς
436 1149 722 1213 εὐγλωττίας
768 1146 851 1198 τὸν
897 1152 1111 1198 Παῦλον·
1166 1150 1241 1198 καὶ
1282 1147 1358 1198 διὰ
1399 1154 1536 1199 τοῦτο
1584 1151 1893 1217 ἀνεφυσῶντο

309 1229 428 1295 πρὸς
479 1229 743 1297 ὑπεροψίαν
786 1228 1235 1297 κατεξανιστάμενοι
1280 1234 1374 1280 τῶν
1419 1229 1598 1293 ἄλλων,
1644 1230 1769 1294 ὅμως
1809 1231 1891 1282 οὐκ

311 1310 619 1374 ἀνεπίληπτοι
673 1310 792 1361 κατὰ
838 1309 919 1361 τὸν
961 1310 1084 1372 βίον.
1145 1311 1241 1361 ἐπεὶ
1286 1311 1367 1361 οὖν
1408 1311 1737 1379 πεφυσίωνταί
1776 1335 1893 1366 τινες

311 1391 514 1446 ἀπόντος
546 1415 637 1454 μου
664 1394 738 1442 καὶ
765 1391 1003 1457 νομίζουσι
1031 1391 1107 1443 διὰ
1132 1390 1270 1443 τοῦτό
1300 1415 1358 1456 με
1389 1394 1806 1457 ἀπολιμπάνεσθαι
1832 1396 1894 1448 ὡς

311 1473 493 1524 δεδιότα
532 1479 615 1523 τοῦ
652 1475 808 1523 ἐλθεῖν
834 1474 988 1526 αὐτοῖς
1027 1477 1089 1526 εἷς
1127 1472 1315 1539 λόγους,
1339 1474 1454 1541 ὅπερ
1480 1476 1567 1542 οὐχ
1603 1477 1749 1530 οὕτως
1787 1475 1894 1544 ἔχει,
1917 1500 1962 1538 15

310 1554 411 1623 ἥξω
437 1554 660 1608 θέλοντος
685 1556 761 1605 καὶ
787 1555 1115 1621 ἐπιτρέποντος
1141 1558 1282 1605 Θεοῦ.

386 1716 647 1765 Ἐλεύσομαι
685 1716 731 1757 δὲ
770 1717 933 1772 ταχέως
970 1718 1077 1774 Πρὸς
1115 1717 1236 1767 ὑμᾶς,
1272 1715 1348 1757 ἐὰν
1386 1717 1409 1758 ὁ
1450 1716 1598 1773 Κύριος
1636 1719 1808 1775 &emisga

384 1829 738 1896 Ἐπηγγείλατο
776 1830 861 1894 μὲν
899 1831 1160 1900 ἀφίξεσθαι
1198 1830 1327 1895 πλὴν
1361 1832 1414 1882 οὐ
1450 1830 1652 1895 πάντως,
1693 1830 1803 1882 ἀλλ’
1831 1834 1893 1886 ὡς

310 1912 492 1978 πρέπον
529 1911 587 1976 ἧν
624 1914 832 1966 ἐπιεικῶς
869 1914 1097 1979 προσθεὶς
1126 1911 1179 1963 τὸ
1207 1914 1460 1978 ἀναγκαῖον
1486 1912 1540 1964 τό
1567 1913 1671 1964 Ἐὰν
1700 1919 1717 1965 ὁ
1747 1912 1895 1983 Κύριος

312 1993 484 2067 θελήσῃ·
533 1996 605 2044 δεῖ
633 1993 727 2060 γὰρ
760 1994 879 2057 ἡμᾶς
912 1995 999 2062 οὐχ
1033 1994 1196 2059 ἑτερως
1235 1993 1262 2058 ἢ
1303 2000 1493 2064 φρονεῖν
1518 1994 1546 2059 ἢ
1574 1994 1727 2061 λέγειν
1753 1994 1781 2059 ἢ
1807 1993 1965 2046 ὧδεέο

311 2098 360 2126 τε
387 2077 461 2126 καὶ
489 2075 646 2138 μόνος.

371 2235 446 2276 Καὶ
484 2235 699 2284 Γνὼσομαι
737 2236 785 2276 οὐ
822 2236 895 2277 τὸν
934 2236 1059 2283 Ain-ov
1097 2236 1183 2277 τῶν
1222 2236 1577 2292 Πεφυσιωμὲνων,
1617 2235 1729 2277 ἀλλὰ
1767 2236 1843 2277 τήν

1009 2318 1196 2366 δύναμιν.

385 2430 471 2483 Τίς
496 2431 524 2494 ἡ
551 2430 714 2494 ὄνησις
741 2431 914 2499 λέξεως
940 2436 1163 2498 λαμπρᾶς
1186 2432 1387 2498 ἐχούσης
1413 2436 1506 2482 τῶν
1532 2433 1724 2497 ἀγαθῶν
1747 2429 1894 2495 οὐδὲν,

312 2512 450 2561 ὁποῖα
493 2512 521 2574 ἡ
566 2517 661 2562 τῶν
703 2511 919 2577 ἑλλήνων
960 2514 1120 2575 ἐστίν;
1179 2514 1206 2577 ἡ
1252 2513 1307 2563 δέ
1350 2536 1404 2578 γε
1445 2516 1527 2576 τῆς
1578 2512 1894 2565 θεοπνεύστου
1916 2535 1963 2575 25

311 2595 499 2660 γραφῆς
540 2593 672 2656 ἁπλὴ
711 2594 796 2656 μέν
834 2595 935 2644 ἐστι
975 2597 1051 2644 καὶ
1090 2595 1431 2658 κατειθισμένη,
1464 2595 1707 2648 πλουσίως
1744 2595 1894 2661 γεμὴν

312 2673 494 2735 ὀνίνησι
547 2676 620 2724 καὶ
662 2675 889 2742 ἀποφέρει
934 2679 1166 2741 λαμπρῶς
1207 2679 1270 2729 εὶς
1310 2676 1567 2741 ἐπίγνωσιν
1611 2677 1768 2741 ἀληθῆ
1810 2683 1894 2729 τοῦ

361 2831 391 2864 7.
419 2820 648 2866 κινηθήσεται]
678 2823 824 2855 κείσεται
854 2821 901 2856 H.
976 2823 1039 2867 οὐχ
1065 2823 1199 2867 ἑδραίαν
1223 2822 1328 2868 ἔχων]
1356 2824 1409 2858 καὶ
1434 2824 1493 2858 οὐκ
1518 2824 1559 2859 ἂν
1583 2824 1720 2869 ἑδραίαν
1744 2824 1816 2870 ἕχοι
1844 2824 1893 2859 Η.

310 2867 412 2912 ἔχων]
434 2869 513 2912 ἕχον
529 2869 690 2903 emendat
710 2869 843 2913 Migne.
983 2870 1086 2904 8—21.
1116 2869 1211 2904 Haec
1230 2870 1301 2905 duo
1319 2882 1406 2915 quac
1425 2877 1622 2917 sequuntur
1642 2870 1774 2906 scholia
1791 2870 1893 2906 nobis

312 2914 512 2958 suppeditat
532 2914 579 2949 H.
742 2912 796 2950 21.
823 2914 941 2961 μόνος]
963 2916 1016 2950 Ita
1036 2916 1084 2951 H.
