1986 3282
345 546 477 590 ΤΟΥ
526 546 619 591 EN
668 547 901 590 ΑΓΙΟΙΣ
953 546 1234 591 ΙΙΑΤΡΟΣ
1286 546 1483 590 ΗΜΩΝ

581 737 1246 808 ΚΥΡΙΛΛΟΥ

426 950 910 979 ΑΡΧΙΕΠΙΣΚΟΠΟΥ
952 949 1401 981 ΑΛΕΞΑΝΔΡΕΙΑΣ

213 1132 324 1179 ΕΙΣ
377 1133 471 1181 ΤΟ
525 1134 715 1182 ΚΑΤΑ
771 1133 1101 1181 ΙΩΑΝΝΗΝ
1156 1132 1603 1181 ΕΥΑΓΓΕΛΙΟΝ

74 1314 95 1350 5
580 1320 829 1349 ΒΙΒΛΙΟΝ
883 1320 1244 1349 ΔΩΔΕΚΑΤΟΝ

1727 1444 1932 1480 alOSOA.

110 1503 389 1545 Ἀπέστειλεν
428 1502 502 1545 οὖν
540 1504 669 1546 αὐτὸν
708 1506 730 1547 ὁ
770 1505 925 1546 Ἅννας
969 1504 1201 1553 δεδεμένον
1245 1504 1353 1562 Πρὸς
1400 1505 1597 1561 Καϊάφαν
1635 1504 1709 1548 τὸν
1732 1517 1780 1551 24

184 1586 402 1643 ἀρχιερέα.
459 1584 509 1628 ἦν
555 1587 600 1629 δὲ
650 1587 795 1636 Σίμων
839 1589 1002 1645 Πέτρος
1052 1588 1188 1630 ἑστὼς
1240 1588 1307 1628 καί
1357 1589 1707 1645 θερμαινόμενος·
1733 1603 1780 1641 25

185 1664 304 1710 εἶπον
355 1668 427 1711 οὖν
477 1670 595 1724 αὐτῷ
642 1670 715 1711 ΛΛιὶ
769 1670 837 1711 καὶ
887 1670 934 1712 σὺ
984 1671 1030 1712 έκ
1080 1672 1167 1712 τῶν
1217 1672 1421 1719 μαθιιτών
1472 1672 1600 1713 αὐτοῦ
1648 1667 1710 1724 εἷς

185 1751 403 1808 ἠρνήσατο
451 1750 628 1804 ἐκεῖνος,
673 1752 742 1793 καὶ
791 1749 909 1794 εἶπεν
954 1753 1041 1794 Οὐκ
1091 1752 1187 1802 εἶμί,
1255 1754 1369 1801 λέπει
1418 1750 1479 1795 εἷς
1526 1755 1574 1795 ἐκ
1623 1754 1710 1795 τῶν
1734 1758 1781 1793 26

49 1847 97 1872 10
185 1834 352 1876 δούλων
390 1839 465 1877 τοῦ
503 1835 754 1893 ἀρχιερέως,
791 1837 994 1884 συι-Γενιὶς
1031 1836 1092 1878 ὢν
1130 1834 1178 1878 οὗ
1220 1837 1417 1887 ἀπέκοψε
1454 1838 1618 1894 Πέτρος
1661 1837 1710 1879 τὸ

185 1919 314 1961 ὠτίον
342 1920 429 1961 Οὐκ
466 1920 553 1968 ὲΓὼ
591 1936 636 1962 σε
674 1916 790 1962 εἶδον
821 1921 866 1962 έν
897 1923 958 1975 τῷ
998 1921 1123 1975 κιίιπῳ
1160 1922 1245 1969 μετ’
1278 1921 1436 1973 αὐτοῦς
1474 1921 1603 1962 Πάλιν
1637 1919 1709 1962 οὖν
1732 1934 1778 1972 27

185 2002 405 2060 ἠρνήσατο
441 2004 619 2061 Πέτρος,
660 2003 728 2044 καὶ
766 2005 927 2045 εὐθέως
965 2005 1162 2061 ἀλέκτωρ
1199 2003 1444 2060 ἑφώνΗσεν.

1731 2072 1757 2111 b

190 2142 622 2193 ’ANAKOHTEI
656 2142 904 2208 χρησίμως
939 2140 1152 2208 καθάπερ
1186 2143 1332 2193 ἵππον
1359 2142 1713 2210 ὀξυδρομοῦντα

117 2223 201 2273 τὸν
231 2226 313 2287 τῆς
352 2223 624 2292 ἐξηγήσεως
662 2224 840 2288 τρόπον
873 2224 898 2273 ὁ
938 2224 1194 2276 θεσπέσιος·
1228 2222 1608 2289 Εὐαγγελιστὴς,
1637 2223 1712 2273 καὶ

52 2325 97 2363 15
119 2307 274 2357 ὀπίσω
313 2305 460 2356 πάλιν
498 2305 836 2372 ἀνακομίζεται.
912 2304 988 2355 διὰ
1029 2305 1169 2356 ποίαν
1212 2306 1396 2367 αἰτίαν;
1454 2307 1576 2372 χρῆν
1618 2303 1713 2370 γὰρ

118 2387 270 2452 δήπου
315 2388 635 2456 προεπιδεῖξαι
678 2392 773 2438 τῶν
814 2388 986 2456 ἐφεξῆς
1029 2386 1116 2450 τὴν
1156 2391 1218 2440 εἰς
1259 2385 1417 2453 τρίτον
1459 2385 1714 2451 γενομένην

119 2469 320 2536 ἄρνησιν
360 2475 443 2520 τοῦ
486 2469 683 2535 Πέτρου,
726 2472 802 2520 καὶ
852 2475 1019 2520 τοῦτον
1062 2468 1250 2536 ἔχοντος
1300 2474 1383 2519 τοῦ
1433 2468 1713 2534 πράγματος

118 2551 295 2618 τρόπον
320 2551 402 2603 τὸν
429 2552 555 2620 αὐτῷ
580 2551 797 2616 μάλιστα
828 2550 1070 2617 πρέποντά
1106 2574 1155 2602 τε
1191 2553 1266 2602 καὶ
1302 2551 1572 2615 ἐπιτήδειον,
1601 2550 1709 2600 καθ’

120 2631 173 2684 ὃν
205 2637 280 2684 καὶ
319 2633 605 2684 τετέλεσται.
662 2637 965 2697 οἰκονομικῶς
1003 2638 1253 2700 τοιγαροῦν
1286 2630 1612 2696 ἀναλαμβάνει
1650 2629 1710 2681 τὰ

52 2742 101 2767 20
119 2717 168 2766 ἐν
193 2718 371 2784 ἀρχαῖς,
397 2718 473 2766 καὶ
511 2714 814 2766 ἀπεστάλθαι
852 2715 937 2778 μὲν
966 2715 1094 2780 λέγει
1132 2713 1214 2765 τὸν
1239 2713 1431 2778 Ἰησοῦν
1461 2712 1591 2779 παρὰ
1625 2718 1709 2762 τοῦ
1770 2719 1935 2801 ggfflsslgra

173 2864 234 2897 1—5
255 2854 383 2889 retinui
400 2867 441 2888 ex
460 2853 527 2888 Ed.
545 2856 604 2888 τοῦ
621 2854 786 2899 μακαρίου
803 2854 967 2898 κυρίλλου
992 2855 1037 2890 εἷς
1061 2855 1100 2888 τὸ
1124 2854 1206 2888 κατὰ
1230 2854 1370 2897 ἶωάννην
1387 2850 1586 2897 εὐαγγέλιον
1604 2849 1710 2894 κεφά-

120 2903 219 2935 λαιον
234 2902 273 2935 τὸ
292 2901 327 2936 ἐν
343 2903 390 2947 τῷ
408 2901 583 2947 δωδεκάτῳ
600 2901 729 2947 βιβλίῳ
748 2901 788 2935 Ε.
1096 2912 1150 2946 19.
1177 2899 1231 2945 ὃν]
1253 2899 1270 2934 ὃ
1289 2900 1330 2934 Ε,
1428 2897 1711 2941 ἀναλαμβάνουσι

123 2948 204 2993 (sic)
226 2948 267 2983 E.

883 3017 907 3041 G
931 3014 952 3041 2
