2012 3272
470 148 538 188 IN
580 148 922 189 EPISTOLAM
964 148 1045 188 AD
1090 148 1421 189 HEBRAEOS.
1654 152 1736 190 421

152 256 474 322 γεγραμμένον
517 264 543 286 ‘⁶
563 260 663 308 Τοῦ
716 257 764 308 δὲ
807 257 1021 321 πλήθους
1065 260 1159 308 τῶν
1202 255 1566 307 πιστευσάντων
1608 255 1666 320 ἧν
1710 215 1950 321 ήξλῖῗξξξ]

153 344 179 366 “
205 337 372 403 καρδία
399 339 474 388 καὶ
500 338 528 402 ἡ
554 338 691 406 ψυχὴ
718 339 841 401 μιά.”
887 337 1091 389 ἑκάστου
1117 337 1210 404 γὰρ
1237 342 1330 389 τῶν
1355 338 1738 390 πεπιστευκότων
1756 320 1953 358 Ap.1V.32.

152 418 272 469 κατά
309 442 362 484 γε
399 419 482 470 τὸν
520 422 602 484 τῆς
641 421 758 474 ἰδίας
792 420 1102 473 ὑποστάσεως
1143 419 1291 486 λόγον
1334 421 1739 488 διεσχοινισμένου

151 503 245 550 τῶν
271 500 453 563 ἄλλων,
481 501 599 552 ὅσον
624 502 733 566 ἧκεν
758 506 819 556 εἷς
853 502 1197 562 ταυτοβουλίαν
1223 503 1298 552 καὶ
1322 501 1408 565 τὴν
1434 502 1630 565 ἑνότητα
1656 505 1740 566 τῆς

110 581 368 644 5πίστεως,
401 582 537 650 ψυχὴ
575 583 767 634 πάντων
797 582 911 635 εἶναι
949 584 1032 647 μία
1070 584 1259 649 λέγεται
1297 585 1373 634 καὶ
1414 585 1593 650 καρδία·
1646 582 1739 652 ἀρα

151 663 231 713 οὖν
258 664 332 713 καὶ
371 663 489 714 κατὰ
528 671 695 716 τοῦτον
730 668 805 716 καὶ
841 666 972 716 αὐτοὶ
1009 665 1093 716 τὸν
1124 665 1315 731 τρόπον,
1342 670 1438 716 τῶν
1463 666 1739 732 προσώπων
1758 676 1846 712 485
1871 676 1933 712 M·

150 743 237 808 τὴν
276 745 445 796 ἕνωσιν
488 747 738 812 ὁμολογεῖν
778 747 1011 813 ἐγνώκασι
1036 769 1048 809 ;
1097 750 1190 798 Καὶ
1228 747 1347 810 μετὰ
1384 748 1586 816 βραχέα·
1644 751 1739 800 Καὶ

150 826 330 878 οὐδέπω
358 826 513 895 φαμὲν
537 829 586 878 ἐν
610 832 677 898 τῷ
703 829 982 898 ἀνθρωπίνῳ
1003 828 1191 892 σώματι
1217 829 1303 893 τὴν
1326 836 1408 880 τοῦ
1429 833 1555 880 Θεοῦ
1578 829 1740 896 Λόγου

149 910 524 978 περιγεγράφθαι
561 909 723 979 φύσιν·
771 911 960 962 ἄποσον
997 910 1092 977 γὰρ
1129 910 1184 962 τὸ
1217 915 1357 962 θεῖον.
1409 909 1528 962 Εἶτα
1559 912 1738 978 ἐπάγει·

84 988 363 1058 ω”Οψεταί
392 1014 461 1044 τις
492 993 540 1042 ἐν
579 995 780 1061 Χριστῷ
818 992 872 1043 τὸ
911 992 1205 1058 ἀνθρώπινον
1243 994 1430 1047 τελείως
1469 994 1592 1061 ἕχον,
1620 993 1741 1045 κατά

149 1095 203 1138 γε
241 1072 323 1123 τὸν
347 1076 429 1137 τῆς
465 1074 579 1127 ἰδίας
613 1074 805 1143 φύσεως
836 1075 1000 1140 λόγον·
1057 1076 1226 1138 ὁμοίως
1265 1098 1314 1126 τε
1353 1076 1532 1126 τέλειον
1569 1074 1653 1127 τὸν
1691 1078 1741 1127 ἐκ

150 1159 274 1206 Θεοῦ
314 1156 468 1224 φύντα
505 1157 678 1223 Λόγον·
731 1158 861 1222 πλὴν
900 1159 979 1209 ἕνα
1015 1158 1098 1209 τὸν
1137 1159 1194 1228 ἐξ
1229 1160 1408 1227 ἀμφοῖν
1447 1159 1739 1225 ὁμολογήσει

149 1238 366 1303 Χριστὸν
393 1241 468 1289 καὶ
494 1238 625 1302 Υὶὸν,
652 1241 705 1290 οὐ
728 1240 1004 1306 προσώπων
1031 1241 1195 1292 ἑνώσει
1222 1240 1368 1304 μόνον
1394 1245 1629 1296 συντιθεὶς
1654 1242 1740 1306 τὴν

150 1322 430 1384 οἰκονομίαν,
456 1322 713 1386 συλλέγων
741 1322 790 1373 δὲ
823 1327 1015 1386 μᾶλλον
1042 1325 1102 1376 εἰς
1136 1322 1183 1373 ἓν
1213 1321 1296 1376 τὰς
1322 1323 1490 1392 φύσεις
1527 1323 1736 1391 ἀποῤῥή-

83 1422 128 1460 15
149 1424 240 1455 τως
265 1425 319 1468 γε
344 1404 420 1453 καὶ
446 1403 559 1469 ὑπὲρ
584 1403 744 1469 λόγον,
773 1406 834 1457 ὡς
858 1405 998 1458 αὐτὸς
1025 1405 1144 1470 ε”γνω
1171 1406 1195 1456 ὃ
1223 1403 1360 1458 Θεός.
1402 1406 1478 1455 καὶ
1507 1406 1560 1455 οὐ
1588 1405 1738 1469 δήπου

150 1483 305 1551 φαμὲν
331 1483 562 1552 ἀνάχυσιν
592 1483 755 1552 ὥσπερ
781 1485 883 1536 τινὰ
922 1489 1164 1550 συμβῆναι
1203 1489 1308 1552 περὶ
1343 1485 1426 1540 τὰς
1463 1486 1645 1553 φύσεις,
1674 1489 1737 1541 ὡς

147 1569 437 1630 μεταστῆναι
471 1566 556 1629 μὲν
582 1566 668 1630 τὴν
693 1573 776 1618 τοῦ
802 1567 964 1633 Λόγου
991 1568 1141 1636 φύσιν
1169 1573 1230 1622 εἷς
1257 1568 1341 1632 τὴν
1367 1574 1450 1619 τοῦ
1485 1569 1737 1634 ἀνθρώπου

146 1646 306 1715 τυχόν·
373 1649 484 1698 ἀλλ’
528 1647 630 1699 οὐδὲ
671 1650 728 1699 αὖ
773 1648 858 1714 τὴν
900 1651 1201 1715 ἀνθρωπίνην
1241 1654 1302 1704 εἷς
1347 1649 1432 1714 τὴν
1470 1651 1613 1701 αὐτοῦ
1653 1656 1738 1702 τοῦ

147 1728 326 1794 Λόγου·
370 1729 619 1794 νοουμένης
645 1730 692 1781 δὲ
719 1735 909 1794 μᾶλλον
936 1733 1011 1782 καὶ
1034 1732 1339 1799 ὑπαρχούσης
1359 1732 1577 1799 ἑκατέρας
1604 1734 1652 1783 ἐν
1671 1737 1738 1802 τῷ

79 1836 128 1861 20
146 1814 228 1875 τῆς
255 1812 371 1866 ἰδίας
398 1812 591 1880 φύσεως
617 1812 725 1881 ὅρῳ,
752 1812 1023 1880 πεπράχθαι
1051 1813 1207 1882 φαμὲν
1233 1813 1319 1877 τὴν
1345 1814 1529 1877 ἕνωσιν,
1556 1813 1733 1879 ἐνοική-

146 1915 320 1947 σαντος
358 1898 441 1944 τοῦ
482 1893 643 1958 Λόγου
681 1899 964 1957 σωματικῶς
1002 1898 1069 1964 τῷ
1108 1896 1158 1946 ἐκ
1195 1896 1431 1962 παρθένου
1472 1899 1583 1965 ναῷ.
1641 1899 1735 1948 Καὶ

145 1976 243 2034 μετ’
284 1976 438 2041 ὀλίγα·
492 1974 556 2025 Εἴ
591 1998 660 2029 τις
703 1976 784 2026 οὖν
828 1975 919 2043 ἄρα
963 1977 1092 2042 λε’γει
1135 1975 1292 2040 μόνων
1332 1977 1608 2044 προσώπων
1648 1978 1736 2044 τὴν

146 2057 328 2120 ἕνωσιν,
370 2055 650 2110 ἀποδιιστάς
693 2056 968 2124 ὁλοτρόπως
1012 2058 1246 2124 ἀλλήλων
1287 2059 1372 2113 τὰς
1415 2059 1597 2128 φύσεις,
1642 2062 1734 2131 ἔξω

145 2143 227 2205 τῆς
266 2141 441 2195 εὐθείας
480 2142 671 2210 φέρεται
711 2143 890 2208 τρίβου.

193 2278 225 2315 7.
251 2270 335 2314 μετὰ
351 2269 484 2315 βραχέα
501 2269 593 2304 edidi
611 2282 653 2304 ex
672 2270 813 2315 Seriptt.
832 2271 911 2306 Vet.
930 2272 953 2305 l.
969 2283 998 2305 c.
1016 2271 1092 2315 μεθ’
1112 2272 1209 2317 ἕτερα
1227 2272 1295 2308 Ed.
1480 2281 1604 2316 15-21.
1633 2274 1732 2310 Haec

145 2316 253 2351 citant
271 2322 303 2350 et
321 2328 350 2351 a.
364 2317 423 2351 fol.
437 2329 482 2362 49
501 2317 567 2351 sub
585 2317 688 2351 titulo
704 2320 765 2351 τοῦ
782 2318 884 2352 αὐτοῦ
898 2318 934 2351 ἐκ
947 2319 1006 2361 τῆς
1019 2319 1192 2362 ἑρμηνείας
1203 2321 1260 2363 τῆς
1273 2320 1359 2364 πρὸς
1375 2320 1532 2364 ἑβραίους
1545 2322 1733 2366 ἐπιστολῆς

145 2369 178 2397 et
194 2362 282 2397 Cod.
303 2362 339 2397 S.
354 2363 467 2397 Marci
480 2363 634 2397 venetiis
647 2372 716 2408 573
731 2364 814 2406 (sec.
832 2365 891 2398 xii.
910 2365 1110 2399 testimonia
1127 2366 1327 2410 continens)
1348 2366 1414 2400 sub
1432 2367 1535 2401 titulo
1551 2370 1612 2402 τοῦ
1629 2369 1732 2403 αὐτοῦ

145 2409 182 2442 ἐκ
195 2412 255 2444 τοῦ
266 2409 424 2453 δευτέρου
441 2411 544 2454 τόμου
557 2411 614 2453 τῆς
630 2412 715 2454 πρὸς
726 2411 882 2455 ἑβραίους
895 2411 1091 2455 ἐπιστολῆς,
1106 2418 1139 2446 et
1150 2412 1298 2447 Niketas
1311 2412 1501 2447 Choniates
1515 2414 1551 2448 in
1566 2414 1733 2459 Panoplia

146 2455 343 2501 dogmatica
369 2456 574 2499 (codicibus
602 2456 1020 2492 Mediceo-Laurentiano
1038 2458 1130 2493 Plut.
1156 2459 1202 2494 ix.
1223 2470 1278 2501 24,
1307 2459 1499 2493 Bodleiano
1524 2467 1645 2495 nostro
1659 2462 1732 2496 Roe

147 2512 188 2536 22
207 2503 267 2536 fol.
287 2503 353 2536 218
367 2503 417 2546 v),
437 2502 502 2537 sub
521 2503 622 2537 titulo
645 2503 680 2537 ἐκ
706 2505 764 2547 τῆς
785 2504 959 2548 ἑρμηνείας
975 2506 1033 2548 τῆς
1049 2506 1135 2548 πρὸς
1152 2507 1309 2549 ἑβραίους
1327 2506 1523 2551 ἐπιστολῆς,
1542 2514 1575 2541 et
1594 2508 1730 2553 Euthy-

144 2549 237 2582 mius
252 2549 450 2592 Zigabenus
469 2550 505 2583 in
522 2549 689 2594 Panoplia
706 2549 903 2595 dogmatica
921 2551 1031 2593 (Bibl.
1052 2552 1089 2586 S.
1110 2552 1287 2586 Laurentii
1305 2553 1538 2587 Escorialensi
1556 2553 1600 2589 X.
1619 2554 1665 2588 iii.
1680 2556 1731 2600 5),

145 2600 178 2628 et
196 2595 377 2639 Ephraim.
403 2596 426 2629 1.
446 2607 475 2629 c.
502 2601 535 2629 et
559 2607 671 2641 usque
698 2596 819 2630 ἕνωσιν
853 2597 1061 2632 Anastasius
1089 2597 1222 2632 Sinaita
1240 2599 1342 2643 (Viae
1361 2599 1445 2633 Dux
1466 2600 1547 2645 188)
1567 2606 1599 2634 et
1616 2606 1732 2635 totum

146 2640 269 2675 Latine
296 2642 334 2675 in
362 2641 508 2676 Leontio
539 2642 735 2687 Byzantino
765 2649 886 2677 contra
919 2644 1061 2679 Nestor.
1088 2650 1121 2678 et
1147 2645 1387 2691 Eutychianos
1413 2646 1473 2680 lib.
1498 2646 1535 2686 i.‚
1567 2646 1731 2681 Gallandi

147 2687 240 2722 Bibl.
261 2687 340 2722 Vet.
360 2688 453 2722 Patr.
472 2689 531 2722 xii.
550 2688 630 2734 673.
813 2698 866 2732 15.
893 2690 932 2724 οὐ
950 2689 1057 2734 δήπου
1075 2702 1104 2725 a.
1126 2690 1240 2726 Chon.
1261 2692 1370 2726 Euth.
1390 2692 1499 2737 Ephr.
1519 2693 1730 2728 Anastasius

147 2733 235 2768 Cod.
268 2734 358 2768 Ven.
387 2733 444 2780 [οὐ
469 2735 520 2768 δεῖ
553 2749 618 2769 που
647 2734 736 2770 Cod.
764 2735 873 2782 Ven.]
902 2737 1047 2771 οὐδέπου
1072 2738 1158 2782 preli
1184 2738 1378 2783 sphalmate
1406 2739 1442 2772 in
1471 2739 1614 2784 Seriptt.
1634 2740 1728 2774 vett.

145 2779 263 2814 Maius
280 2780 375 2815 unde
393 2781 523 2815 οὐδέπω
543 2781 607 2816 Ed.
860 2783 912 2817 18.
938 2783 1016 2817 ἀλλ’
1035 2783 1130 2829 οὐδὲ]
1149 2785 1409 2828 μεταποιηθῆναι
1428 2785 1463 2819 δέ
1483 2785 1598 2820 Chon.
1617 2786 1727 2820 Euth.

147 2825 272 2860 Statim
289 2826 331 2861 αὖ
347 2828 487 2872 reposui
503 2839 521 2861 e
540 2827 682 2873 Scriptt.
695 2828 790 2862 Vett.
807 2828 1006 2864 faventibus
1026 2829 1114 2865 Cod.
1128 2831 1216 2865 Ven.
1235 2837 1268 2865 et
1286 2832 1396 2876 Ephr.
1416 2837 1448 2865 et
1462 2833 1585 2866 Anast.
1599 2832 1730 2866 Sinaita

145 2873 206 2917 qui
230 2873 298 2907 οὐδ’
317 2873 358 2907 αὖ
375 2873 551 2908 exhibent.
602 2874 727 2908 Statim
743 2876 847 2909 πάλιν
863 2875 961 2910 addit
979 2876 1089 2921 Ephr.
1159 2878 1261 2912 αὐτοῦ
1278 2880 1339 2912 τοῦ
1355 2879 1461 2923 λόγου
1481 2877 1569 2912 Cod.
1588 2878 1677 2912 Ven.
1695 2883 1730 2912 et

145 2918 256 2963 Ephr.
277 2919 399 2953 Leont.
426 2920 461 2953 in
481 2919 570 2954 Gall.
590 2923 649 2954 τοῦ
670 2923 778 2965 λόγου
801 2921 968 2956 Leontius
988 2923 1025 2957 in
1045 2923 1187 2968 Scriptt.
1201 2924 1295 2958 Vett.
1316 2923 1429 2957 Chon.
1451 2924 1559 2958 Euth.
1577 2924 1679 2958 αὐτοῦ
1696 2936 1726 2958 a.

146 2965 270 3000 Anast.
291 2965 424 3001 Sinaita
441 2966 519 3000 θεοῦ
538 2966 603 3000 Ed.
750 2978 804 3002 20.
830 2968 1181 3015 ἐνοικήσαντος-ναῴ
1200 2970 1328 3004 desunt
1344 2970 1380 3004 in
1400 2970 1545 3005 Leontio
1565 2969 1727 3016 [Scriptt.

145 3011 259 3056 vett]
413 3024 465 3047 21.
493 3011 544 3057 ἐκ]
571 3017 603 3054 «Ιε
628 3015 685 3057 τῆς
702 3012 798 3058 ἁγίας
816 3014 927 3059 Ephr.
