1981 3247
287 146 362 181 622

338 264 480 312 gloriae
504 264 624 301 Patris
645 268 694 302 65
716 277 736 301 e
773 266 872 302 idem
902 267 1045 302 diverse

339 329 519 376 probatur
540 331 684 371 66-72‚
710 332 783 366 166
801 343 834 367 c.

286 392 624 430 Consubstantialis
640 396 750 430 Pater
768 400 804 430 et
822 394 935 430 Filius
957 407 1044 431 con-

339 458 593 494 substantialis
634 461 710 495 336
746 471 765 494 e
816 471 882 506 per
911 471 950 495 se
979 471 1043 494 ex-

338 522 455 558 istunt
472 525 518 559 16
535 536 555 558 a
568 523 592 558 b
626 535 645 559 e
667 523 819 559 diversis
837 523 905 560 SS.
921 523 1044 571 Scrip-

337 594 443 623 turae
489 587 711 623 testimoniis
757 588 828 623 hoc
866 588 1045 635 probatur

342 653 389 687 16
412 652 540 688 d——19
562 665 595 693 c,
622 654 695 689 152
718 664 749 696 e,
776 655 846 689 161
871 653 927 688 cd
957 665 1044 688 con-

338 716 632 752 substantialitas
679 716 935 752 confusionem
980 723 1045 753 aut

338 781 643 817 commixtionem
686 794 761 817 non
795 781 907 817 efficit
942 784 991 818 34
1013 794 1043 827 e,

339 849 388 883 35
411 859 432 882 a
469 846 611 882 diverse
632 846 812 893 probatur
834 848 882 882 35
904 859 934 883 e.

286 910 622 947 Consubstantialis
638 911 747 946 Pater
767 917 804 947 et
825 912 948 955 Filius,
968 925 1044 948 non

338 976 511 1011 obstante
525 975 623 1023 quod
631 976 845 1011 unctionem
857 988 924 1024 pro
938 977 1044 1013 nobis

338 1039 472 1086 accipit
506 1040 620 1075 Filius
646 1042 719 1076 117
766 1052 841 1075 non
873 1041 1044 1078 obstante

338 1104 436 1151 quod
467 1116 533 1150 per
566 1116 605 1139 se
634 1104 760 1139 existit
789 1104 903 1140 Filius
930 1107 1003 1142 128
1021 1106 1044 1141 b

338 1167 664 1204 consubstantialis
686 1169 761 1204 222
780 1181 808 1212 c,
832 1170 908 1205 233
925 1181 954 1205 e.

285 1239 306 1251 ‘⁴
325 1231 635 1269 consummatum
657 1237 713 1267 est
729 1232 749 1244 ’'
772 1234 848 1268 845
865 1233 887 1268 d
901 1246 934 1270 e.

284 1296 408 1333 Corda
428 1309 474 1332 ne
494 1296 718 1332 obduremus
739 1298 944 1333 cavendum
967 1301 1042 1335 352

337 1362 361 1397 d
374 1374 405 1398 e.

284 1425 433 1463 Corona
463 1426 599 1474 spinea,
621 1427 884 1463 vestimentum
906 1440 1042 1475 purpw

336 1503 441 1527 reum
462 1491 549 1538 quid
569 1491 782 1539 significant
806 1495 906 1528 1044
928 1505 949 1528 a
963 1493 996 1528 b.

285 1554 452 1603 Corpora
482 1560 611 1591 nostra
641 1555 780 1593 Christi
806 1555 964 1604 Corpori
995 1557 1042 1593 si-

337 1620 439 1656 milia
459 1620 517 1656 die
538 1620 833 1656 Resurrectionis
856 1623 931 1658 819
953 1634 984 1657 a.

283 1685 460 1733 Corporis
490 1697 579 1720 cura
609 1685 753 1721 animae
783 1698 860 1721 non
890 1686 1043 1733 prodest

338 1750 404 1785 sed
423 1750 529 1785 obest
550 1751 626 1785 299
647 1749 670 1785 b
684 1762 703 1785 c
717 1749 752 1785 d.

284 1813 429 1861 Corpus
451 1813 623 1861 spiritale,
655 1814 740 1861 quid
768 1813 809 1849 M
832 1816 881 1851 29
904 1815 978 1857 fin„
1000 1815 1041 1851 M

340 1880 387 1914 78
432 1878 601 1919 animale,
635 1878 721 1925 quid
742 1879 785 1913 M
808 1882 856 1916 ’77
878 1880 955 1921 fin.‚
992 1881 1039 1916 78

338 1955 470 1990 corpus
497 1942 603 1978 initio
628 1955 703 1978 non
732 1943 783 1978 ita
812 1950 976 1979 creatum
998 1945 1039 1979 M

339 2010 387 2044 77
410 2008 470 2043 fin.
513 2019 588 2042 non
619 2007 774 2042 animale
805 2020 851 2043 ex
881 2009 1042 2044 essentia

338 2072 403 2107 sed
423 2084 442 2107 e
463 2071 627 2107 moribus
648 2071 689 2107 Μ
713 2074 760 2108 79
781 2073 844 2108 fin.
878 2073 1041 2121 spiritale

338 2136 527 2184 praecedit
554 2136 597 2171 M
619 2138 669 2172 80
690 2136 769 2172 init.
822 2137 1041 2173 humilitatis

337 2206 486 2237 nostrae
508 2200 596 2248 quid
616 2199 657 2235 M
681 2203 743 2236 81.

284 2264 432 2302 Creatio
461 2265 655 2301 hominum
675 2265 792 2313 prima
816 2268 902 2311 122,
927 2269 999 2302 123
1023 2279 1043 2302 a

336 2330 518 2366 recreatio
543 2331 615 2366 123
637 2342 656 2365 c
670 2330 693 2365 d
707 2342 740 2366 e.

284 2394 465 2432 Creatura
508 2394 641 2442 accipit
679 2396 728 2431 99
759 2407 791 2436 e,
837 2398 910 2431 100
938 2395 994 2431 ab
1010 2408 1041 2438 c,

339 2461 429 2495 522.

283 2523 464 2561 Creatura
497 2522 724 2570 corruptioni
763 2523 935 2565 obnoxia,
975 2524 1042 2560 eti-

338 2587 431 2624 amsi
451 2586 523 2622 Dei
542 2587 734 2622 voluntate
763 2587 930 2623 nondum
960 2600 1040 2623 cor-

338 2656 529 2699 rumpetur
551 2653 627 2687 580
649 2663 679 2686 a.

284 2716 446 2754 Credere
476 2720 624 2763 oportet
652 2727 715 2750 eos
745 2715 806 2763 qui
835 2715 1042 2764 intelligere

339 2793 414 2816 non
434 2785 591 2828 possunt
614 2782 688 2816 149
709 2779 776 2821 cd,
802 2782 874 2816 150
898 2780 919 2815 b
965 2793 1041 2816 non

338 2845 490 2881 credere
529 2849 712 2892 prompte,
751 2844 832 2880 Deo
870 2845 1040 2886 docente,

338 2909 498 2946 Veritati
532 2908 713 2945 mendacii
743 2909 883 2945 crimen
915 2909 1038 2945 innec-

817 146 1028 182 INDEX
1086 147 1328 184 RERUM.

1486 161 1875 187 CONSUBSTANTIALIS

1171 272 1249 303 tere
1274 270 1346 304 152
1369 280 1388 304 c
1428 268 1578 304 credere
1609 281 1693 305 cum
1714 275 1873 318 oportet,

1169 344 1245 367 non
1274 332 1453 368 curiosius
1483 334 1723 369 scrutandum
1753 336 1829 370 227
1856 347 1875 370 c

1169 397 1320 432 credere
1358 409 1434 432 non
1472 403 1676 444 potuerunt
1708 398 1871 445 quidam,

1168 473 1234 507 per
1277 461 1413 497 mentis
1450 461 1706 497 infirmitatem
1744 462 1874 497 volun-

1168 525 1300 560 tariam
1329 530 1366 562 et
1392 525 1534 573 gloriae
1564 538 1681 561 vanae
1710 526 1873 562 studium

1170 592 1246 626 556
1269 590 1292 625 d
1306 602 1335 626 e.

1115 653 1273 691 Crucem
1302 654 1399 690 ferre
1428 654 1515 702 quid
1548 656 1646 691 1058
1669 667 1690 690 a
1722 654 1874 691 ferimus

1168 731 1237 754 nos
1257 718 1327 766 ipsi
1348 719 1534 766 quomodo
1559 721 1658 755 1058
1681 719 1703 755 b
1720 731 1753 756 c,

1116 782 1234 831 Culpa
1260 783 1379 819 aliena
1403 784 1441 818 in
1470 784 1595 819 oribus
1624 784 1761 820 nostris
1793 796 1874 820 esse

1168 860 1243 883 non
1264 853 1412 895 oportet
1431 848 1480 884 iii.
1502 851 1589 884 446.

1115 910 1234 948 Cultri
1258 912 1394 960 lapidei
1420 925 1505 948 cum
1522 913 1639 948 Josue
1666 913 1874 960 consepulti

1169 976 1255 1023 quid
1276 976 1488 1024 spiritaliter
1509 976 1722 1025 significant
1739 980 1814 1013 438
1830 990 1861 1014 c.

1115 1040 1250 1077 Cultus
1269 1041 1500 1076 Testamenti
1523 1041 1625 1076 Novi
1651 1054 1734 1077 cum
1761 1041 1874 1089 legali

1168 1105 1270 1140 cultu
1299 1105 1490 1141 confertur
1513 1107 1586 1141 189
1609 1118 1640 1147 c,
1670 1108 1740 1142 191
1765 1106 1823 1142 ab
1839 1118 1871 1148 c,

1172 1172 1245 1206 192
1263 1183 1294 1211 C,
1317 1172 1389 1206 201
1411 1182 1442 1211 a,
1466 1172 1542 1206 209
1560 1170 1593 1215 b,
1616 1173 1692 1206 414
1709 1182 1753 1206 e.·

1114 1232 1264 1270 Cultum
1289 1234 1490 1281 spiritalem
1512 1235 1673 1270 offerunt
1693 1239 1730 1270 et
1749 1234 1873 1283 angeli

1169 1300 1244 1335 633
1267 1299 1331 1335 cd.

1114 1361 1210 1399 Cum
1226 1370 1316 1399 :—“
1334 1363 1542 1399 Nobiscum
1568 1363 1673 1399 Deus
1687 1363 1708 1377 ''
1739 1364 1777 1399 in
1803 1376 1872 1400 no-

1168 1433 1245 1463 stra
1275 1433 1418 1470 natura,
1448 1428 1499 1464 sic
1532 1434 1554 1447 “
1573 1428 1648 1472 Qui
1676 1429 1743 1464 Me
1773 1429 1872 1465 misit

1167 1492 1320 1528 Mecum
1334 1492 1429 1533 est,''
1444 1492 1871 1529 NaturarumUnitatem

1166 1556 1304 1593 indicat
1326 1559 1401 1593 528
1424 1557 1492 1593 ab.

1113 1621 1315 1669 Cupidines
1349 1622 1541 1658 effraenati
1568 1621 1798 1669 potentiores
1827 1622 1870 1657 fi-

1166 1691 1233 1721 unt
1257 1685 1297 1721 M
1323 1688 1381 1727 17,
1410 1689 1455 1722 18
1479 1687 1541 1723 fin.
1589 1687 1733 1723 etiamsi
1763 1687 1871 1722 inno-

1167 1756 1293 1786 centes
1323 1756 1457 1786 natura
1487 1757 1573 1787 sunt
1602 1751 1768 1787 carnales
1794 1751 1870 1787 ani-

1167 1815 1328 1851 malesve
1359 1815 1402 1850 M
1432 1817 1494 1851 79.

1473 1975 1508 2010 D

1112 2072 1333 2108 DAEMONIA
1365 2079 1599 2120 agnoverunt
1624 2086 1663 2108 se
1684 2078 1870 2109 tormenta

1165 2149 1340 2184 passuros
1360 2137 1524 2172 Adventi
1549 2142 1715 2185 tempore
1737 2140 1812 2174 559
1834 2150 1867 2180 e,

1168 2204 1244 2237 560
1265 2214 1285 2237 a
1298 2202 1333 2237 b.

1113 2266 1235 2302 David
1249 2267 1330 2301 Rex
1342 2266 1607 2314 propositionis
1623 2279 1737 2314 panes
1757 2266 1870 2302 edens

1169 2330 1348 2366 Gentium
1399 2335 1510 2378 typus
1560 2331 1870 2378 reliquiarumque

1166 2395 1396 2431 Judaeorum
1418 2397 1494 2431 390
1515 2395 1582 2431 ab.

1113 2459 1244 2500 David,
1285 2472 1353 2507 pro
1390 2458 1540 2496 Christo
1579 2471 1687 2506 saepe
1725 2459 1869 2506 positus

1167 2527 1242 2561 403
1265 2523 1299 2559 b.

1112 2588 1324 2635 Decalogus
1343 2588 1422 2623 vide
1441 2587 1675 2624 Mandatum.

1114 2652 1294 2699 Decalogi
1314 2652 1461 2687 tabulae
1491 2664 1601 2700 super
1620 2652 1782 2700 lapidem
1810 2653 1865 2688 in-

1165 2716 1339 2763 sculptae,
1359 2716 1382 2752 J
1386 2716 1587 2752 udaeorum
1601 2729 1664 2753 cor
1681 2717 1868 2764 lapideum

1166 2781 1418 2828 praefigurant
1437 2781 1481 2816 M
1504 2783 1552 2817 89
1575 2781 1637 2817 fin.

1112 2844 1251 2880 Decem
1272 2858 1447 2882 numerus
1467 2845 1652 2893 perfectus
1674 2849 1749 2882 357
1767 2859 1797 2884 a.

1112 2908 1263 2946 Decima
1284 2910 1376 2946 hora
1396 2910 1481 2958 quid
1503 2910 1689 2958 significat
1714 2913 1787 2947 130
1810 2911 1844 2946 d.
