2017 3252
86 256 176 290 484
196 255 258 290 M.

56 322 141 352 Maii
158 323 222 352 Pa-

54 369 144 395 trum
162 365 248 396 Bibl.

56 408 143 438 Nov.
157 409 190 438 ii.

54 453 129 491 484.

52 538 72 557 e
91 531 180 558 tomo

55 574 156 601 sexto.

57 1034 153 1065 Rom.
170 1034 190 1066 i.
212 1044 227 1064 2
236 1045 261 1065 2.

273 155 358 193 420
504 152 554 191 B.
591 149 839 191 CYRILLI
882 148 1228 190 ALEXANDR.
1273 148 1646 189 FRAGMENTA

353 314 557 371 Κυρίλλου
585 315 630 354 ἐκ
658 318 731 355 τῆς
756 312 985 369 ἑρμΗνείαο
1023 317 1096 354 τῆς
1134 312 1242 368 Πρὸς
1274 312 1501 368 Ἐβραίους
1539 314 1783 356 ἐπιστολῆς.

354 440 411 487 Εἰ
442 435 534 502 γὰρ
561 439 635 486 καὶ
667 435 853 500 λέγοιτο
877 432 1022 500 τυχὸν
1048 433 1260 496 ἡνῶσθαι
1286 436 1428 499 σαρκὶ
1454 434 1560 484 καθ’
1591 433 1860 484 ὑπόστασιν

279 520 302 568 ὁ
342 515 599 582 μονογενὴς
637 522 718 566 τοῦ
745 519 870 566 Θεοῦ
899 514 1068 580 Λόγος,
1108 514 1218 565 ἀλλ’
1256 515 1338 565 οὐκ
1373 514 1605 581 ἀνάχυσίν
1638 537 1741 565 τινα
1774 513 1862 578 τὴν

278 604 340 652 εἷς
385 598 604 662 ἀλλήλας
645 602 738 648 τῶν
780 597 974 665 φύσεων
1016 595 1288 663 πεπράχθαι
1326 595 1498 663 φαμὲν,
1540 596 1774 660 μενούσης
1812 594 1861 646 δὲ

278 686 468 744 μᾶλλον
508 679 725 745 ἑκατέρας
759 679 888 729 τοῦθ’
920 677 1034 743 ὅπερ
1070 679 1214 740 ἐστὶν,
1241 677 1453 740 ἡνῶσθαι
1488 680 1630 743 σαρκὶ
1668 682 1903 739 νοοῦμεν5

278 761 360 812 τὸν
388 760 563 826 Λόγον.

405 915 609 972 Κυρίλλου
647 915 694 955 ἐκ
731 915 815 955 τῶν
855 912 914 955 eie
952 913 1059 969 Πρὸς
1089 912 1318 969 ‘Esspuiouc
1357 912 1557 970 δευτέρου
1594 913 1740 961 τόμου.

353 1030 380 1051 “
404 1023 676 1076 Φοῖσκοντες
708 1021 820 1073 εἶναι
847 1024 993 1087 σοφοὶ
1021 1020 1363 1086 ἐμωράνθησαν
1379 1022 1401 1036 ”
1430 1019 1548 1071 κατὰ
1575 1020 1628 1070 τὸ
1655 1042 1863 1085 γεγραμ-

280 1104 436 1167 μένον·
487 1103 844 1156 ἀποδιιστάντες
869 1102 961 1168 γὰρ
989 1102 1221 1166 ἀλλήλων
1246 1102 1328 1155 τὰς
1355 1101 1437 1153 δύο
1464 1101 1645 1170 φύσεις,
1674 1103 1747 1152 καὶ
1775 1100 1864 1151 ἀνὰ

280 1186 418 1252 μέρος
451 1187 560 1249 ἡμῖν
587 1185 808 1251 ἑκατέραν
835 1186 1060 1252 ἀσυναφῆ
1091 1183 1286 1250 θατέροις
1313 1183 1608 1245 δεικνύοντες,
1636 1185 1684 1233 ἐν
1706 1182 1864 1245 μόνοις

279 1267 554 1332 προσώποις
594 1269 716 1334 φασὶ
756 1265 975 1330 γενέσθαι
1013 1265 1098 1328 τὴν
1125 1265 1306 1315 ἕνωσιν·
1353 1267 1429 1315 καὶ
1469 1267 1530 1317 ὡς
1565 1265 1612 1315 ε”ν
1647 1287 1701 1330 γε
1740 1268 1865 1333 ψιλῇ

281 1349 545 1399 συναινέσει
591 1350 663 1398 καὶ
705 1348 1023 1415 ταυτοβουλίᾳ
1070 1348 1144 1397 καὶ
1187 1345 1466 1410 θελημοὶτων
1515 1347 1697 1413 ῥοπαῖς’
1763 1347 1861 1397 κατ’

281 1429 424 1481 ἐκεῖνό
462 1453 554 1480 που
593 1429 716 1496 τάχα
756 1428 810 1479 τὸ
849 1431 897 1479 ἐν
920 1433 1019 1482 ταῖς
1045 1427 1252 1496 πράξεσι
1287 1432 1381 1478 τῶν
1407 1428 1553 1493 ἁγίων
1578 1426 1865 1478 ἀποστόλων

329 1557 429 1594 Quae
448 1563 643 1602 sequuntur
660 1556 695 1590 in
715 1556 908 1601 Epistolam
927 1555 970 1589 ad
988 1555 1169 1589 Hebraeos
1187 1555 1383 1600 fragmenta
1395 1554 1537 1597 Graeca,
1551 1554 1653 1588 nobis
1671 1553 1829 1588 exhibuit
1846 1566 1864 1589 e

280 1604 440 1638 fontibus
464 1609 504 1638 ut
529 1603 666 1637 videtur
690 1603 815 1644 tribus,
842 1603 962 1636 Maius
987 1602 1022 1635 in
1050 1601 1140 1635 Bibl.
1168 1602 1270 1635 Nova
1295 1602 1437 1635 patrum
1459 1601 1494 1635 ii.
1511 1601 1685 1643 484—486.
1736 1600 1864 1635 Fontes

282 1657 396 1685 autem
416 1650 473 1684 hi:
500 1649 609 1684 codex
627 1650 818 1692 vaticanus,
837 1649 919 1683 olim
938 1648 1186 1688 columnensis,
1205 1648 1425 1693 bomycinus,
1446 1659 1534 1692 opus
1559 1647 1601 1681 de
1621 1647 1864 1682 Incarnatione

283 1697 477 1737 continens,
505 1696 583 1731 vide
615 1696 726 1740 ipsius
762 1696 980 1740 Scriptorum
1009 1700 1164 1728 veterum
1193 1706 1320 1728 novam
1351 1695 1589 1728 collectionem
1615 1694 1655 1728 T.
1683 1693 1742 1727 vii.
1775 1694 1864 1734 init„

284 1744 374 1789 (quo
395 1744 429 1777 in
449 1749 545 1776 tomo
564 1743 695 1777 scholia
711 1742 795 1776 haec
813 1741 986 1785 exhibuit)
1006 1749 1039 1775 et
1057 1741 1163 1785 praef.
1186 1740 1335 1786 [scholia
1352 1740 1436 1774 haec
1453 1741 1522 1774 fere
1540 1746 1658 1774 extant
1676 1740 1712 1773 in
1731 1740 1864 1774 Biblio-

283 1790 384 1824 theca
410 1789 601 1823 Bodleiana
625 1795 745 1822 nostra
771 1788 859 1822 Cod.
880 1789 983 1822 Misc.
1007 1788 1070 1829 184
1090 1788 1210 1829 (Auct.
1228 1787 1269 1820 T.
1294 1799 1322 1821 1.
1341 1786 1390 1830 6.)
1417 1787 1563 1821 membr.
1591 1798 1659 1821 sec.
1679 1786 1750 1826 xiii,
1777 1798 1864 1832 quo-

283 1848 365 1870 cum
391 1836 573 1870 conferens
603 1847 632 1869 a„
662 1834 813 1879 signavi]
829 1848 837 1868 ε
881 1834 1018 1868 Leontii
1053 1834 1364 1878 Hierosolymitani
1396 1832 1564 1867 adversus
1592 1832 1865 1878 Monophysitas

282 1882 381 1922 liber,
400 1894 417 1915 e
435 1882 512 1916 cod.
530 1882 605 1915 Vat.
622 1881 718 1915 Maio
736 1881 857 1915 eodem
874 1887 970 1914 tomo
988 1880 1045 1913 vii.
1061 1879 1174 1913 editus
1189 1893 1195 1913 :
1224 1879 1332 1913 codex
1350 1879 1530 1913 vaticanus
1549 1885 1587 1913 ut
1607 1879 1742 1913 videtur
1764 1890 1863 1925 1431,

284 1930 344 1974 qui
362 1928 683 1973 praestantissimus
701 1933 734 1961 et
752 1927 949 1961 Concilium
969 1926 1187 1970 Ephesinum
1206 1926 1369 1960 continet.

334 1988 362 2009 1.
392 1975 489 2008 Haec
507 1986 547 2008 ex
567 1986 669 2018 opere
687 1973 728 2007 de
742 1974 985 2008 Incarnatione
1003 1972 1141 2006 exhibet
1158 1972 1286 2006 Maius.
1306 1972 1413 2006 citant
1430 1979 1463 2006 et
1480 1984 1510 2005 a.
1529 1972 1589 2006 fol.
1611 1971 1656 2017 56
1675 1971 1741 2006 sub
1760 1971 1865 2006 titulo

286 2022 459 2065 Κυρίλλου
487 2021 521 2054 ἐκ
548 2023 607 2055 τοῦ
635 2021 721 2064 πρὸς
746 2020 903 2063 ἑβραίους
926 2018 1161 2062 ὑπομνήματος
1178 2018 1420 2052 Theodoretus
1437 2019 1474 2052 in
1492 2018 1630 2063 dialogo
1650 2018 1865 2052 Inconfusus

283 2068 464 2101 nominato
485 2066 596 2112 [oper.
615 2072 640 2101 t.
658 2068 704 2100 iv.
727 2065 808 2111 168]
830 2067 895 2100 sub
914 2066 1015 2099 titulo
1032 2068 1092 2099 τοῦ
1109 2066 1210 2099 αὐτοῦ
1228 2065 1275 2100 εἷς
1299 2065 1358 2108 τὴν
1383 2066 1557 2109 ἑρμηνείαν
1581 2066 1640 2108 τῆς
1663 2065 1765 2108 αὐτῆς
1794 2064 1866 2098 ἐπι-

284 2116 423 2158 στολῆς,
450 2113 672 2158 Nicephorus
698 2113 732 2146 in
759 2112 952 2147 Antirrhet.
980 2118 1100 2146 contra
1127 2111 1331 2152 Eusebium,
1350 2111 1385 2145 in
1405 2111 1509 2145 Card.
1530 2111 1637 2146 Dom.
1657 2111 1751 2145 Pitra
1770 2110 1864 2155 Spic.

286 2160 434 2194 Solesm.
451 2161 472 2195 i.
491 2169 570 2204 479.

1887 1203 1933 1228 10

329 2207 508 2251 Incipiunt
525 2206 589 2240 Ed.
601 2208 740 2248 νοοῦμεν
754 2206 790 2240 δὲ
806 2207 940 2249 μᾶλλον
957 2205 1009 2238 καὶ
1026 2204 1246 2249 ὑπαρχούσης
1263 2203 1420 2249 ἑκατέρας
1438 2204 1472 2238 ἐν
1488 2206 1534 2249 τῷ
1552 2205 1608 2247 τῆς
1625 2203 1710 2239 ἰδίας
1726 2202 1867 2249 φύσεως
1890 2211 1892 2213 ’

282 2253 351 2299 ὅρῳ
376 2253 570 2297 πεπράχθαι
595 2253 654 2296 τὴν
679 2252 810 2293 ἕνωσιν,
829 2264 916 2297 quae
940 2263 1050 2297 quum
1076 2251 1208 2286 scholio
1226 2252 1332 2295 longo
1350 2252 1466 2295 paullo
1484 2250 1574 2284 infra
1594 2263 1629 2295 p.
1648 2261 1728 2292 421.
1749 2261 1802 2295 19,
1822 2260 1866 2284 20

283 2306 496 2344 repetantur,
515 2299 570 2332 hic
590 2299 702 2332 omisi.
833 2310 864 2332 2.
890 2298 931 2332 Εἰ
947 2298 1012 2343 γὰρ
1031 2296 1100 2342 καὶ]
1123 2297 1197 2332 Inc.
1217 2297 1287 2332 Κᾶν
1304 2297 1333 2330 εἷ
1349 2297 1483 2331 Theod.
1613 2307 1645 2331 2.
1672 2296 1866 2340 Assumpta

287 2347 390 2389 τυχὸν
408 2358 425 2379 e
441 2345 588 2385 Theod.,
608 2346 709 2389 σαρκὶ
727 2357 767 2379 ex
786 2357 816 2378 a.
834 2345 968 2378 Theod.
988 2344 1135 2389 Niceph.
1273 2355 1306 2388 3.
1330 2346 1390 2378 τοῦ
1409 2345 1496 2377 Θεοῦ
1515 2344 1623 2388 Λόγος
1640 2347 1866 2387 assumptum

284 2404 301 2425 e
318 2391 551 2426 Theodoreto.
602 2391 726 2425 Statim
744 2390 822 2425 ἀλλ’
840 2403 910 2425 om.
928 2390 1062 2424 Theod.
1179 2389 1259 2435 3-6.
1286 2391 1497 2434 οὐκ-λόγον
1514 2390 1622 2423 citant
1640 2388 1865 2434 Ephraimius

284 2438 528 2471 Antiochenus
554 2438 845 2482 Archiepiscopus
870 2438 905 2471 in
933 2437 1059 2470 Photio
1079 2436 1170 2471 Bibl.
1190 2447 1268 2480 229.
1295 2448 1329 2480 p.
1346 2435 1408 2469 261
1438 2435 1492 2469 ed.
1520 2435 1670 2469 Bekker.
1697 2434 1865 2468 Leontius

284 2485 320 2517 in
339 2485 471 2528 scriptt.
491 2484 585 2517 Vett.
605 2490 637 2517 et
655 2496 766 2527 usque
785 2484 828 2517 ad
850 2483 934 2527 ὅπερ
959 2484 1053 2517 ἐστίν
1070 2483 1277 2516 Anastasius
1297 2482 1439 2521 Sinasta,
1459 2481 1524 2515 sub
1543 2482 1655 2521 titulo,
1674 2481 1795 2524 ὁμοίως
1811 2481 1866 2515 καὶ

285 2531 320 2563 ἐν
345 2530 427 2577 ἕκτῳ
452 2531 543 2575 τόμῳ
569 2532 627 2573 τῆς
651 2531 751 2573 αὐτῆς
769 2530 952 2574 ἑρμηνείας.
1107 2541 1140 2570 4.
1166 2529 1301 2571 ἄλληλα
1319 2528 1386 2562 Ed.
1406 2528 1573 2561 Leontius
1590 2528 1613 2560 l.
1629 2539 1659 2561 c.
1677 2527 1794 2561 invitis
1812 2538 1865 2561 re-

284 2577 400 2621 liquis.
473 2575 655 2620 μενούσης]
677 2579 780 2618 οὔσης
797 2576 930 2609 Theod.
1097 2584 1129 2619 5.
1156 2573 1252 2608 τοῦθ’
1271 2586 1300 2607 a.
1318 2573 1452 2607 Theod.
1471 2573 1620 2618 Niceph.
1639 2573 1748 2619 Ephr.
1766 2575 1866 2607 τοῦτο

286 2623 403 2656 Maius
422 2634 439 2655 e
460 2622 615 2655 Leontio.
688 2622 783 2655 ἐστιν
801 2622 873 2655 des.
890 2620 1024 2655 Theod.
1242 2621 1274 2654 8.
1295 2620 1460 2654 Scholion
1476 2625 1589 2653 totum
1607 2620 1674 2654 hoc
1691 2619 1865 2665 (φάσκον-

285 2668 627 2713 τες-γεγραμμένον,
654 2668 838 2712 verbisque
863 2668 982 2712 paucis
1008 2673 1182 2711 praeterea
1207 2666 1378 2711 exceptis)
1397 2678 1414 2700 e
1439 2665 1686 2710 Scriptt.Vett.
1704 2666 1762 2700 vii.
1786 2676 1864 2709 140,

288 2715 411 2748 Leont.
433 2714 606 2748 Hierosol.
634 2719 754 2747 contra
774 2713 1041 2758 Monophysitas
1067 2713 1265 2747 continente
1282 2713 1422 2746 exhibet
1440 2713 1570 2752 Maius,
1588 2719 1722 2757 partem
1738 2723 1865 2757 nempe

286 2763 389 2795 8-12.
409 2759 767 2805 φάσκοντες-ῥοπαῖς
785 2766 816 2793 et
835 2772 876 2793 ex
894 2771 995 2804 opere
1014 2759 1055 2793 de
1075 2759 1327 2798 Incarnat'mne,
1346 2770 1433 2804 quae
1452 2764 1485 2792 et
1502 2759 1538 2792 in
1556 2764 1675 2793 nostro
1693 2770 1724 2792 a.
1739 2759 1801 2792 fol.
1820 2770 1864 2804 49

286 2820 318 2841 V.
338 2808 427 2841 inest
445 2807 510 2840 sub
528 2807 629 2840 titulo
652 2809 711 2840 τοῦ
736 2807 837 2840 αὐτοῦ
863 2806 897 2839 ἐκ
923 2808 980 2849 τῆς
1005 2806 1104 2849 αὐτῆς
1122 2805 1318 2849 ἐπιστολῆς,
1336 2812 1370 2839 et
1387 2816 1467 2850 9-p.
1486 2816 1566 2847 421,
1587 2816 1604 2838 2
1632 2810 1725 2839 extat
1744 2804 1865 2838 Latine

286 2854 321 2887 in
350 2854 495 2887 Leontio
521 2853 715 2898 Byzantino
741 2859 860 2886 contra
878 2852 1105 2886 Nestorianos
1128 2855 1162 2886 et
1189 2851 1426 2896 Eutychianos
1452 2851 1511 2885 lib.
1534 2863 1563 2885 1.
1579 2863 1687 2896 prope
1712 2851 1772 2885 fin.
1798 2850 1865 2885 sub

286 2901 387 2933 titulo
402 2900 562 2943 Ejusdem
580 2912 618 2933 em
635 2899 778 2933 secundo
797 2904 883 2933 tomo
900 2898 1194 2942 interpretationis
1211 2898 1373 2942 epistolae
1390 2898 1436 2931 ad
1449 2898 1633 2932 Hebraeos.
1727 2909 1760 2942 9.
1782 2897 1864 2932 ἀπο-

287 2948 480 2981 &lanima
499 2959 528 2981 a.
595 2947 644 2979 καὶ
665 2958 733 2980 om.
753 2958 784 2981 a.
940 2957 992 2979 10.
1020 2943 1203 2979 δεικνύντες
1221 2956 1250 2979 a.
1398 2956 1448 2978 ΙΙ.
1476 2945 1529 2978 καὶ
1547 2944 1589 2979 ὡς
1607 2955 1675 2978 om.
1695 2955 1726 2979 a.
