1981 3267
244 134 300 173 92
647 135 697 176 Β.
732 135 1007 175 CYRILLI
1048 135 1434 177 ALEXANDR.
1571 138 1654 179 xix,
1675 139 1741 189 26,
1762 149 1828 193 27.

244 242 553 302 δυσβουλίας·
620 244 820 309 ἁρμόσει
859 243 952 310 γὰρ
990 242 1148 305 μόνοις
1185 249 1281 298 τοῖς
1319 244 1628 310 ἀπόπληκτον
1666 246 1830 313 ε”χουσι

205 339 227 365 e
244 321 330 386 τὴν
357 324 576 387 διανοιάν,
602 324 656 374 τὸ
682 325 800 390 πρὸς
826 330 964 376 τοῦτο
990 326 1166 391 μωρίας
1196 330 1512 379 κατολισθεῖν.
1563 329 1612 378 τί
1632 329 1712 379 οὖν
1739 328 1829 394 ἄρα

243 409 339 455 τῶν
376 407 625 472 χρησίμων
664 404 898 472 εἰργάζετο
938 406 1013 457 διὰ
1043 406 1209 457 τούτου
1235 408 1479 473 Χριστόςς
1529 413 1719 475 πρῶτον
1745 409 1830 473 μὲν

242 485 384 536 ἐκεῖνό
412 491 581 555 φαμεν,
610 486 681 537 ὅτι
706 486 903 552 μάθημα
930 487 1171 554 κρατύνειν
1198 488 1336 552 ἤθελε
1361 488 1415 540 τὸ
1442 491 1516 540 καὶ
1550 489 1677 559 νόμῳ
1702 513 1826 541 τετι-

20 569 142 643 {20ss
242 568 464 630 μημένον.
506 568 556 619 τί
582 567 675 634 γὰρ
712 570 737 618 ὁ
773 568 849 620 διὰ
877 570 1126 623 Μωυσέως
1160 569 1252 638 ε”φη
1287 568 1498 635 θεσμός;
1545 578 1570 601 “
1590 572 1721 635 Τίμα
1746 571 1828 623 τὸν
1848 592 1871 630 5

242 657 269 678 ‘⁴
293 649 472 714 πατέρα
506 672 597 700 σου
624 652 699 700 καὶ
725 649 810 714 τὴν
836 651 1013 716 μητέρα
1047 672 1153 714 σου,
1180 652 1254 702 ἵνα
1285 652 1334 702 εὖ
1359 674 1440 703 σοι
1464 651 1701 718 γένηται.”
1751 656 1826 704 καὶ

240 731 293 780 οὐ
330 731 468 798 μέχρι
501 737 584 782 τοῦ
614 731 968 797 προτρέπεσθαι
1002 735 1097 782 δεῖν
1129 731 1211 783 τὸν
1242 734 1317 784 ἐπὶ
1355 733 1506 803 τούτῳ
1545 733 1692 800 λόγον
1717 735 1828 798 ἡμῖν

239 811 511 876 ἐποιήσατο,
552 814 662 863 ἀλλ’
692 813 781 877 ἤδη
821 814 897 864 καὶ
938 813 1024 877 τὴν
1065 814 1274 882 ἐσχάτην
1315 815 1424 879 ἡμῖν
1462 818 1829 881 προσηπείλησε

240 894 372 957 δίκην
396 899 492 947 τοῖς
518 894 582 958 μὴ
610 900 749 945 τοῦτο
777 898 892 961 δρᾶν
917 896 1168 958 ἑλομένοις·
1207 898 1255 947 ἐν
1279 896 1370 966 ’ίσῳ
1398 896 1445 947 δὲ
1471 895 1635 964 ὥσπερ
1659 897 1829 948 τέθεικε

240 973 372 1044 λόγῳ
399 975 452 1026 τὸ
485 980 547 1030 εἰς
575 976 700 1026 Θεὸν
726 977 950 1042 ἁμαρτεῖν
976 979 1051 1028 καὶ
1081 977 1188 1031 τοὺς
1220 977 1338 1028 κατὰ
1370 978 1530 1043 σάρκα
1557 978 1823 1046 φύσαντας.
1849 997 1899 1023 10

17 1066 222 1101 1066A.a
239 1056 322 1108 τὸν
347 1056 432 1120 μὲν
457 1056 550 1123 γὰρ
577 1058 834 1127 δύσφημον
861 1060 885 1109 ὁ
913 1057 1054 1121 νόμος
1079 1060 1165 1123 τὴν
1189 1061 1264 1110 ἐπὶ
1296 1059 1483 1130 θανάτῳ
1510 1064 1681 1129 ψῆφον
1708 1063 1823 1112 ὑπο-

17 1132 98 1163 Lev.

17 1176 105 1206 xxiv.
121 1175 170 1208 16.
240 1138 392 1202 μένειν
418 1138 697 1190 κεκέλευκεν·
739 1147 767 1169 “
787 1139 1064 1206 Ὀνομάζων
1090 1140 1196 1207 γὰρ,
1227 1144 1366 1210 φησι,
1393 1141 1446 1193 τὸ
1474 1141 1622 1206 ὄνομα
1652 1143 1829 1209 Κυρίου

242 1227 269 1250 “
295 1220 483 1289 θανάτῳ
519 1220 876 1272 θανατούσθω·”
935 1222 1017 1272 τὸν
1059 1223 1106 1273 δὲ
1144 1227 1240 1277 τοῖς
1278 1229 1498 1288 γονεῦσιν
1537 1227 1715 1291 ἀκρατῆ
1755 1227 1830 1276 καὶ

240 1301 469 1368 ἀχάλινον
508 1302 817 1370 ἐξοπλίζοντα
856 1308 1097 1368 γλῶσσαν
1136 1309 1236 1358 ταῖς
1275 1304 1588 1369 ἱσοστάθμοις
1627 1308 1829 1358 ὑπετίθει

15 1377 122 1409 Exod.

14 1422 82 1454 xxi.
99 1421 149 1454 16.
239 1387 438 1437 ποιναῖς·
481 1390 507 1412 “
527 1385 590 1434 ‘O
613 1389 892 1450 κακολογῶν
912 1384 1019 1451 γὰρ,
1041 1388 1177 1454 φησὶ,
1196 1385 1421 1452 πατεραῆ
1443 1388 1620 1454 μητέρα
1640 1388 1828 1458 θανάτῳ
1851 1405 1898 1444 15

240 1471 267 1493 “
294 1464 604 1516 τελευτάτω.”
657 1463 757 1516 εἶτα
787 1466 1027 1531 τοσαύτην
1060 1473 1142 1518 τοῦ
1182 1467 1435 1530 νομοθέτου
1474 1469 1613 1533 τιμὴν
1652 1469 1823 1521 ἀπονέ-

237 1550 411 1610 μεσθαι
450 1550 543 1597 δεῖν
570 1547 897 1615 διατεταχότος
936 1549 1045 1614 παρ’
1075 1549 1207 1613 ἡμῶν
1244 1554 1339 1603 τοῖς
1378 1550 1584 1617 φύσασι,
1610 1556 1710 1606 πῶς
1743 1553 1826 1603 οὐκ

238 1628 328 1678 ἔδει
378 1627 464 1691 τὴν
507 1630 628 1678 οὕτω
680 1629 933 1694 διαβόητον
974 1630 1173 1693 ἐντολὴν
1215 1633 1291 1681 καὶ
1331 1637 1431 1685 ταῖς
1474 1637 1558 1683 τοῦ
1605 1636 1826 1699 Σωτῆρος

237 1708 550 1775 κρατύνεσθαι
576 1708 775 1778 ψήφοις,
805 1713 879 1761 καὶ
905 1712 1090 1778 ἐπείπερ
1117 1713 1145 1776 ἡ
1172 1712 1351 1767 παντὸς
1386 1715 1567 1779 ἀγαθοῦ
1599 1716 1674 1765 καὶ
1705 1714 1827 1766 ἁπά-

191 1797 328 1854 Ιοσης
367 1792 532 1857 ἀρετῆς
571 1792 667 1842 ἰδέα
706 1791 782 1843 διὰ
819 1792 1009 1859 πρώτου
1049 1794 1313 1861 κεχώρηκεν
1352 1795 1508 1858 αὐτοῦ,
1547 1795 1596 1846 τί
1628 1795 1694 1861 μὴ
1726 1802 1826 1850 ταῖς
1847 1816 1896 1841 20

237 1871 410 1925 ἄλλαις
454 1873 638 1924 συνέθει
684 1876 759 1924 καὶ
805 1874 960 1939 αὐτή,
1022 1875 1196 1941 τρόπος
1248 1876 1342 1944 γὰρ
1387 1876 1533 1931 ὅντως
1583 1879 1749 1944 ἀρετῆς
1801 1879 1826 1929 ὁ

237 1954 629 2022 τιμαλφέστατος
654 1956 682 2018 ἡ
710 1960 771 2009 εἷς
797 1955 964 2021 γονέας
991 1957 1114 2022 τιμή.
1166 1956 1220 2008 τὸ
1249 1957 1298 2009 δὲ
1324 1958 1388 2022 μὴ
1415 1957 1655 2026 πάρεργον
1680 1965 1823 2012 ποιεῖ-

237 2039 352 2085 σθαι
397 2035 483 2099 τὴν
523 2040 585 2090 εἰς
630 2036 797 2091 αὐτοὺς
839 2039 1099 2103 ἀγάπησιν,
1141 2038 1229 2090 κᾶν
1270 2039 1505 2108 ἀφόρητοί
1547 2064 1665 2095 τινες
1707 2042 1826 2105 ἡμᾶς

235 2116 554 2184 περικλύζωσι
589 2122 850 2188 συμφοραὶ,
878 2119 1024 2171 πόθεν
1057 2119 1114 2185 ἧν
1140 2121 1243 2172 εἶπέ
1272 2145 1352 2186 μοι
1390 2126 1569 2185 μαθεῖν,
1597 2126 1632 2173 εὶ
1671 2122 1735 2187 μὴ
1777 2124 1825 2174 ἐν

235 2199 407 2268 πρώτῳ
446 2202 522 2250 καὶ
561 2199 637 2250 διὰ
674 2200 864 2266 πρώτου
891 2205 1143 2268 Χριστοῦ;
1201 2203 1396 2269 ἄριστος
1433 2203 1527 2271 γὰρ
1565 2206 1756 2268 ἀληθῶς
1797 2205 1822 2255 ὁ
1845 2222 1893 2261 25

235 2284 330 2330 τῶν
367 2281 515 2346 ἁγίων
547 2282 912 2347 διαμεμνημένος
951 2285 1169 2346 ἐντολῶν,
1205 2286 1281 2335 καὶ
1320 2288 1402 2349 τῆς
1440 2292 1524 2337 τοῦ
1561 2286 1823 2353 πρέποντος

237 2360 383 2427 θήρας
417 2363 500 2413 οὐκ
535 2363 866 2431 ἐξωθούμενος,
894 2367 981 2433 οὐχ
1007 2367 1032 2416 ὁ
1063 2368 1110 2416 ἐν
1137 2366 1325 2435 γαλήνῃ
1362 2367 1671 2434 πραγμάτων,
1709 2370 1821 2419 ἀλλ’

197 2459 218 2484 C
238 2444 262 2492 ὁ
289 2445 336 2493 ἐν
362 2449 553 2510 χειμῶνι
580 2447 655 2495 καὶ
682 2445 887 2496 κλύδωνι
912 2453 1051 2498 τοῦτο
1076 2446 1142 2512 μὴ
1168 2449 1351 2499 παθών.

312 2523 442 2590 Πρὸς
469 2526 525 2575 δέ
545 2548 599 2591 γε
625 2531 721 2580 τοῖς
748 2528 1001 2593 εἰρημένοις
1039 2529 1221 2579 κάκεῖνό
1253 2534 1392 2597 φημι,
1428 2530 1499 2580 ὅτι
1533 2533 1614 2593 τῆς
1654 2531 1823 2585 οἰκείας

235 2605 412 2671 μητρὸς
462 2606 722 2676 σκανδάλῳ
773 2610 1125 2673 περιπεσούσης
1182 2612 1258 2661 καὶ
1309 2615 1561 2676 λογισμῶν
1610 2611 1822 2680 ἀταξίαις
1843 2633 1893 2670 30

236 2688 605 2755 ἐμπεφυρμένης,
648 2693 749 2742 πῶς
790 2690 873 2740 οὐκ
913 2690 1002 2741 ε”δει
1043 2696 1259 2757 προνοεῖν
1302 2691 1385 2742 τὸν
1429 2692 1639 2758 Κύριον,
1700 2693 1822 2748 Θεὸς

236 2767 329 2834 γὰρ
356 2767 421 2819 ῶν
448 2768 685 2834 ἀληθινὸς,
716 2772 792 2820 καὶ
822 2774 885 2824 εἷς
923 2769 980 2821 τὰ
1012 2774 1094 2835 τῆς
1128 2772 1320 2838 καρδίας
1352 2773 1547 2833 βλέπων
1574 2773 1820 2838 κινήματα,

235 2852 309 2900 καὶ
349 2849 408 2901 τὰ
446 2853 494 2902 ἐν
533 2855 598 2920 τῷ
637 2850 772 2912 βάθει
812 2853 1076 2918 γινώσκων,
1114 2858 1215 2908 πῶς
1258 2852 1316 2906 ἂν
1350 2854 1556 2921 ἠγνόησε
1597 2856 1680 2910 τὰς
1721 2857 1818 2908 κατ’

756 2942 810 2979 18.
835 2944 907 2979 ταῖς
926 2942 967 2977 Ε.
989 2943 1123 2989 Migne.
1142 2945 1212 2979 τοῖς
1230 2943 1295 2978 Ed.
