1981 3267
287 131 341 172 16
689 130 738 172 B.
773 129 1050 171 CYRILLI
1091 126 1478 169 ALEXANDR.
1697 122 1811 164 xviii.
1831 135 1870 178 3.

283 239 565 303 σκεμμένου,
594 238 739 303 μόνον
779 238 827 291 δὲ
865 238 1023 304 μόνοις
1061 236 1269 289 συνόντα
1305 240 1401 289 τοῖς
1431 237 1596 286 ἑαυτοῦ
1628 234 1873 296 μαθηταῖς,

283 322 361 373 ἵνα
401 325 484 387 τῆς
528 327 610 373 τοῦ
653 319 887 388 προδότου
932 321 1125 387 καρδίας
1168 316 1452 385 καταστήσῃ
1503 313 1768 382 καταφανὲς
1818 311 1873 364 τὸ

285 403 472 471 σαθρὸν
499 407 562 458 εἰς
588 402 800 456 σύνεσιν.
852 402 1002 454 δεινὸν
1028 401 1121 468 γὰρ
1146 402 1256 451 λίαν
1281 402 1330 451 ἐν
1354 398 1541 467 ἑκοίστῳ
1566 395 1621 448 τὸ
1647 394 1874 457 συνειδὸς,

285 488 362 537 καὶ
406 485 638 553 θορύβους
687 486 883 536 ἐντεκεῖν
933 486 1009 535 καὶ
1057 481 1227 549 πικρὰς
1276 484 1636 532 ἀνασκαλεῦσαι
1686 476 1875 538 δειλίας,

287 568 401 619 ὅταν
438 591 483 619 τι
521 572 616 619 τῶν
654 567 861 618 ἀνοσίων
897 567 1200 634 ἐπιχειρῶμεν
1234 563 1340 615 ἔσθ’
1367 562 1457 615 ὅτε.
1509 566 1719 612 τοιοῦτον
1750 557 1880 622 οἶμαί
1895 579 1917 618 5

285 674 328 702 τι
367 649 615 704 πεπονθὼς
653 651 678 701 ὁ
716 647 965 716 προδότης,
996 650 1066 709 τήν
1105 671 1155 699 τε
1196 650 1378 717 σπεῖραν
1420 643 1564 708 αὐτὴν
1602 644 1876 705 πολεμικοῖς

289 732 506 800 ὀργάνοις
555 731 909 798 ἐνηρμοσμένην
960 732 1036 782 καὶ
1085 728 1193 784 τοὺς
1238 733 1333 780 τῶν
1375 727 1614 779 Ἰουδαίων
1665 720 1877 793 ὑπηρέτας

253 815 612 882 οέπικομίζεται,
654 813 867 881 καθάπερ
906 812 1011 865 τινὰ
1049 816 1145 864 τῶν
1186 810 1451 875 διαβοήτων
1494 813 1556 863 εἷς
1594 806 1878 873 κακουργίαν

291 896 382 949 ὑπὸ
421 903 553 965 χεῖρα
590 896 884 966 ληψόμενος.
933 893 1033 964 ᾔδει
1071 893 1178 962 γὰρ,
1212 896 1274 948 ὡς
1309 892 1442 956 εἰκὸς,
1478 894 1539 945 ὡς
1571 891 1654 942 οὐκ
1687 888 1744 940 ἂν
1779 889 1879 940 ἕλοι

288 980 403 1032 ποτὲ
434 981 499 1045 μὴ
534 981 636 1048 οὐχὶ
672 984 837 1032 παθεῖν
867 978 1113 1047 ᾑρημένον,
1141 977 1269 1029 ἰόντα
1300 999 1349 1028 τε
1375 975 1493 1042 πρὸς
1519 980 1657 1025 τοῦτο
1691 974 1746 1023 δι’
1773 974 1875 1023 ἐθε-
1901 999 1950 1024 10

290 1064 489 1114 λουσίου
535 1064 699 1130 ῥοπῆς·
756 1062 866 1113 ἀλλ’
912 1063 962 1112 ἐκ
1012 1063 1095 1125 τῆς
1137 1064 1233 1111 τῶν
1278 1057 1527 1125 δρωμένων
1573 1053 1880 1119 ἀνοσιότητος

289 1145 681 1213 παρεφθαρμένος
710 1142 793 1195 τὸν
820 1148 941 1206 νοῦν,
968 1145 1043 1193 καὶ
1069 1141 1250 1207 μεθύων
1280 1140 1442 1206 ὥσπερ
1468 1143 1562 1192 τοῖς
1590 1137 1704 1204 ὑπὲρ
1730 1135 1881 1202 λόγον

289 1226 610 1292 τολμήμασιν,
643 1226 747 1278 οὐδὲ
786 1227 894 1277 ὅποι
932 1224 1047 1277 ποτὲ
1084 1224 1274 1293 φέρεται
1313 1222 1495 1284 βλέπει,
1528 1222 1603 1271 καὶ
1640 1219 1881 1283 ἀνηνύτοις

290 1311 536 1377 ἐπιχειρῶν
574 1310 657 1360 οὐκ
697 1307 988 1360 αἰσθάνεται.
1045 1305 1161 1376 ᾤετο
1198 1304 1292 1372 γὰρ
1324 1304 1394 1356 ὅτι
1424 1308 1482 1372 τῇ
1517 1307 1613 1354 τῶν
1643 1302 1882 1363 ἑπομένων

289 1392 474 1456 πληθύϊ
497 1394 572 1443 καὶ
600 1391 871 1459 ἀνθρωπίνῃ
898 1391 1014 1458 χειρὶ
1039 1391 1123 1453 τῆς
1149 1390 1274 1442 θείας
1293 1387 1436 1438 αὐτοῦ
1462 1384 1698 1449 δυνάμεως
1722 1383 1878 1450 περιέ·
1904 1410 1950 1448 15

290 1498 403 1526 σται
429 1474 561 1527 ποτέ.
611 1476 687 1525 καὶ
712 1472 777 1538 μή
805 1496 877 1523 τοι
904 1470 1153 1539 θαυμάσῃς
1179 1474 1216 1522 εἰ
1249 1473 1383 1521 νοσεῖ
1407 1491 1449 1520 τι
1485 1472 1580 1519 τῶν
1606 1465 1829 1518 τοιούτων
1855 1465 1881 1516 ὁ

69 1557 506 1619 1012Α.ειδείλαιος,
547 1558 622 1608 καὶ
661 1555 881 1622 γέλωτος
909 1554 1020 1623 ἄξια
1057 1550 1367 1621 πεφρονηκὼς
1405 1550 1680 1616 εὑρίσκεται.
1742 1548 1882 1617 ἑτέρῳ

78 2361 129 2384 21.

291 1638 386 1706 γὰρ
409 1639 497 1703 ἤδη
522 1642 605 1703 τῆς
631 1639 797 1689 ἑαυτοῦ
823 1640 985 1707 ψυχῆς
1018 1637 1202 1688 ἀναθεὶς
1237 1632 1346 1687 τοὺς
1379 1633 1538 1686 οἴακας
1565 1633 1638 1682 καὶ
1665 1654 1883 1682 καταπω-

293 1721 451 1787 λήσας
477 1726 543 1791 τῷ
575 1719 788 1790 διαβόλῳ
814 1724 910 1771 τῶν
937 1719 1063 1770 ἰδίων
1090 1716 1371 1781 θελημάτων
1396 1714 1481 1778 τὴν
1508 1714 1743 1783 ἐξουσίαν,
1771 1712 1883 1766 ὅλος

292 1802 350 1868 ἧν
376 1807 459 1868 τῆς
485 1805 657 1855 ἐκείνου
680 1802 861 1867 μανίας,
889 1797 1286 1865 εἶσπεπηδηκότος
1312 1796 1446 1867 ἅπαξ
1466 1799 1541 1848 καὶ
1567 1801 1734 1862 πικροῦ
1761 1818 1884 1848 τινος
1905 1828 1955 1852 20

294 1886 448 1954 ὄφεως
484 1887 614 1950 δίκην
650 1884 1008 1954 ἐμφωλεύοντος
1048 1884 1190 1952 αὐτῷ.
1246 1879 1588 1944 ἀποθαυμάσαι
1627 1879 1672 1930 δ’
1713 1878 1770 1929 ἄν
1801 1900 1884 1940 τις,

296 1970 371 2020 καὶ
411 1969 520 2019 λίαν
559 1966 760 2031 εἰκότως,
787 1964 1130 2031 ἀκαταλήκτων
1165 1987 1215 2015 τε
1255 1962 1468 2030 δακρύων
1494 1962 1633 2031 ἀξίαν
1673 1962 1768 2027 ε’ρεῖ
1800 1959 1886 2022 τὴν

297 2058 380 2103 τοῦ
418 2050 652 2119 προδότου
690 2049 1011 2102 κατάπτωσιν.
1064 2049 1089 2099 ὁ
1129 2047 1223 2115 γὰρ
1265 2046 1370 2113 ἄρτι
1410 2043 1783 2106 συνεστιώμενος
1821 2046 1888 2112 τῷ

297 2139 498 2204 Χριστῷ
537 2136 613 2186 καὶ
653 2132 879 2197 ὁμόσιτος
917 2131 995 2194 ὧν,
1022 2128 1253 2198 τραπέζης
1290 2151 1340 2180 τε
1378 2131 1461 2192 τῆς
1500 2127 1637 2193 ἁγίας
1675 2125 1887 2193 μέτοχος,

253 2219 374 2268 blm}
415 2216 577 2284 λόγων
621 2222 716 2268 τῶν
757 2219 819 2270 εἷς
859 2214 1102 2276 εὐσέβειαν
1147 2210 1524 2264 συναπολαύσας
1565 2214 1661 2263 τοῖς
1705 2208 1886 2271 ἄλλοις,
1909 2236 1957 2275 25

1036 2301 1056 2310 Α

76 2307 256 2349 Supraxiii.
301 2300 509 2364 ἀκηκοώς
543 2323 591 2351 τε
628 2299 853 2366 λέγοντος
878 2299 1085 2364 ἐναργως
1111 2294 1266 2346 “”Ότι
1293 2293 1354 2347 εἷς
1380 2293 1437 2362 ἐξ
1460 2293 1588 2356 ὑμῶν
1614 2290 1888 2357 παραδώσει

303 2389 329 2411 “
354 2383 452 2446 με,”
494 2381 551 2451 ἐξ
581 2382 750 2444 αὐτῶν,
779 2382 841 2434 ὡς
876 2379 984 2433 ε”πος
1020 2382 1175 2440 εἰπεῖν,
1207 2381 1302 2428 τῶν
1333 2373 1704 2441 περιτραπεζίων
1738 2371 1885 2441 ἐξάλ-

302 2473 434 2515 λεται
476 2465 658 2532 δίφρων
699 2465 775 2514 καὶ
816 2465 900 2525 τῆς
940 2460 1265 2512 κατακλίσεως
1308 2458 1414 2524 ἄρτι
1454 2454 1578 2524 τάχα
1617 2454 1890 2517 διαναστὰς,

301 2549 521 2613 δρομαῖος
560 2545 721 2596 ἄπεισι
759 2542 1106 2609 μισθαρνήσων
1137 2540 1392 2603 Ἰουδαίοις,
1420 2539 1472 2590 οὐ
1504 2537 1665 2604 λόγων
1698 2541 1792 2588 τῶν
1827 2540 1890 2590 εἷς

302 2630 547 2690 εὐσέβειαν
591 2629 936 2691 διαμεμνῆσθαι
979 2624 1203 2689 θελήσας,
1246 2623 1328 2674 οὐκ
1373 2621 1563 2674 ἐλπίδος
1607 2622 1692 2684 τῆς
1730 2622 1794 2672 εἰς
1835 2618 1889 2669 τὸ
1911 2644 1962 2681 30

303 2711 486 2774 μέλλον
537 2713 602 2764 εἷς
652 2708 901 2773 ἐπιθυμίαν
951 2706 1120 2769 ἐλθὼν,
1170 2705 1313 2771 ὀλίγα
1364 2703 1412 2755 δὲ
1463 2704 1630 2770 κομιδῇ
1681 2702 1758 2752 καὶ
1807 2706 1891 2752 τοῦ

358 2904 408 2937 13.
435 2891 607 2935 ἀνηνύτοις
627 2891 666 2926 Ε.
687 2888 853 2934 ἀνηνύτως
872 2888 939 2923 Ed.
1110 2899 1162 2932 19.
1189 2886 1269 2922 ὅλος
1288 2885 1329 2920 Ε.
1349 2885 1437 2921 ὅλως
1457 2882 1522 2919 Ed.
1693 2894 1748 2917 20.
1774 2882 1890 2918 εἰσπε-

304 2940 488 2984 πεδηκότος
506 2939 548 2973 Ε.
