2001 3257
318 103 398 142 158
722 108 771 149 B.
806 109 1083 151 CYRILLI
1126 111 1509 152 ALEXANDR.
1698 111 1783 152 xxi,
1808 111 1898 151 1-6.

315 211 406 276 ἄρα
434 211 487 263 τὸ
520 215 824 266 διακωλῦσαν
851 219 926 268 καὶ
959 219 1176 281 ἐμποδὼν
1202 219 1398 285 εὑρεθὲν,
1426 218 1450 269 ὃ
1476 220 1551 270 καὶ
1584 224 1676 270 τῶν
1702 220 1897 285 ἀρχαιο-

269 292 460 358 brebem!
499 295 581 346 τὸν
613 295 758 347 πόνον
797 302 965 349 εἰκαῖον
1004 301 1169 361 ἐτίθει;
1211 302 1259 351 τί
1293 301 1341 351 δὲ
1380 303 1455 351 καὶ
1495 302 1706 366 ἄκαρπον
1738 299 1901 365 ὥσπερ

316 375 471 429 αὐτοῖς
513 378 726 429 ἀπετέλει
768 379 822 430 τὸ
863 379 1111 446 κήρυγμα,
1166 381 1254 451 νὺξ
1291 382 1347 447 ἦν
1386 384 1460 433 καὶ
1503 382 1675 435 σκότος
1718 382 1782 432 ε”τι
1827 383 1901 431 καὶ

319 457 460 521 νοητή
500 481 569 512 τις
609 459 760 526 ἀχλὺς
799 464 874 511 καὶ
914 462 1220 528 δαιμονιώδης
1258 463 1415 528 ἀπάτη
1454 468 1549 517 τοῖς
1583 467 1665 526 τῆς
1700 463 1902 515 διανοίας

317 538 585 604 ὀφθαλμοῖς
623 540 911 606 ἐνιζάνουσα,
940 546 1014 594 καὶ
1049 544 1102 594 τὸ
1137 548 1260 595 θεῖον
1295 544 1438 599 ὅντως
1467 548 1541 596 καὶ
1581 545 1752 609 ἀληθὲς
1793 548 1902 595 ἰδεῖν
1922 563 1944 600 5

318 620 400 669 οὐκ
433 621 618 688 ἐφιεῖσα
645 627 763 690 φῶς.
817 625 871 675 οὐ
897 624 991 692 γὰρ
1016 625 1074 689 ῆν
1101 627 1126 676 ὁ
1152 632 1300 677 ποιῶν
1327 627 1644 694 χρηστότητα,
1674 626 1791 677 κατὰ
1817 626 1903 691 τὴν

315 706 399 751 τοῦ
426 701 706 769 ψάλλοντος
745 706 922 772 φωνὴν,
950 708 1033 758 οὐκ
1059 706 1116 771 ἧν
1140 708 1223 762 ἕως
1250 707 1363 769 ἑνὸς,
1392 708 1522 758 ἀλλὰ
1559 709 1731 762 ποίντες
1768 708 1896 777 ἐξέκ-

316 789 466 846 λιναν,
508 782 605 847 ἅμα
656 786 1001 853 ἠχρειώθησαν.
1075 793 1111 840 εἷ
1158 789 1205 841 δὲ
1257 791 1332 840 καὶ
1383 788 1630 856 τεθήρευτό
1676 813 1776 843 πως
1828 789 1903 840 διὰ

320 866 565 920 Μωυσέως
590 869 615 918 ὃ
637 868 853 935 Ἰσραὴλ,
879 871 989 920 ἀλλ’
1018 869 1076 934 ῆν
1101 873 1149 921 ἐν
1175 871 1267 941 'lo-cp
1294 876 1388 924 τοῖς
1414 872 1505 922 οὐδ’
1537 872 1659 924 ὅλως
1685 875 1903 938 τεθηρευ-

277 963 298 989 0
316 946 485 1009 ,ue'vocs·‚
515 947 599 1012 τὴν
623 950 671 1000 ἐν
697 956 851 1004 σκιαῖς
877 953 952 1002 καὶ
978 952 1140 1006 τύποις
1166 954 1447 1017 ἐπιτηδεύων
1474 954 1707 1019 λατρείαν,
1736 956 1810 1004 καὶ
1836 956 1903 1023 τῷ
1926 972 1974 996 10

90 623 144 654 Ps.
164 622 232 653 xiii.

95 676 120 702 ι,
137 675 167 705 3.

315 1035 570 1081 τελειοῦντι
609 1032 755 1095 μηδὲν
788 1035 1235 1101 παιδαγωγούμενος
1275 1034 1417 1105 νόμῳ.
1475 1035 1546 1086 ὅτι
1584 1035 1677 1101 γὰρ
1716 1037 1898 1103 ἀχρειο-

315 1109 461 1175 τάτην
499 1111 662 1179 ὥσπερ
701 1116 776 1165 καὶ
815 1117 1007 1185 ἀπῳδὸν
1045 1119 1112 1185 τῷ
1140 1121 1248 1186 Θεῷ
1286 1117 1372 1181 τὴν
1403 1119 1451 1168 ἐν
1482 1116 1643 1171 τύποις
1683 1118 1904 1183 λατρείαν

316 1192 591 1259 εὑρήσομεν,
619 1197 816 1247 εὔκολον
843 1201 952 1249 ἰδεῖν
984 1198 1040 1267 ἐξ
1068 1198 1133 1250 ὧν
1171 1199 1255 1252 τὰς
1294 1201 1349 1249 δι’
1376 1199 1585 1262 αἱμάτων
1622 1204 1904 1265 παρωθεῖται

316 1275 484 1329 θυσίας
510 1279 587 1328 καὶ
612 1283 707 1330 πᾶν
733 1277 852 1333 εἶδος
877 1284 1201 1346 προσαγωγῆς
1227 1281 1428 1347 γεώδους
1454 1303 1503 1331 τε
1532 1282 1605 1331 καὶ
1631 1284 1905 1344 σωματικῆς

91 1359 189 1434 ἕξω·
205 1358 247 1390 vi.
316 1363 343 1385 ‘⁶
363 1354 468 1408 Ἵνα
504 1358 553 1408 τί
583 1360 677 1426 γοίρ
702 1383 795 1424 μοι,
823 1364 965 1429 φησὶ,
994 1362 1194 1423 λίβανον
1219 1364 1268 1413 ἐκ
1295 1367 1430 1425 σαβοῖ
1457 1362 1618 1430 φέρετε
1645 1364 1720 1412 καὶ
1746 1362 1901 1413 κιννοῖ-
1927 1382 1975 1421 15

317 1445 344 1467 ‘⁶
368 1462 535 1502 μωμον
574 1443 623 1492 ἐκ
664 1445 751 1508 γῆς
792 1442 1060 1510 μακρόθεν,
1124 1444 1183 1495 τὰ
1229 1444 1602 1506 ὁλοκαυτώματα
1649 1445 1776 1507 ὑμῶν
1822 1444 1904 1494 οὐκ

316 1527 343 1549 “
370 1523 461 1571 εἰσὶ
488 1522 640 1585 δεκτά,
669 1527 743 1574 καὶ
771 1529 817 1575 αἱ
849 1526 1010 1576 θυσίαι
1039 1527 1168 1588 ὑμῶν
1195 1527 1283 1594 οὐχ
1309 1525 1482 1590 ἥδυνάν
1507 1527 1609 1589 με.”

392 1607 486 1654 Καὶ
525 1604 673 1656 ταῦτά
712 1611 884 1674 φαμεν,
924 1609 979 1658 οὐ
1016 1607 1102 1671 τὴν
1142 1609 1336 1674 πρώτην
1371 1610 1445 1658 καὶ
1487 1608 1638 1659 πάλαι
1680 1610 1904 1659 δοθεῖσαν

269 1686 611 1753 ᾶάτιμοῖζοντες
651 1688 860 1753 ἐντολὴν,
887 1691 990 1740 οὔτε
1028 1689 1123 1754 μὴν
1148 1696 1230 1741 τοῦ
1270 1690 1415 1752 νόμου
1449 1694 1726 1755 κατηγορεῖν
1754 1692 1900 1754 ἔγνω-

315 1767 459 1831 κότες,
486 1770 628 1820 ἐκεῖνο
663 1770 710 1821 δὲ
745 1776 937 1833 μᾶλλον
975 1776 1070 1825 τοῖς
1105 1771 1416 1838 ἀκροωμένοις
1448 1772 1688 1825 ἐθέλοντες
1720 1774 1897 1837 ὑποδη-
1926 1791 1977 1816 20

315 1855 446 1913 λοῦν,
473 1851 543 1901 ὅτι
581 1858 665 1903 τοῦ
703 1852 894 1904 πάντων
922 1853 1177 1905 Δεσπότου
1204 1857 1328 1905 Θεοῦ
1366 1853 1485 1919 πρὸς
1523 1853 1668 1916 μόνον
1703 1854 1904 1920 ὁρῶντος

314 1934 397 1995 τῆς
447 1933 751 1999 εὐαγγελικῆς
800 1937 1039 1989 πολιτείας
1084 1935 1138 1986 τὸ
1184 1935 1377 1998 κάλλος,
1424 1938 1499 1987 καὶ
1545 1940 1587 1986 οἱ
1632 1934 1709 1986 διὰ
1760 1934 1905 1999 νόμου

315 2014 638 2079 τεθηρευμένοι
699 2016 819 2082 πρὸς
880 2016 965 2082 τὴν
1015 2019 1063 2068 ἐν
1114 2023 1268 2071 σκιαῖς
1332 2023 1407 2068 καὶ
1464 2017 1627 2072 τύποις
1679 2017 1906 2081 ἀνόνητον

316 2097 540 2161 λατρείαν
591 2098 639 2147 ἐν
690 2097 782 2167 ἴσῳ
833 2122 933 2152 πως
978 2098 1179 2150 τέθειντο
1223 2104 1319 2152 τοῖς
1364 2100 1493 2150 οὔπω
1545 2099 1904 2166 τεθηρευμένοις,

90 2194 237 2225 Heb.ix.
317 2176 451 2244 ἄχρις
483 2175 541 2228 ἂν
568 2179 593 2228 ὁ
619 2182 702 2242 τῆς
741 2179 1034 2246 διορθώσεως
1073 2179 1326 2248 ἐπιλάμψῃ
1364 2180 1534 2247 καιρὸς,
1570 2181 1791 2246 λέγοντος
1825 2182 1900 2232 ε’ν-
1927 2195 1975 2234 25

90 2247 197 2331 ἐζῇπα
317 2263 474 2324 αργῶς
515 2265 598 2310 τοῦ
629 2264 860 2327 Χριστοῦ,
903 2261 979 2312 ὅτε
1020 2262 1211 2328 γε’γονεν
1251 2263 1497 2329 ἄνθρωπος
1538 2262 1710 2328 “Ἐγώ
1749 2267 1838 2326 εἰμι
1877 2264 1904 2328 ἡ

90 2324 200 2355 x1v.6.
276 2347 346 2384 <³⁶⁶
371 2340 615 2405 ἀλήθεια.”
671 2347 708 2393 εὶ
747 2343 795 2394 δὲ
834 2346 906 2394 δεῖ
938 2343 1118 2398 τούτοις
1159 2346 1234 2394 καὶ
1276 2343 1431 2410 ἕτερόν
1477 2367 1521 2394 τι
1562 2345 1778 2407 ἐπειπεῖν,
1822 2346 1906 2396 οὐκ

318 2422 507 2486 ὀκνήσω
547 2423 623 2474 διὰ
660 2424 714 2475 τὸ
752 2425 1005 2492 χρήσιμον.
1062 2429 1104 2476 οἱ
1142 2425 1260 2491 πρὸς
1299 2425 1385 2490 τὴν
1423 2428 1472 2477 ἐκ
1513 2426 1656 2489 νόμου
1694 2427 1906 2491 μάθησιν

320 2505 592 2568 κεκλημένοι
632 2505 706 2555 διὰ
748 2506 1008 2569 Μωυσέως,
1051 2508 1126 2557 καὶ
1167 2507 1308 2558 αὐτὸν
1347 2506 1430 2558 τὸν
1472 2507 1668 2559 δοθέντα
1710 2509 1902 2560 διαπτύ-

320 2608 491 2638 σαντες
526 2585 669 2649 νόμον
695 2590 769 2637 καὶ
796 2592 1045 2655 μονονουχὶ
1073 2588 1232 2640 πλατὺ
1259 2593 1490 2654 γελῶντες
1518 2589 1636 2640 κατὰ
1663 2594 1744 2654 τῆς
1770 2593 1905 2658 ἁγίας
1925 2617 1977 2653 30

95 2675 256 2707 S.Matth.
320 2668 528 2731 ἐντολῆς,
555 2669 812 2734 ε’τροῖποντο
845 2668 961 2735 πρὸς
989 2670 1301 2723 διδασκαλίας
1326 2669 1596 2734 ε’ντάλματα
1622 2672 1901 2737 ἀνθρώπων·

95 2730 197 2762 xv.9.
322 2749 624 2800 κατώλισθον
656 2748 703 2800 δὲ
740 2750 859 2816 πρὸς
898 2756 1035 2801 τοῦτο
1074 2755 1291 2817 σκληρᾶς
1331 2754 1405 2802 καὶ
1444 2752 1670 2818 ἀτέγκτου
1708 2758 1904 2819 βουλῆς,

349 2917 401 2940 11.
428 2908 581 2941 τελοῦντι
601 2907 734 2953 Migne.
807 2908 897 2954 νόμῳ
916 2907 999 2942 E.F.
1017 2907 1084 2942 Ed.
1104 2919 1175 2953 mg.
1195 2909 1294 2953 νόμος
1315 2908 1380 2943 Ed.
1502 2920 1557 2954 23.
1584 2910 1819 2956 τεθυρευμένοι
1838 2911 1881 2946 Ε.
