1981 3247
275 138 351 173 640

325 269 392 293 nes
423 255 572 303 exspuit
606 258 680 292 114
701 254 723 289 d
780 257 936 288 mortem
971 263 1039 298 pro

326 321 432 356 nobis
446 321 534 356 vicit
548 319 721 356 Christus
735 317 896 353 moriens
914 319 987 353 124
1004 328 1036 352 a.

274 385 382 422 Mors
420 385 480 421 cui
519 384 680 420 obnoxia
718 395 874 430 corpora
910 386 1038 416 nostra

328 463 404 486 non
439 449 589 497 expellit
620 461 666 484 ex
700 447 743 482 iis
783 459 910 482 semen
941 445 1037 480 vitae

332 528 352 550 a
373 513 512 551 Christi
534 512 698 560 Corpore
718 512 872 547 insitum
895 512 970 548 363
988 510 1022 545 d.

277 579 444 616 Mortem
477 591 553 613 non
582 577 708 613 videre
735 576 821 623 quid
851 578 926 612 573
944 575 1002 611 ab
1019 588 1038 611 e

330 643 502 680 humiliat
518 641 690 679 Christus
712 645 787 678 677
803 641 826 676 b
865 652 1038 676 somnum

329 708 510 749 nominat,
548 712 707 742 mortem
747 705 868 741 dicere
908 704 1036 752 dedig-

329 785 422 808 nans
444 774 598 808 Creator
615 771 789 807 Christus
808 772 883 806 679
900 770 923 805 b
965 769 1039 812 Qui

330 843 491 873 mortem
505 837 617 872 verbo
632 848 733 871 mero
748 834 907 871 destruit
921 836 997 871 679
1007 846 1037 870 C.

279 901 425 939 Mortui
455 901 608 937 Christo
637 901 767 936 vivunt
797 899 913 936 680b
963 898 1039 942 Qui

331 980 394 1003 eos
415 979 489 1002 non
511 971 680 1001 mortuos
701 977 781 1000 esse
803 964 872 1000 scit
892 963 940 999 iii.
960 966 1036 1000 543

331 1031 488 1067 mortuis
526 1030 678 1079 prodest
717 1029 856 1064 oblatio
887 1027 933 1063 iii.
961 1030 1036 1064 542

331 1109 410 1144 sqq.

278 1160 422 1198 Mortui
443 1160 528 1195 Deo
549 1172 623 1194 non
653 1158 790 1194 mortui
811 1160 887 1195 573
904 1158 939 1198 b,
963 1159 1038 1194 576

330 1226 365 1270 b,
386 1225 431 1261 iii.
458 1227 544 1261 543.

278 1290 407 1327 Moses
446 1289 587 1325 Christi
625 1294 736 1337 typus
776 1294 814 1323 ut
851 1286 1041 1323 Mediator
1073 1278 1075 1292 ¹

333 1357 408 1392 265
427 1368 458 1397 e,
489 1357 577 1399 266,
600 1356 676 1390 966
721 1358 760 1388 ut
786 1351 978 1400 legislator
1004 1357 1040 1386 et

332 1421 406 1456 dux
429 1422 505 1456 267
521 1433 552 1455 a.

279 1485 380 1522 Mosi
411 1484 637 1528 incredibile,
669 1485 839 1527 600,000
874 1481 1039 1529 peditum

331 1551 367 1586 in
390 1551 537 1586 deserto
558 1561 705 1585 carnem
727 1548 900 1583 daturum
917 1546 1039 1582 Deum

334 1618 409 1653 278
427 1628 459 1657 e,
482 1616 559 1651 279
574 1627 604 1649 a.

280 1680 410 1718 Moses
449 1679 563 1715 semel
600 1678 662 1714 vix
701 1677 870 1717 credidit,
901 1688 970 1711 nec
1008 1676 1039 1711 ei

333 1745 499 1794 pepercit
528 1744 632 1779 Deus
653 1745 729 1779 280
747 1755 767 1777 a
782 1742 805 1777 b
850 1741 1040 1782 diaconus,

333 1810 525 1857 signorum
554 1821 627 1843 non
649 1808 767 1843 factor
788 1806 853 1842 sed
873 1805 1042 1841 minister

338 1877 410 1911 311
429 1886 449 1909 a
466 1886 497 1914 e,
521 1876 597 1909 320
615 1885 645 1909 a.

281 1937 482 1974 Mulierum
504 1950 609 1973 mens
629 1936 810 1972 infirmior
834 1937 907 1971 183
924 1935 957 1970 b.

280 2002 420 2039 Mulier
464 2001 709 2038 reverentiam
759 2000 869 2036 debet
908 1998 951 2035 M
992 2001 1040 2036 62

338 2066 391 2117 [p.
417 2064 525 2117 281],
549 2069 598 2103 63
625 2066 676 2113 [p.
697 2066 803 2112 283}

282 2131 443 2168 Muliere
470 2138 506 2167 et
527 2131 605 2167 viro
633 2143 725 2178 opus
750 2135 815 2175 est,
839 2135 996 2176 utroque
1023 2141 1044 2164 a

335 2196 417 2232 Deo
439 2201 561 2232 creato
582 2194 625 2232 M
648 2198 696 2232 64
718 2195 797 2231 init.

282 2261 451 2299 Mundus
494 2274 602 2309 saepe
642 2260 832 2296 mundana
872 2263 1044 2307 sapentes

339 2327 455 2363 829d
504 2326 640 2374 duplici
674 2338 785 2362 sensu
823 2323 1045 2372 intelligitur

340 2393 413 2427 921
432 2391 455 2426 d
471 2403 503 2428 e.

649 2498 685 2533 N

284 2573 505 2609 NEGANTES
536 2572 658 2608 Deum
686 2572 820 2607 Filium
850 2571 1044 2619 gehennae

338 2639 465 2687 ignem
487 2638 524 2672 in
546 2650 584 2673 se
605 2641 797 2672 arcessunt
819 2639 866 2673 27
884 2648 914 2672 e.

284 2703 482 2750 Negamus
550 2700 799 2748 nosmetipsos
859 2700 1045 2747 quomodo

342 2769 442 2804 1005
457 2780 488 2803 a.

284 2832 552 2880 Negligentiae
572 2832 715 2867 fructus
735 2830 830 2880 ignis
849 2829 896 2865 iii.
920 2832 1007 2867 406.

284 2896 501 2933 Nestoriani
523 2897 727 2932 innuuntur
749 2897 824 2931 394
838 2907 868 2931 a.

812 130 1026 168 INDEX
1088 131 1328 169 RERUM.

1764 143 1867 167 MORS

1108 252 1307 289 Nestorius
1327 253 1373 289 iii.
1399 256 1486 295 535,
1508 255 1598 290 568.

1107 316 1316 353 Nicaenum
1333 316 1554 366 Symbolum
1570 317 1704 353 citatur
1720 316 1767 352 iii.
1779 317 1867 358 468,

1162 383 1238 418 514
1278 381 1486 418 Concilium
1502 382 1673 417 laudatur
1693 394 1714 417 a
1728 380 1868 417 Severo

1159 446 1207 482 iii.
1231 449 1319 483 514.

1108 510 1344 547 Nicodemus
1365 512 1438 547 481
1457 523 1487 553 e,
1510 514 1585 548 482
1600 524 1631 546 c.

1107 575 1257 610 Nomen
1287 588 1309 610 a
1327 575 1409 611 Deo
1434 576 1573 618 datum,
1594 576 1716 611 honor
1736 575 1868 624 ingens

1164 641 1212 676 62
1231 640 1265 675 d.

1106 704 1259 740 Nomen
1279 717 1387 752 saepe
1407 717 1474 752 pro
1495 705 1614 752 gloria
1630 704 1769 740 dictum
1790 705 1867 740 960

1161 782 1180 805 c
1194 769 1227 811 d,
1252 772 1328 806 974
1348 782 1369 805 a
1408 782 1475 817 pro
1495 769 1645 805 Deitate
1667 771 1741 805 971
1759 781 1788 804 c.

1108 840 1128 854 ‘⁶
1143 834 1231 869 Non
1255 833 1445 881 possum,'’
1467 846 1541 868 non
1569 845 1715 880 semper
1735 833 1781 868 de
1800 832 1868 867 im-

1160 898 1327 946 potentia
1357 898 1491 934 dicitur
1518 898 1582 933 sed
1610 898 1655 933 de
1685 896 1869 933 essentiae

1161 962 1360 998 stabilitate
1382 965 1458 999 220
1476 963 1498 998 b
1515 975 1534 998 c
1548 962 1583 999 d.

1108 1034 1132 1047 “
1146 1028 1235 1062 Non
1283 1033 1407 1075 potest
1446 1027 1559 1062 Filius
1603 1039 1624 1062 a
1658 1027 1705 1062 Se
1747 1026 1871 1062 facere

1162 1091 1383 1139 quicquam”
1401 1096 1438 1127 et
1454 1092 1499 1127 de
1515 1090 1774 1127 Incarnatione
1792 1092 1869 1127 220

1162 1169 1193 1198 a,
1216 1159 1292 1193 240
1309 1156 1377 1198 be,
1398 1162 1434 1192 et
1459 1156 1504 1192 de
1534 1156 1706 1191 Essentia
1734 1155 1871 1191 Divina

1162 1221 1472 1258 consubstantiali
1492 1220 1716 1269 intelligitur
1737 1222 1813 1257 220
1831 1219 1868 1261 b,

1164 1288 1237 1323 221
1256 1299 1288 1326 a,
1311 1288 1387 1322 239
1406 1286 1440 1327 d,
1464 1288 1540 1322 240
1557 1297 1587 1321 a.

1110 1351 1253 1386 Nostra
1282 1363 1409 1387 eorum
1442 1362 1534 1397 quae
1562 1362 1672 1397 super
1691 1362 1759 1385 nos
1789 1349 1869 1398 typi

1168 1419 1240 1453 107
1259 1416 1282 1452 b
1299 1429 1328 1452 c.

1112 1481 1213 1521 Nox,
1248 1481 1324 1516 vita
1357 1492 1545 1527 praesens,
1580 1479 1644 1515 lux
1676 1479 1752 1514 vita
1781 1492 1869 1515 ven-

1164 1551 1246 1580 tura
1269 1546 1341 1581 251
1361 1544 1384 1580 b
1431 1550 1600 1591 tempora
1623 1549 1709 1579 ante
1731 1543 1871 1579 Christi

1164 1610 1363 1645 adventum
1389 1611 1502 1650 1114,
1528 1610 1640 1645 1115.

1110 1674 1236 1710 Nocte
1283 1674 1491 1710 lucentibus
1539 1673 1628 1709 luna
1674 1672 1869 1719 astrisque,

1165 1739 1357 1775 confertur
1403 1739 1497 1780 Lex,
1544 1738 1611 1774 soli
1656 1737 1870 1782 lucescenti,

1165 1804 1304 1840 Christi
1316 1803 1563 1851 Evangelium
1580 1802 1623 1839 M
1639 1804 1684 1839 91
1703 1799 1753 1853 [p.
1765 1798 1871 1852 335].

1110 1869 1286 1904 Nubibus
1307 1867 1510 1916 comparati
1526 1866 1734 1915 Prophetae
1751 1870 1824 1903 103
1839 1879 1868 1902 a.

1112 1933 1322 1969 Numerum
1342 1932 1507 1968 virorum
1533 1932 1595 1967 dat
1614 1931 1869 1979 Evangelista‚

1166 1997 1360 2033 mulierum
1389 1997 1664 2043 liberorumque
1691 2009 1767 2031 non
1794 1995 1869 2037 dat,

1167 2075 1307 2097 morem
1327 2061 1488 2108 legalem
1508 2072 1667 2108 sequens
1685 2063 1758 2097 281
1770 2060 1792 2096 b
1807 2073 1826 2096 c
1839 2073 1868 2096 e.

1113 2126 1269 2162 Numeri
1290 2128 1391 2162 1117
1406 2126 1429 2161 b
1443 2138 1473 2162 c.

1113 2190 1362 2226 Nummularii
1378 2190 1511 2238 quibus
1527 2190 1707 2226 creditum
1727 2188 1872 2237 praedi-

1166 2255 1321 2292 cationis
1341 2255 1509 2300 verbum‚
1529 2254 1633 2302 plebs
1655 2254 1704 2290 iii.
1726 2257 1816 2290 474.

1113 2320 1268 2368 Nuptiis
1289 2319 1394 2355 adest
1416 2319 1588 2354 Christus
1612 2323 1783 2354 naturam
1804 2317 1871 2353 ho·

1167 2386 1306 2420 minum
1347 2389 1386 2420 ut
1418 2383 1522 2420 fonte
1559 2384 1640 2431 ipso
1678 2383 1873 2419 benedicat

1173 2452 1245 2486 135
1264 2462 1297 2491 a,
1320 2449 1364 2484 cf.
1385 2451 1460 2484 457
1478 2461 1498 2484 e
1542 2453 1582 2483 ut
1601 2460 1759 2494 poenam
1790 2460 1872 2483 mu-

1166 2513 1247 2549 lieri
1267 2513 1478 2560 impositam
1498 2512 1576 2547 luat
1595 2511 1643 2547 ib.
1661 2512 1696 2554 b,
1722 2513 1795 2548 136
1814 2523 1844 2547 e.

1079 2622 1081 2632 ¹
1114 2578 1282 2625 Nuptiae
1302 2589 1409 2613 verae
1430 2589 1524 2624 quae
1545 2578 1618 2612 183
1636 2576 1669 2613 d.

1474 2731 1509 2766 O

1116 2827 1402 2864 OBEmENTIAE
1418 2828 1623 2875 praemium
1637 2829 1712 2865 vita
1725 2834 1875 2865 aeterna

1172 2895 1247 2930 234
1265 2904 1298 2936 e,
1320 2894 1397 2929 236
1414 2905 1444 2929 e.
