<?xml version="1.0" encoding="UTF-8"?>
<!DOCTYPE html PUBLIC "-//W3C//DTD XHTML 1.0 Transitional//EN"
    "http://www.w3.org/TR/xhtml1/DTD/xhtml1-transitional.dtd">
<html xmlns="http://www.w3.org/1999/xhtml" xml:lang="en" lang="en">
 <head>
  <title>
</title>
<meta http-equiv="Content-Type" content="text/html;charset=utf-8" />
  <meta name='ocr-system' content='tesseract 3.04.00' />
  <meta name='ocr-capabilities' content='ocr_page ocr_carea ocr_par ocr_line ocrx_word'/>
</head>
<body>
  <div class='ocr_page' id='page_1' title='image "./operacyrilli05cyriuoft/operacyrilli05cyriuoft_0478.png"; bbox 0 0 2017 3252; ppageno 0'>
   <div class='ocr_carea' id='block_1_1' title="bbox 88 195 272 235">
    <p class='ocr_par' dir='ltr' id='par_1_1' title="bbox 88 195 272 235">
     <span class='ocr_line' id='line_1_1' title="bbox 88 195 272 235; baseline 0 0"><span class='ocrx_word' id='word_1_1' title='bbox 88 197 174 235; x_wconf 62' lang='grc' dir='ltr'>[ιιι</span> <span class='ocrx_word' id='word_1_2' title='bbox 194 195 272 235; x_wconf 66' lang='lat' dir='ltr'>M]</span> 
     </span>
    </p>
   </div>
   <div class='ocr_carea' id='block_1_2' title="bbox 86 818 276 849">
    <p class='ocr_par' dir='ltr' id='par_1_2' title="bbox 86 818 276 849">
     <span class='ocr_line' id='line_1_2' title="bbox 86 818 276 849; baseline -0.005 0"><span class='ocrx_word' id='word_1_3' title='bbox 86 819 161 849; x_wconf 77' lang='lat' dir='ltr'>Joel</span> <span class='ocrx_word' id='word_1_4' title='bbox 174 818 208 848; x_wconf 86' lang='lat' dir='ltr'>ii.</span> <span class='ocrx_word' id='word_1_5' title='bbox 228 818 276 848; x_wconf 77' lang='lat'>28.</span> 
     </span>
    </p>
   </div>
   <div class='ocr_carea' id='block_1_3' title="bbox 88 1224 271 1264">
    <p class='ocr_par' dir='ltr' id='par_1_3' title="bbox 88 1224 271 1264">
     <span class='ocr_line' id='line_1_3' title="bbox 88 1224 271 1264; baseline 0 -10"><span class='ocrx_word' id='word_1_6' title='bbox 88 1225 162 1264; x_wconf 70' lang='lat' dir='ltr'>Sap.</span> <span class='ocrx_word' id='word_1_7' title='bbox 176 1224 209 1254; x_wconf 77' lang='lat' dir='ltr'>ii.</span> <span class='ocrx_word' id='word_1_8' title='bbox 223 1233 271 1264; x_wconf 80' lang='lat'>24.</span> 
     </span>
    </p>
   </div>
   <div class='ocr_carea' id='block_1_4' title="bbox 93 2088 296 2119">
    <p class='ocr_par' dir='ltr' id='par_1_4' title="bbox 93 2088 296 2119">
     <span class='ocr_line' id='line_1_4' title="bbox 93 2088 296 2119; baseline -0.005 0"><span class='ocrx_word' id='word_1_9' title='bbox 93 2102 110 2119; x_wconf 73' lang='lat' dir='ltr'>e</span> <span class='ocrx_word' id='word_1_10' title='bbox 123 2088 238 2119; x_wconf 74' lang='lat' dir='ltr'><strong>Maiol</strong></span> <span class='ocrx_word' id='word_1_11' title='bbox 250 2097 296 2119; x_wconf 87' lang='lat'>12.</span> 
     </span>
    </p>
   </div>
   <div class='ocr_carea' id='block_1_5' title="bbox 96 2491 298 2524">
    <p class='ocr_par' dir='ltr' id='par_1_5' title="bbox 96 2491 298 2524">
     <span class='ocr_line' id='line_1_5' title="bbox 96 2491 298 2524; baseline -0.01 0"><span class='ocrx_word' id='word_1_12' title='bbox 96 2493 184 2524; x_wconf 70' lang='lat' dir='ltr'>neb.</span> <span class='ocrx_word' id='word_1_13' title='bbox 204 2493 236 2523; x_wconf 91' lang='lat' dir='ltr'>ii.</span> <span class='ocrx_word' id='word_1_14' title='bbox 251 2491 298 2523; x_wconf 89' lang='lat'>16.</span> 
     </span>
    </p>
   </div>
   <div class='ocr_carea' id='block_1_6' title="bbox 306 118 1448 161">
    <p class='ocr_par' dir='ltr' id='par_1_6' title="bbox 306 118 1448 161">
     <span class='ocr_line' id='line_1_6' title="bbox 306 118 1448 161; baseline -0.001 -1"><span class='ocrx_word' id='word_1_15' title='bbox 306 121 389 161; x_wconf 81' lang='lat'>464</span> <span class='ocrx_word' id='word_1_16' title='bbox 732 120 781 160; x_wconf 90' lang='lat' dir='ltr'>B.</span> <span class='ocrx_word' id='word_1_17' title='bbox 816 119 1062 160; x_wconf 87' lang='lat' dir='ltr'>CYRILLI</span> <span class='ocrx_word' id='word_1_18' title='bbox 1104 118 1448 160; x_wconf 83' lang='lat' dir='ltr'><strong>ALEXANDR.</strong></span> 
     </span>
    </p>
   </div>
   <div class='ocr_carea' id='block_1_7' title="bbox 304 225 1966 1927">
    <p class='ocr_par' dir='ltr' id='par_1_7' title="bbox 304 225 1888 539">
     <span class='ocr_line' id='line_1_7' title="bbox 306 225 1885 294; baseline -0.001 -15"><span class='ocrx_word' id='word_1_19' title='bbox 306 228 466 294; x_wconf 82' lang='grc' dir='ltr'>Λόγου</span> <span class='ocrx_word' id='word_1_20' title='bbox 491 227 545 280; x_wconf 84' lang='grc' dir='ltr'>τὸ</span> <span class='ocrx_word' id='word_1_21' title='bbox 572 229 879 294; x_wconf 82' lang='grc' dir='ltr'>ἀνθρώπινον·</span> <span class='ocrx_word' id='word_1_22' title='bbox 922 227 1037 277; x_wconf 80' lang='grc' dir='ltr'>ἰ’διον</span> <span class='ocrx_word' id='word_1_23' title='bbox 1063 227 1154 294; x_wconf 80' lang='grc' dir='ltr'>γὰρ</span> <span class='ocrx_word' id='word_1_24' title='bbox 1189 227 1444 292; x_wconf 85' lang='grc' dir='ltr'>ἐποιήσατο</span> <span class='ocrx_word' id='word_1_25' title='bbox 1484 227 1537 278; x_wconf 85' lang='grc' dir='ltr'>τὸ</span> <span class='ocrx_word' id='word_1_26' title='bbox 1573 232 1717 292; x_wconf 82' lang='grc' dir='ltr'>σῶμα</span> <span class='ocrx_word' id='word_1_27' title='bbox 1755 225 1808 278; x_wconf 83' lang='grc' dir='ltr'>τὸ</span> <span class='ocrx_word' id='word_1_28' title='bbox 1835 231 1885 279; x_wconf 81' lang='grc' dir='ltr'>ἐκ</span> 
     </span>
     <span class='ocr_line' id='line_1_8' title="bbox 305 306 1887 376; baseline -0.001 -15"><span class='ocrx_word' id='word_1_29' title='bbox 305 313 387 373; x_wconf 81' lang='grc' dir='ltr'>τῆς·</span> <span class='ocrx_word' id='word_1_30' title='bbox 413 311 549 375; x_wconf 83' lang='grc' dir='ltr'>ἁγίας</span> <span class='ocrx_word' id='word_1_31' title='bbox 575 309 823 376; x_wconf 77' lang='grc' dir='ltr'>παρθένου,</span> <span class='ocrx_word' id='word_1_32' title='bbox 849 309 965 360; x_wconf 78' lang='grc' dir='ltr'>ἰ’διον</span> <span class='ocrx_word' id='word_1_33' title='bbox 991 306 1038 359; x_wconf 77' lang='grc' dir='ltr'>δὲ</span> <span class='ocrx_word' id='word_1_34' title='bbox 1074 311 1245 359; x_wconf 81' lang='grc' dir='ltr'>ὡσανεὶ</span> <span class='ocrx_word' id='word_1_35' title='bbox 1272 308 1458 375; x_wconf 71' lang='grc' dir='ltr'>λε’γοιτο</span> <span class='ocrx_word' id='word_1_36' title='bbox 1487 308 1630 376; x_wconf 80' lang='grc' dir='ltr'>τυχὸν</span> <span class='ocrx_word' id='word_1_37' title='bbox 1656 311 1732 360; x_wconf 78' lang='grc' dir='ltr'>καὶ</span> <span class='ocrx_word' id='word_1_38' title='bbox 1755 309 1887 372; x_wconf 83' lang='grc' dir='ltr'>ἡμῶν</span> 
     </span>
     <span class='ocr_line' id='line_1_9' title="bbox 304 388 1888 456; baseline -0.001 -14"><span class='ocrx_word' id='word_1_39' title='bbox 304 390 506 442; x_wconf 78' lang='grc' dir='ltr'>ἑκάστου</span> <span class='ocrx_word' id='word_1_40' title='bbox 555 389 609 441; x_wconf 82' lang='grc' dir='ltr'>τὸ</span> <span class='ocrx_word' id='word_1_41' title='bbox 658 391 815 441; x_wconf 80' lang='grc' dir='ltr'>αὐτοῦ·</span> <span class='ocrx_word' id='word_1_42' title='bbox 876 391 951 441; x_wconf 78' lang='grc' dir='ltr'>καὶ</span> <span class='ocrx_word' id='word_1_43' title='bbox 1001 396 1139 441; x_wconf 84' lang='grc' dir='ltr'>τοῦτο</span> <span class='ocrx_word' id='word_1_44' title='bbox 1183 388 1310 454; x_wconf 76' lang='grc' dir='ltr'>οἶμαι</span> <span class='ocrx_word' id='word_1_45' title='bbox 1351 393 1526 454; x_wconf 84' lang='grc' dir='ltr'>δηλοῦν</span> <span class='ocrx_word' id='word_1_46' title='bbox 1569 390 1623 441; x_wconf 83' lang='grc' dir='ltr'>τὸ</span> <span class='ocrx_word' id='word_1_47' title='bbox 1672 390 1888 456; x_wconf 78' lang='grc' dir='ltr'>γενέσθαι</span> 
     </span>
     <span class='ocr_line' id='line_1_10' title="bbox 306 470 1888 539; baseline -0.001 -17"><span class='ocrx_word' id='word_1_48' title='bbox 306 473 464 539; x_wconf 83' lang='grc' dir='ltr'>σάρκα</span> <span class='ocrx_word' id='word_1_49' title='bbox 489 472 644 534; x_wconf 78' lang='grc' dir='ltr'>αὐτὸν,</span> <span class='ocrx_word' id='word_1_50' title='bbox 671 472 724 522; x_wconf 81' lang='grc' dir='ltr'>οὐ</span> <span class='ocrx_word' id='word_1_51' title='bbox 757 470 876 522; x_wconf 80' lang='grc' dir='ltr'>κατὰ</span> <span class='ocrx_word' id='word_1_52' title='bbox 911 471 1090 537; x_wconf 90' lang='grc' dir='ltr'>τροπὴν</span> <span class='ocrx_word' id='word_1_53' title='bbox 1117 471 1144 536; x_wconf 77' lang='grc' dir='ltr'>ἢ</span> <span class='ocrx_word' id='word_1_54' title='bbox 1180 471 1493 534; x_wconf 87' lang='grc' dir='ltr'>μετάστασιν·</span> <span class='ocrx_word' id='word_1_55' title='bbox 1535 472 1762 538; x_wconf 77' lang='grc' dir='ltr'>ἄτρεπτος</span> <span class='ocrx_word' id='word_1_56' title='bbox 1795 471 1888 538; x_wconf 79' lang='grc' dir='ltr'>γὰρ</span> 
     </span>
    </p>

    <p class='ocr_par' dir='ltr' id='par_1_8' title="bbox 306 552 1960 1274">
     <span class='ocr_line' id='line_1_11' title="bbox 306 552 1930 622; baseline 0.001 -19"><span class='ocrx_word' id='word_1_57' title='bbox 306 555 334 618; x_wconf 82' lang='grc' dir='ltr'>ἡ</span> <span class='ocrx_word' id='word_1_58' title='bbox 362 555 461 605; x_wconf 82' lang='grc' dir='ltr'>θεία</span> <span class='ocrx_word' id='word_1_59' title='bbox 488 554 647 622; x_wconf 79' lang='grc' dir='ltr'>φύσις·</span> <span class='ocrx_word' id='word_1_60' title='bbox 692 555 802 604; x_wconf 73' lang='grc' dir='ltr'>ἀλλ’</span> <span class='ocrx_word' id='word_1_61' title='bbox 832 552 902 603; x_wconf 79' lang='grc' dir='ltr'>ὅτι</span> <span class='ocrx_word' id='word_1_62' title='bbox 937 557 994 621; x_wconf 82' lang='grc' dir='ltr'>τῇ</span> <span class='ocrx_word' id='word_1_63' title='bbox 1032 553 1134 622; x_wconf 76' lang='grc' dir='ltr'>θείᾳ</span> <span class='ocrx_word' id='word_1_64' title='bbox 1168 557 1333 622; x_wconf 83' lang='grc' dir='ltr'>γραφῇ</span> <span class='ocrx_word' id='word_1_65' title='bbox 1367 552 1567 617; x_wconf 75' lang='grc' dir='ltr'>σύνηθές</span> <span class='ocrx_word' id='word_1_66' title='bbox 1597 577 1696 607; x_wconf 89' lang='grc' dir='ltr'>πως</span> <span class='ocrx_word' id='word_1_67' title='bbox 1720 555 1789 604; x_wconf 78' lang='grc' dir='ltr'>ἀεὶ</span> <span class='ocrx_word' id='word_1_68' title='bbox 1814 556 1888 604; x_wconf 75' lang='grc' dir='ltr'>καὶ</span> <span class='ocrx_word' id='word_1_69' title='bbox 1908 571 1930 609; x_wconf 93' lang='grc'>5</span> 
     </span>
     <span class='ocr_line' id='line_1_12' title="bbox 307 634 1891 703; baseline -0.001 -17"><span class='ocrx_word' id='word_1_70' title='bbox 307 636 421 686; x_wconf 77' lang='grc' dir='ltr'>ὅλον</span> <span class='ocrx_word' id='word_1_71' title='bbox 460 636 565 687; x_wconf 79' lang='grc' dir='ltr'>ἔσθ’</span> <span class='ocrx_word' id='word_1_72' title='bbox 603 635 679 685; x_wconf 79' lang='grc' dir='ltr'>ὅτε</span> <span class='ocrx_word' id='word_1_73' title='bbox 719 634 802 685; x_wconf 82' lang='grc' dir='ltr'>τὸν</span> <span class='ocrx_word' id='word_1_74' title='bbox 841 634 1104 700; x_wconf 77' lang='grc' dir='ltr'>ἄνθρωπον,</span> <span class='ocrx_word' id='word_1_75' title='bbox 1139 634 1222 685; x_wconf 84' lang='grc' dir='ltr'>τὸν</span> <span class='ocrx_word' id='word_1_76' title='bbox 1260 636 1310 685; x_wconf 88' lang='grc' dir='ltr'>ἐκ</span> <span class='ocrx_word' id='word_1_77' title='bbox 1351 637 1513 703; x_wconf 78' lang='grc' dir='ltr'>ψυχῆς</span> <span class='ocrx_word' id='word_1_78' title='bbox 1554 634 1609 699; x_wconf 86' lang='grc' dir='ltr'>δὴ</span> <span class='ocrx_word' id='word_1_79' title='bbox 1649 635 1775 701; x_wconf 81' lang='grc' dir='ltr'>λέγω</span> <span class='ocrx_word' id='word_1_80' title='bbox 1815 638 1891 685; x_wconf 83' lang='grc' dir='ltr'>καὶ</span> 
     </span>
     <span class='ocr_line' id='line_1_13' title="bbox 307 715 1891 782; baseline -0.001 -14"><span class='ocrx_word' id='word_1_81' title='bbox 307 718 543 781; x_wconf 82' lang='grc' dir='ltr'>σώματος,</span> <span class='ocrx_word' id='word_1_82' title='bbox 579 719 653 767; x_wconf 77' lang='grc' dir='ltr'>καὶ</span> <span class='ocrx_word' id='word_1_83' title='bbox 695 719 757 770; x_wconf 85' lang='grc' dir='ltr'>ὡς</span> <span class='ocrx_word' id='word_1_84' title='bbox 799 716 892 767; x_wconf 82' lang='grc' dir='ltr'>ἀπὸ</span> <span class='ocrx_word' id='word_1_85' title='bbox 936 715 1082 780; x_wconf 87' lang='grc' dir='ltr'>μόνης</span> <span class='ocrx_word' id='word_1_86' title='bbox 1123 718 1421 780; x_wconf 85' lang='grc' dir='ltr'>καταδηλοῦν</span> <span class='ocrx_word' id='word_1_87' title='bbox 1454 719 1536 780; x_wconf 82' lang='grc' dir='ltr'>τῆς</span> <span class='ocrx_word' id='word_1_88' title='bbox 1571 716 1762 782; x_wconf 83' lang='grc' dir='ltr'>σαρκὸς,</span> <span class='ocrx_word' id='word_1_89' title='bbox 1794 715 1891 767; x_wconf 72' lang='grc' dir='ltr'>οἷόν</span> 
     </span>
     <span class='ocr_line' id='line_1_14' title="bbox 308 796 1889 866; baseline -0.001 -16"><span class='ocrx_word' id='word_1_90' title='bbox 308 802 411 850; x_wconf 85' lang='grc' dir='ltr'>ἐστι</span> <span class='ocrx_word' id='word_1_91' title='bbox 437 800 490 850; x_wconf 90' lang='grc' dir='ltr'>τό</span> <span class='ocrx_word' id='word_1_92' title='bbox 516 806 543 828; x_wconf 85' lang='grc'><strong>“</strong></span> <span class='ocrx_word' id='word_1_93' title='bbox 562 800 743 866; x_wconf 82' lang='grc' dir='ltr'>Ἐκχεῶ</span> <span class='ocrx_word' id='word_1_94' title='bbox 770 797 863 849; x_wconf 83' lang='grc' dir='ltr'>ἀπὸ</span> <span class='ocrx_word' id='word_1_95' title='bbox 889 803 971 849; x_wconf 84' lang='grc' dir='ltr'>τοῦ</span> <span class='ocrx_word' id='word_1_96' title='bbox 997 796 1259 861; x_wconf 80' lang='grc' dir='ltr'>πνεύματός</span> <span class='ocrx_word' id='word_1_97' title='bbox 1287 821 1376 860; x_wconf 93' lang='grc' dir='ltr'>μου</span> <span class='ocrx_word' id='word_1_98' title='bbox 1402 799 1475 849; x_wconf 86' lang='grc' dir='ltr'>ἐπὶ</span> <span class='ocrx_word' id='word_1_99' title='bbox 1502 803 1666 849; x_wconf 81' lang='grc' dir='ltr'>πᾶσαν</span> <span class='ocrx_word' id='word_1_100' title='bbox 1691 797 1889 863; x_wconf 86' lang='grc' dir='ltr'>σάρκα.”</span> 
     </span>
     <span class='ocr_line' id='line_1_15' title="bbox 309 879 1892 945; baseline -0.002 -13"><span class='ocrx_word' id='word_1_101' title='bbox 309 882 388 932; x_wconf 78' lang='grc' dir='ltr'>ἕνα</span> <span class='ocrx_word' id='word_1_102' title='bbox 429 882 586 932; x_wconf 84' lang='grc' dir='ltr'>τοίνυν</span> <span class='ocrx_word' id='word_1_103' title='bbox 630 882 956 945; x_wconf 83' lang='grc' dir='ltr'>ὁμολογοῦμεν</span> <span class='ocrx_word' id='word_1_104' title='bbox 1000 879 1136 942; x_wconf 83' lang='grc' dir='ltr'>Υἱὸν,</span> <span class='ocrx_word' id='word_1_105' title='bbox 1186 880 1463 944; x_wconf 65' lang='grc' dir='ltr'>γεννηθέντα</span> <span class='ocrx_word' id='word_1_106' title='bbox 1512 879 1596 943; x_wconf 72' lang='grc' dir='ltr'>μὲν</span> <span class='ocrx_word' id='word_1_107' title='bbox 1640 883 1800 932; x_wconf 81' lang='grc' dir='ltr'>θεϊκῶς</span> <span class='ocrx_word' id='word_1_108' title='bbox 1843 881 1892 929; x_wconf 85' lang='grc' dir='ltr'>ἐκ</span> 
     </span>
     <span class='ocr_line' id='line_1_16' title="bbox 310 960 1960 1030; baseline -0.004 -15"><span class='ocrx_word' id='word_1_109' title='bbox 310 963 515 1030; x_wconf 77' lang='grc' dir='ltr'>Πατρὸς,</span> <span class='ocrx_word' id='word_1_110' title='bbox 551 962 667 1014; x_wconf 78' lang='grc' dir='ltr'>καθὸ</span> <span class='ocrx_word' id='word_1_111' title='bbox 707 967 876 1012; x_wconf 79' lang='grc' dir='ltr'>νοεῖται</span> <span class='ocrx_word' id='word_1_112' title='bbox 915 963 989 1012; x_wconf 72' lang='grc' dir='ltr'>καὶ</span> <span class='ocrx_word' id='word_1_113' title='bbox 1030 961 1134 1011; x_wconf 69' lang='grc' dir='ltr'>ε”στι</span> <span class='ocrx_word' id='word_1_114' title='bbox 1161 960 1331 1026; x_wconf 88' lang='grc' dir='ltr'>Λόγος,</span> <span class='ocrx_word' id='word_1_115' title='bbox 1371 961 1688 1029; x_wconf 79' lang='grc' dir='ltr'>ἀποτεχθέντα</span> <span class='ocrx_word' id='word_1_116' title='bbox 1726 960 1773 1012; x_wconf 80' lang='grc' dir='ltr'>δὲ</span> <span class='ocrx_word' id='word_1_117' title='bbox 1811 960 1892 1012; x_wconf 82' lang='grc' dir='ltr'>τὸν</span> <span class='ocrx_word' id='word_1_118' title='bbox 1913 983 1960 1008; x_wconf 94' lang='lat'>10</span> 
     </span>
     <span class='ocr_line' id='line_1_17' title="bbox 309 1041 1894 1110; baseline -0.002 -14"><span class='ocrx_word' id='word_1_119' title='bbox 309 1045 449 1096; x_wconf 82' lang='grc' dir='ltr'>αὐτὸν</span> <span class='ocrx_word' id='word_1_120' title='bbox 475 1047 525 1095; x_wconf 87' lang='grc' dir='ltr'>ἐκ</span> <span class='ocrx_word' id='word_1_121' title='bbox 550 1041 769 1110; x_wconf 73' lang='grc' dir='ltr'>γυναικὸς</span> <span class='ocrx_word' id='word_1_122' title='bbox 794 1042 914 1094; x_wconf 83' lang='grc' dir='ltr'>κατὰ</span> <span class='ocrx_word' id='word_1_123' title='bbox 939 1042 1111 1108; x_wconf 83' lang='grc' dir='ltr'>σάρκα·</span> <span class='ocrx_word' id='word_1_124' title='bbox 1156 1043 1438 1106; x_wconf 82' lang='grc' dir='ltr'>νοηθήσεται</span> <span class='ocrx_word' id='word_1_125' title='bbox 1464 1042 1556 1108; x_wconf 76' lang='grc' dir='ltr'>γὰρ</span> <span class='ocrx_word' id='word_1_126' title='bbox 1584 1044 1718 1104; x_wconf 78' lang='grc' dir='ltr'>οὕτω,</span> <span class='ocrx_word' id='word_1_127' title='bbox 1746 1065 1894 1093; x_wconf 90' lang='grc' dir='ltr'>κεκοι-</span> 
     </span>
     <span class='ocr_line' id='line_1_18' title="bbox 311 1122 1894 1193; baseline -0.002 -16"><span class='ocrx_word' id='word_1_128' title='bbox 311 1125 525 1191; x_wconf 82' lang='grc' dir='ltr'>νωνηκὼς</span> <span class='ocrx_word' id='word_1_129' title='bbox 552 1126 747 1189; x_wconf 82' lang='grc' dir='ltr'>αἵματος</span> <span class='ocrx_word' id='word_1_130' title='bbox 773 1126 846 1175; x_wconf 73' lang='grc' dir='ltr'>καὶ</span> <span class='ocrx_word' id='word_1_131' title='bbox 874 1123 1052 1190; x_wconf 79' lang='grc' dir='ltr'>σαρκὸς</span> <span class='ocrx_word' id='word_1_132' title='bbox 1087 1124 1434 1193; x_wconf 81' lang='grc' dir='ltr'>παραπλησίως</span> <span class='ocrx_word' id='word_1_133' title='bbox 1461 1125 1582 1187; x_wconf 83' lang='grc' dir='ltr'>ἡμῖν,</span> <span class='ocrx_word' id='word_1_134' title='bbox 1608 1124 1683 1174; x_wconf 80' lang='grc' dir='ltr'>ἵνα</span> <span class='ocrx_word' id='word_1_135' title='bbox 1710 1122 1785 1174; x_wconf 82' lang='grc' dir='ltr'>διὰ</span> <span class='ocrx_word' id='word_1_136' title='bbox 1811 1129 1894 1174; x_wconf 89' lang='grc' dir='ltr'>τοῦ</span> 
     </span>
     <span class='ocr_line' id='line_1_19' title="bbox 310 1203 1891 1274; baseline -0.003 -15"><span class='ocrx_word' id='word_1_137' title='bbox 310 1209 476 1259; x_wconf 77' lang='grc' dir='ltr'>οἰκείου</span> <span class='ocrx_word' id='word_1_138' title='bbox 500 1206 704 1258; x_wconf 84' lang='grc' dir='ltr'>θανάτου</span> <span class='ocrx_word' id='word_1_139' title='bbox 740 1207 1018 1274; x_wconf 84' lang='grc' dir='ltr'>καταργήσῃ</span> <span class='ocrx_word' id='word_1_140' title='bbox 1055 1205 1135 1256; x_wconf 80' lang='grc' dir='ltr'>τὸν</span> <span class='ocrx_word' id='word_1_141' title='bbox 1161 1205 1401 1267; x_wconf 80' lang='grc' dir='ltr'>διάβολον,</span> <span class='ocrx_word' id='word_1_142' title='bbox 1428 1205 1481 1255; x_wconf 72' lang='grc' dir='ltr'>οὗ</span> <span class='ocrx_word' id='word_1_143' title='bbox 1508 1212 1534 1234; x_wconf 82' lang='grc'><strong>“</strong></span> <span class='ocrx_word' id='word_1_144' title='bbox 1555 1205 1717 1274; x_wconf 81' lang='grc' dir='ltr'>φθόνῳ</span> <span class='ocrx_word' id='word_1_145' title='bbox 1744 1203 1891 1256; x_wconf 86' lang='grc' dir='ltr'>θάνα-</span> 
     </span>
    </p>

    <p class='ocr_par' dir='ltr' id='par_1_9' title="bbox 311 1285 1966 1927">
     <span class='ocr_line' id='line_1_20' title="bbox 311 1285 1894 1354; baseline -0.003 -14"><span class='ocrx_word' id='word_1_146' title='bbox 311 1297 338 1319; x_wconf 74' lang='grc'><strong>“</strong></span> <span class='ocrx_word' id='word_1_147' title='bbox 364 1313 443 1343; x_wconf 87' lang='grc' dir='ltr'>τος</span> <span class='ocrx_word' id='word_1_148' title='bbox 489 1294 550 1343; x_wconf 83' lang='grc' dir='ltr'>εἷς</span> <span class='ocrx_word' id='word_1_149' title='bbox 594 1288 677 1339; x_wconf 81' lang='grc' dir='ltr'>τὸν</span> <span class='ocrx_word' id='word_1_150' title='bbox 721 1288 904 1350; x_wconf 84' lang='grc' dir='ltr'>κόσμον</span> <span class='ocrx_word' id='word_1_151' title='bbox 947 1286 1186 1351; x_wconf 79' lang='grc' dir='ltr'>εἷσῆλθε·”</span> <span class='ocrx_word' id='word_1_152' title='bbox 1226 1287 1327 1354; x_wconf 76' lang='grc' dir='ltr'>ῥίζα</span> <span class='ocrx_word' id='word_1_153' title='bbox 1372 1287 1464 1353; x_wconf 80' lang='grc' dir='ltr'>γὰρ</span> <span class='ocrx_word' id='word_1_154' title='bbox 1508 1285 1669 1352; x_wconf 80' lang='grc' dir='ltr'>ὥσπερ</span> <span class='ocrx_word' id='word_1_155' title='bbox 1712 1286 1827 1352; x_wconf 74' lang='grc' dir='ltr'>ζωῆς</span> <span class='ocrx_word' id='word_1_156' title='bbox 1869 1288 1894 1337; x_wconf 85' lang='grc' dir='ltr'>ὁ</span> 
     </span>
     <span class='ocr_line' id='line_1_21' title="bbox 311 1369 1962 1437; baseline -0.001 -15"><span class='ocrx_word' id='word_1_157' title='bbox 311 1375 527 1437; x_wconf 79' lang='grc' dir='ltr'>Χριστοῦ</span> <span class='ocrx_word' id='word_1_158' title='bbox 553 1371 716 1435; x_wconf 68' lang='grc' dir='ltr'>γε’γονε</span> <span class='ocrx_word' id='word_1_159' title='bbox 743 1369 958 1432; x_wconf 84' lang='grc' dir='ltr'>θάνατος,</span> <span class='ocrx_word' id='word_1_160' title='bbox 983 1371 1058 1420; x_wconf 76' lang='grc' dir='ltr'>καὶ</span> <span class='ocrx_word' id='word_1_161' title='bbox 1085 1373 1266 1437; x_wconf 81' lang='grc' dir='ltr'>φθορᾶς</span> <span class='ocrx_word' id='word_1_162' title='bbox 1291 1369 1539 1435; x_wconf 81' lang='grc' dir='ltr'>ἀναίρεσις,</span> <span class='ocrx_word' id='word_1_163' title='bbox 1567 1371 1640 1418; x_wconf 81' lang='grc' dir='ltr'>καὶ</span> <span class='ocrx_word' id='word_1_164' title='bbox 1667 1369 1893 1434; x_wconf 81' lang='grc' dir='ltr'>ἁμαρτίας</span> <span class='ocrx_word' id='word_1_165' title='bbox 1916 1385 1962 1423; x_wconf 88' lang='lat'>15</span> 
     </span>
     <span class='ocr_line' id='line_1_22' title="bbox 312 1449 1896 1518; baseline -0.002 -15"><span class='ocrx_word' id='word_1_166' title='bbox 312 1451 558 1518; x_wconf 84' lang='grc' dir='ltr'>ἀποτροπὴ</span> <span class='ocrx_word' id='word_1_167' title='bbox 604 1453 679 1502; x_wconf 78' lang='grc' dir='ltr'>καὶ</span> <span class='ocrx_word' id='word_1_168' title='bbox 718 1452 861 1517; x_wconf 75' lang='grc' dir='ltr'>πέρας</span> <span class='ocrx_word' id='word_1_169' title='bbox 904 1453 1064 1517; x_wconf 79' lang='grc' dir='ltr'>ὀργῆς·</span> <span class='ocrx_word' id='word_1_170' title='bbox 1106 1450 1366 1516; x_wconf 85' lang='grc' dir='ltr'>γεγόναμεν</span> <span class='ocrx_word' id='word_1_171' title='bbox 1406 1450 1641 1516; x_wconf 84' lang='grc' dir='ltr'>ἐπάρατοι,</span> <span class='ocrx_word' id='word_1_172' title='bbox 1687 1452 1762 1501; x_wconf 81' lang='grc' dir='ltr'>καὶ</span> <span class='ocrx_word' id='word_1_173' title='bbox 1806 1449 1896 1501; x_wconf 79' lang='grc' dir='ltr'>ὑπὸ</span> 
     </span>
     <span class='ocr_line' id='line_1_23' title="bbox 314 1533 1896 1601; baseline -0.003 -13"><span class='ocrx_word' id='word_1_174' title='bbox 314 1535 515 1588; x_wconf 89' lang='grc' dir='ltr'>θανάτου</span> <span class='ocrx_word' id='word_1_175' title='bbox 548 1537 678 1600; x_wconf 86' lang='grc' dir='ltr'>δίκην</span> <span class='ocrx_word' id='word_1_176' title='bbox 710 1536 758 1586; x_wconf 81' lang='grc' dir='ltr'>ἐν</span> <span class='ocrx_word' id='word_1_177' title='bbox 784 1534 954 1599; x_wconf 78' lang='grc' dir='ltr'>Ἀδὰμ,</span> <span class='ocrx_word' id='word_1_178' title='bbox 982 1534 1114 1586; x_wconf 78' lang='grc' dir='ltr'>ἀλλὰ</span> <span class='ocrx_word' id='word_1_179' title='bbox 1147 1533 1480 1601; x_wconf 81' lang='grc' dir='ltr'>κεχρημάτικεν</span> <span class='ocrx_word' id='word_1_180' title='bbox 1513 1535 1537 1584; x_wconf 85' lang='grc' dir='ltr'>ὁ</span> <span class='ocrx_word' id='word_1_181' title='bbox 1566 1534 1736 1599; x_wconf 85' lang='grc' dir='ltr'>Λόγος,</span> <span class='ocrx_word' id='word_1_182' title='bbox 1769 1534 1793 1584; x_wconf 87' lang='grc' dir='ltr'>ὁ</span> <span class='ocrx_word' id='word_1_183' title='bbox 1831 1533 1896 1597; x_wconf 84' lang='grc' dir='ltr'>μὴ</span> 
     </span>
     <span class='ocr_line' id='line_1_24' title="bbox 313 1615 1898 1684; baseline -0.002 -16"><span class='ocrx_word' id='word_1_184' title='bbox 313 1616 443 1671; x_wconf 76' lang='grc' dir='ltr'>εἰδὼς</span> <span class='ocrx_word' id='word_1_185' title='bbox 482 1619 726 1684; x_wconf 81' lang='grc' dir='ltr'>ἁμαρτίαν,</span> <span class='ocrx_word' id='word_1_186' title='bbox 753 1618 846 1670; x_wconf 78' lang='grc' dir='ltr'>υἱὸς</span> <span class='ocrx_word' id='word_1_187' title='bbox 881 1617 1052 1680; x_wconf 78' lang='grc' dir='ltr'>Ἀδὰμ,</span> <span class='ocrx_word' id='word_1_188' title='bbox 1087 1619 1161 1667; x_wconf 79' lang='grc' dir='ltr'>καὶ</span> <span class='ocrx_word' id='word_1_189' title='bbox 1193 1615 1389 1667; x_wconf 75' lang='grc' dir='ltr'>λέλυται</span> <span class='ocrx_word' id='word_1_190' title='bbox 1428 1617 1482 1666; x_wconf 85' lang='grc' dir='ltr'>δι’</span> <span class='ocrx_word' id='word_1_191' title='bbox 1516 1616 1658 1666; x_wconf 80' lang='grc' dir='ltr'>αὐτοῦ</span> <span class='ocrx_word' id='word_1_192' title='bbox 1696 1618 1777 1679; x_wconf 82' lang='grc' dir='ltr'>τῆς</span> <span class='ocrx_word' id='word_1_193' title='bbox 1814 1620 1898 1666; x_wconf 84' lang='grc' dir='ltr'>τοῦ</span> 
     </span>
     <span class='ocr_line' id='line_1_25' title="bbox 313 1695 1898 1766; baseline -0.002 -17"><span class='ocrx_word' id='word_1_194' title='bbox 313 1699 501 1765; x_wconf 82' lang='grc' dir='ltr'>πρώτου</span> <span class='ocrx_word' id='word_1_195' title='bbox 531 1697 849 1763; x_wconf 79' lang='grc' dir='ltr'>παραβάσεως</span> <span class='ocrx_word' id='word_1_196' title='bbox 886 1698 945 1749; x_wconf 78' lang='grc' dir='ltr'>τὰ</span> <span class='ocrx_word' id='word_1_197' title='bbox 979 1697 1270 1763; x_wconf 62' lang='grc' dir='ltr'>ἐγκλήματά</span> <span class='ocrx_word' id='word_1_198' title='bbox 1313 1695 1452 1766; x_wconf 75' lang='grc' dir='ltr'>ὤφθη</span> <span class='ocrx_word' id='word_1_199' title='bbox 1482 1695 1573 1762; x_wconf 74' lang='grc' dir='ltr'>γὰρ</span> <span class='ocrx_word' id='word_1_200' title='bbox 1595 1697 1622 1760; x_wconf 81' lang='grc' dir='ltr'>ἡ</span> <span class='ocrx_word' id='word_1_201' title='bbox 1649 1696 1898 1762; x_wconf 83' lang='grc' dir='ltr'>ἀνθρώπου</span> 
     </span>
     <span class='ocr_line' id='line_1_26' title="bbox 315 1777 1966 1849; baseline -0.003 -19"><span class='ocrx_word' id='word_1_202' title='bbox 315 1780 460 1848; x_wconf 85' lang='grc' dir='ltr'>φύσις</span> <span class='ocrx_word' id='word_1_203' title='bbox 495 1782 542 1831; x_wconf 85' lang='grc' dir='ltr'>ἐν</span> <span class='ocrx_word' id='word_1_204' title='bbox 569 1784 769 1849; x_wconf 70' lang='grc' dir='ltr'>Χριστῷ</span> <span class='ocrx_word' id='word_1_205' title='bbox 804 1781 943 1845; x_wconf 81' lang='grc' dir='ltr'>ὑγιῶς</span> <span class='ocrx_word' id='word_1_206' title='bbox 982 1780 1157 1847; x_wconf 78' lang='grc' dir='ltr'>ἔχουσα</span> <span class='ocrx_word' id='word_1_207' title='bbox 1197 1778 1250 1830; x_wconf 83' lang='grc' dir='ltr'>τὸ</span> <span class='ocrx_word' id='word_1_208' title='bbox 1290 1777 1610 1842; x_wconf 77' lang='grc' dir='ltr'>ἀπλημμελὲς,</span> <span class='ocrx_word' id='word_1_209' title='bbox 1637 1784 1774 1829; x_wconf 82' lang='grc' dir='ltr'>τοῦτο</span> <span class='ocrx_word' id='word_1_210' title='bbox 1809 1777 1891 1828; x_wconf 74' lang='grc' dir='ltr'>σε’·</span> <span class='ocrx_word' id='word_1_211' title='bbox 1916 1800 1966 1826; x_wconf 86' lang='lat'>20</span> 
     </span>
     <span class='ocr_line' id='line_1_27' title="bbox 314 1861 800 1927; baseline 0.002 -16"><span class='ocrx_word' id='word_1_212' title='bbox 314 1885 440 1912; x_wconf 89' lang='grc' dir='ltr'>σωκε</span> <span class='ocrx_word' id='word_1_213' title='bbox 466 1861 573 1915; x_wconf 78' lang='grc' dir='ltr'>τοὺς</span> <span class='ocrx_word' id='word_1_214' title='bbox 599 1863 673 1913; x_wconf 81' lang='grc' dir='ltr'>ἐπὶ</span> <span class='ocrx_word' id='word_1_215' title='bbox 699 1864 800 1927; x_wconf 81' lang='grc' dir='ltr'>γῆς.</span> 
     </span>
    </p>
   </div>
   <div class='ocr_carea' id='block_1_8' title="bbox 1061 1968 1149 2016">
    <p class='ocr_par' dir='ltr' id='par_1_10' title="bbox 1061 1968 1149 2016">
     <span class='ocr_line' id='line_1_28' title="bbox 1061 1968 1149 2016; baseline 0.023 -2"><span class='ocrx_word' id='word_1_216' title='bbox 1061 1968 1149 2016; x_wconf 83' lang='grc' dir='ltr'>ΙΧ.</span> 
     </span>
    </p>
   </div>
   <div class='ocr_carea' id='block_1_9' title="bbox 315 2065 1967 2541">
    <p class='ocr_par' dir='ltr' id='par_1_11' title="bbox 315 2065 1967 2541">
     <span class='ocr_line' id='line_1_29' title="bbox 389 2065 1899 2136; baseline -0.002 -17"><span class='ocrx_word' id='word_1_217' title='bbox 389 2069 493 2119; x_wconf 79' lang='grc' dir='ltr'>Οὐκ</span> <span class='ocrx_word' id='word_1_218' title='bbox 540 2069 656 2136; x_wconf 77' lang='grc' dir='ltr'>αὐτῇ</span> <span class='ocrx_word' id='word_1_219' title='bbox 705 2068 861 2131; x_wconf 72' lang='grc' dir='ltr'>μέντοι</span> <span class='ocrx_word' id='word_1_220' title='bbox 910 2072 968 2136; x_wconf 83' lang='grc' dir='ltr'>τῇ</span> <span class='ocrx_word' id='word_1_221' title='bbox 1020 2074 1102 2119; x_wconf 81' lang='grc' dir='ltr'>τοῦ</span> <span class='ocrx_word' id='word_1_222' title='bbox 1151 2066 1312 2132; x_wconf 87' lang='grc' dir='ltr'>Λόγου</span> <span class='ocrx_word' id='word_1_223' title='bbox 1355 2065 1511 2135; x_wconf 79' lang='grc' dir='ltr'>φύσει,</span> <span class='ocrx_word' id='word_1_224' title='bbox 1557 2065 1609 2116; x_wconf 88' lang='grc' dir='ltr'>τό</span> <span class='ocrx_word' id='word_1_225' title='bbox 1654 2066 1899 2133; x_wconf 74' lang='grc' dir='ltr'>Ἀρχιερέα</span> 
     </span>
     <span class='ocr_line' id='line_1_30' title="bbox 315 2147 1896 2215; baseline -0.003 -14"><span class='ocrx_word' id='word_1_226' title='bbox 315 2153 573 2214; x_wconf 85' lang='grc' dir='ltr'>κεκλῆσθαι</span> <span class='ocrx_word' id='word_1_227' title='bbox 605 2151 680 2201; x_wconf 79' lang='grc' dir='ltr'>καὶ</span> <span class='ocrx_word' id='word_1_228' title='bbox 706 2149 765 2201; x_wconf 79' lang='grc' dir='ltr'>τὰ</span> <span class='ocrx_word' id='word_1_229' title='bbox 790 2151 943 2201; x_wconf 83' lang='grc' dir='ltr'>τοιάδε</span> <span class='ocrx_word' id='word_1_230' title='bbox 970 2155 1063 2200; x_wconf 80' lang='grc' dir='ltr'>τῶν</span> <span class='ocrx_word' id='word_1_231' title='bbox 1090 2147 1344 2212; x_wconf 84' lang='grc' dir='ltr'>ὀνομάτων,</span> <span class='ocrx_word' id='word_1_232' title='bbox 1372 2147 1502 2198; x_wconf 79' lang='grc' dir='ltr'>ἀλλὰ</span> <span class='ocrx_word' id='word_1_233' title='bbox 1536 2152 1593 2215; x_wconf 83' lang='grc' dir='ltr'>τῇ</span> <span class='ocrx_word' id='word_1_234' title='bbox 1628 2147 1746 2211; x_wconf 78' lang='grc' dir='ltr'>μετὰ</span> <span class='ocrx_word' id='word_1_235' title='bbox 1779 2170 1896 2214; x_wconf 88' lang='grc' dir='ltr'>σαρ-</span> 
     </span>
     <span class='ocr_line' id='line_1_31' title="bbox 316 2229 1967 2300; baseline -0.001 -18"><span class='ocrx_word' id='word_1_236' title='bbox 316 2231 394 2284; x_wconf 78' lang='grc' dir='ltr'>κὸς</span> <span class='ocrx_word' id='word_1_237' title='bbox 420 2233 656 2300; x_wconf 76' lang='grc' dir='ltr'>οἰκονομίᾳ</span> <span class='ocrx_word' id='word_1_238' title='bbox 693 2234 768 2282; x_wconf 77' lang='grc' dir='ltr'>καὶ</span> <span class='ocrx_word' id='word_1_239' title='bbox 800 2232 984 2297; x_wconf 75' lang='grc' dir='ltr'>μέτροις</span> <span class='ocrx_word' id='word_1_240' title='bbox 1016 2236 1111 2285; x_wconf 83' lang='grc' dir='ltr'>τοῖς</span> <span class='ocrx_word' id='word_1_241' title='bbox 1138 2229 1248 2281; x_wconf 89' lang='grc' dir='ltr'>καθ’</span> <span class='ocrx_word' id='word_1_242' title='bbox 1278 2230 1411 2293; x_wconf 80' lang='grc' dir='ltr'>ἡμᾶς.</span> <span class='ocrx_word' id='word_1_243' title='bbox 1473 2231 1548 2279; x_wconf 82' lang='grc' dir='ltr'>καὶ</span> <span class='ocrx_word' id='word_1_244' title='bbox 1575 2230 1686 2296; x_wconf 78' lang='grc' dir='ltr'>φερε</span> <span class='ocrx_word' id='word_1_245' title='bbox 1711 2234 1900 2294; x_wconf 83' lang='grc' dir='ltr'>πρῶτον</span> <span class='ocrx_word' id='word_1_246' title='bbox 1920 2253 1967 2291; x_wconf 89' lang='lat'>25</span> 
     </span>
     <span class='ocr_line' id='line_1_32' title="bbox 315 2309 1902 2378; baseline -0.002 -15"><span class='ocrx_word' id='word_1_247' title='bbox 315 2315 458 2364; x_wconf 78' lang='grc' dir='ltr'>ἐκεῖνο</span> <span class='ocrx_word' id='word_1_248' title='bbox 511 2313 772 2377; x_wconf 85' lang='grc' dir='ltr'>ητήσωμεν,</span> <span class='ocrx_word' id='word_1_249' title='bbox 799 2313 866 2367; x_wconf 87' lang='grc' dir='ltr'>τίς</span> <span class='ocrx_word' id='word_1_250' title='bbox 893 2312 949 2377; x_wconf 82' lang='grc' dir='ltr'>ἧν</span> <span class='ocrx_word' id='word_1_251' title='bbox 974 2315 998 2363; x_wconf 87' lang='grc' dir='ltr'>ὁ</span> <span class='ocrx_word' id='word_1_252' title='bbox 1035 2310 1284 2375; x_wconf 85' lang='grc' dir='ltr'>δυνάμενος</span> <span class='ocrx_word' id='word_1_253' title='bbox 1319 2309 1401 2374; x_wconf 75' lang='grc' dir='ltr'>μὲν</span> <span class='ocrx_word' id='word_1_254' title='bbox 1427 2313 1502 2361; x_wconf 80' lang='grc' dir='ltr'>καὶ</span> <span class='ocrx_word' id='word_1_255' title='bbox 1537 2311 1756 2378; x_wconf 75' lang='grc' dir='ltr'>ἐξουσίαν</span> <span class='ocrx_word' id='word_1_256' title='bbox 1782 2310 1902 2377; x_wconf 77' lang='grc' dir='ltr'>ἔχων</span> 
     </span>
     <span class='ocr_line' id='line_1_33' title="bbox 317 2390 1901 2460; baseline -0.001 -16"><span class='ocrx_word' id='word_1_257' title='bbox 317 2395 632 2455; x_wconf 75' lang='grc' dir='ltr'>ἐπιλαβέσθαι</span> <span class='ocrx_word' id='word_1_258' title='bbox 653 2394 888 2460; x_wconf 75' lang='grc' dir='ltr'>ἀγγέλων,</span> <span class='ocrx_word' id='word_1_259' title='bbox 905 2398 940 2444; x_wconf 77' lang='grc' dir='ltr'>εἰ</span> <span class='ocrx_word' id='word_1_260' title='bbox 959 2400 1096 2444; x_wconf 81' lang='grc' dir='ltr'>τοῦτο</span> <span class='ocrx_word' id='word_1_261' title='bbox 1117 2392 1353 2460; x_wconf 79' lang='grc' dir='ltr'>χρήσιμον</span> <span class='ocrx_word' id='word_1_262' title='bbox 1370 2390 1441 2454; x_wconf 77' lang='grc' dir='ltr'>ἧν,</span> <span class='ocrx_word' id='word_1_263' title='bbox 1458 2393 1540 2442; x_wconf 79' lang='grc' dir='ltr'>οὐκ</span> <span class='ocrx_word' id='word_1_264' title='bbox 1561 2390 1901 2454; x_wconf 79' lang='grc' dir='ltr'>ἐπιλαβόμενος</span> 
     </span>
     <span class='ocr_line' id='line_1_34' title="bbox 319 2472 1901 2541; baseline -0.002 -15"><span class='ocrx_word' id='word_1_265' title='bbox 319 2476 365 2526; x_wconf 75' lang='grc' dir='ltr'>δὲ</span> <span class='ocrx_word' id='word_1_266' title='bbox 391 2481 581 2538; x_wconf 84' lang='grc' dir='ltr'>μᾶλλον</span> <span class='ocrx_word' id='word_1_267' title='bbox 607 2477 801 2537; x_wconf 81' lang='grc' dir='ltr'>ἐκείνων,</span> <span class='ocrx_word' id='word_1_268' title='bbox 825 2483 851 2504; x_wconf 84' lang='grc'><strong>“</strong></span> <span class='ocrx_word' id='word_1_269' title='bbox 868 2475 999 2525; x_wconf 79' lang='grc' dir='ltr'>ἀλλὰ</span> <span class='ocrx_word' id='word_1_270' title='bbox 1024 2475 1298 2541; x_wconf 77' lang='grc' dir='ltr'>σπέρματος</span> <span class='ocrx_word' id='word_1_271' title='bbox 1323 2473 1551 2539; x_wconf 67' lang='grc' dir='ltr'>εΑβραοῖμ</span> <span class='ocrx_word' id='word_1_272' title='bbox 1570 2472 1609 2534; x_wconf 84' lang='grc'>;”</span> <span class='ocrx_word' id='word_1_273' title='bbox 1651 2477 1686 2523; x_wconf 80' lang='grc' dir='ltr'>εἰ</span> <span class='ocrx_word' id='word_1_274' title='bbox 1710 2472 1794 2535; x_wconf 71' lang='grc' dir='ltr'>μὲν</span> <span class='ocrx_word' id='word_1_275' title='bbox 1821 2473 1901 2523; x_wconf 77' lang='grc' dir='ltr'>οὖν</span> 
     </span>
    </p>
   </div>
   <div class='ocr_carea' id='block_1_10' title="bbox 318 2586 1901 2961">
    <p class='ocr_par' dir='ltr' id='par_1_12' title="bbox 318 2586 1901 2961">
     <span class='ocr_line' id='line_1_35' title="bbox 319 2586 1901 2633; baseline -0.003 -10"><span class='ocrx_word' id='word_1_276' title='bbox 319 2589 515 2625; x_wconf 80' lang='lat' dir='ltr'><strong>S.Joannis</strong></span> <span class='ocrx_word' id='word_1_277' title='bbox 534 2589 766 2633; x_wconf 79' lang='lat' dir='ltr'><strong>Evangelium</strong></span> <span class='ocrx_word' id='word_1_278' title='bbox 792 2588 858 2623; x_wconf 88' lang='lat' dir='ltr'>sub</span> <span class='ocrx_word' id='word_1_279' title='bbox 884 2589 1026 2622; x_wconf 87' lang='lat' dir='ltr'><strong>nomine</strong></span> <span class='ocrx_word' id='word_1_280' title='bbox 1043 2593 1181 2622; x_wconf 79' lang='lat' dir='ltr'><strong>tantum</strong></span> <span class='ocrx_word' id='word_1_281' title='bbox 1201 2586 1334 2632; x_wconf 83' lang='lat' dir='ltr'><strong>Cyrilli,</strong></span> <span class='ocrx_word' id='word_1_282' title='bbox 1355 2598 1461 2631; x_wconf 84' lang='lat' dir='ltr'>supra</span> <span class='ocrx_word' id='word_1_283' title='bbox 1483 2586 1548 2620; x_wconf 90' lang='lat' dir='ltr'>Ev.</span> <span class='ocrx_word' id='word_1_284' title='bbox 1567 2586 1588 2620; x_wconf 91' lang='lat' dir='ltr'>i.</span> <span class='ocrx_word' id='word_1_285' title='bbox 1612 2598 1676 2629; x_wconf 86' lang='lat'><strong>14.‚</strong></span> <span class='ocrx_word' id='word_1_286' title='bbox 1701 2586 1901 2620; x_wconf 83' lang='lat' dir='ltr'>citationem</span> 
     </span>
     <span class='ocr_line' id='line_1_36' title="bbox 318 2633 1900 2680; baseline -0.003 -10"><span class='ocrx_word' id='word_1_287' title='bbox 318 2649 389 2670; x_wconf 85' lang='lat' dir='ltr'>non</span> <span class='ocrx_word' id='word_1_288' title='bbox 420 2637 571 2677; x_wconf 85' lang='lat' dir='ltr'><strong>brevem,</strong></span> <span class='ocrx_word' id='word_1_289' title='bbox 598 2648 637 2669; x_wconf 86' lang='lat' dir='ltr'>ex</span> <span class='ocrx_word' id='word_1_290' title='bbox 662 2635 898 2680; x_wconf 80' lang='lat' dir='ltr'>operibusque</span> <span class='ocrx_word' id='word_1_291' title='bbox 921 2634 1066 2668; x_wconf 75' lang='lat' dir='ltr'><strong>diversis</strong></span> <span class='ocrx_word' id='word_1_292' title='bbox 1095 2634 1323 2678; x_wconf 78' lang='lat' dir='ltr'>desumptum</span> <span class='ocrx_word' id='word_1_293' title='bbox 1348 2633 1518 2677; x_wconf 75' lang='lat' dir='ltr'>incipiens</span> <span class='ocrx_word' id='word_1_294' title='bbox 1547 2633 1641 2677; x_wconf 85' lang='lat' dir='ltr'><strong>[cod.</strong></span> <span class='ocrx_word' id='word_1_295' title='bbox 1672 2633 1900 2679; x_wconf 81' lang='lat' dir='ltr'><strong>Mosquensis</strong></span> 
     </span>
     <span class='ocr_line' id='line_1_37' title="bbox 319 2679 1901 2724; baseline -0.002 -8"><span class='ocrx_word' id='word_1_296' title='bbox 319 2684 412 2717; x_wconf 86' lang='lat' dir='ltr'><strong>xciii.</strong></span> <span class='ocrx_word' id='word_1_297' title='bbox 431 2683 514 2716; x_wconf 87' lang='lat' dir='ltr'><strong>olim</strong></span> <span class='ocrx_word' id='word_1_298' title='bbox 532 2682 622 2716; x_wconf 83' lang='lat' dir='ltr'><strong>xciv.</strong></span> <span class='ocrx_word' id='word_1_299' title='bbox 640 2682 700 2715; x_wconf 88' lang='lat' dir='ltr'><strong>fol.</strong></span> <span class='ocrx_word' id='word_1_300' title='bbox 721 2681 777 2715; x_wconf 91' lang='lat'>26.</span> <span class='ocrx_word' id='word_1_301' title='bbox 796 2681 945 2715; x_wconf 80' lang='lat' dir='ltr'><strong>membr.</strong></span> <span class='ocrx_word' id='word_1_302' title='bbox 965 2693 1033 2715; x_wconf 84' lang='lat' dir='ltr'><strong>sec.</strong></span> <span class='ocrx_word' id='word_1_303' title='bbox 1052 2679 1116 2724; x_wconf 85' lang='lat' dir='ltr'><strong>xi‚]</strong></span> <span class='ocrx_word' id='word_1_304' title='bbox 1134 2680 1253 2723; x_wconf 84' lang='grc' dir='ltr'>Ἡμεῖς</span> <span class='ocrx_word' id='word_1_305' title='bbox 1270 2680 1305 2713; x_wconf 82' lang='grc' dir='ltr'>δέ</span> <span class='ocrx_word' id='word_1_306' title='bbox 1324 2679 1444 2713; x_wconf 82' lang='grc' dir='ltr'>ἕνωσιν</span> <span class='ocrx_word' id='word_1_307' title='bbox 1461 2679 1581 2723; x_wconf 83' lang='grc' dir='ltr'>ἀληθῆ.</span> <span class='ocrx_word' id='word_1_308' title='bbox 1740 2691 1768 2712; x_wconf 91' lang='lat'>1.</span> <span class='ocrx_word' id='word_1_309' title='bbox 1795 2679 1901 2713; x_wconf 88' lang='lat' dir='ltr'><strong>verba</strong></span> 
     </span>
     <span class='ocr_line' id='line_1_38' title="bbox 318 2725 1900 2775; baseline -0.003 -12"><span class='ocrx_word' id='word_1_310' title='bbox 318 2730 384 2775; x_wconf 79' lang='grc' dir='ltr'>γὰρ</span> <span class='ocrx_word' id='word_1_311' title='bbox 412 2727 732 2772; x_wconf 76' lang='grc' dir='ltr'>ἐποιήσατο-ἴδιον</span> <span class='ocrx_word' id='word_1_312' title='bbox 757 2728 872 2761; x_wconf 76' lang='lat' dir='ltr'><strong>omisit</strong></span> <span class='ocrx_word' id='word_1_313' title='bbox 902 2726 966 2761; x_wconf 75' lang='lat' dir='ltr'>Ed.</span> <span class='ocrx_word' id='word_1_314' title='bbox 1042 2728 1080 2761; x_wconf 88' lang='grc' dir='ltr'>τὸ</span> <span class='ocrx_word' id='word_1_315' title='bbox 1107 2726 1301 2760; x_wconf 81' lang='lat' dir='ltr'>secundum</span> <span class='ocrx_word' id='word_1_316' title='bbox 1328 2726 1502 2769; x_wconf 69' lang='lat' dir='ltr'>assumpsi</span> <span class='ocrx_word' id='word_1_317' title='bbox 1527 2738 1545 2759; x_wconf 81' lang='lat' dir='ltr'>e</span> <span class='ocrx_word' id='word_1_318' title='bbox 1571 2726 1655 2759; x_wconf 79' lang='lat' dir='ltr'><strong>Nik.</strong></span> <span class='ocrx_word' id='word_1_319' title='bbox 1682 2725 1717 2758; x_wconf 90' lang='lat' dir='ltr'>in</span> <span class='ocrx_word' id='word_1_320' title='bbox 1737 2725 1772 2759; x_wconf 90' lang='lat' dir='ltr'>S.</span> <span class='ocrx_word' id='word_1_321' title='bbox 1790 2725 1900 2759; x_wconf 87' lang='lat' dir='ltr'>Joan-</span> 
     </span>
     <span class='ocr_line' id='line_1_39' title="bbox 320 2771 1901 2819; baseline -0.003 -10"><span class='ocrx_word' id='word_1_322' title='bbox 320 2788 413 2810; x_wconf 83' lang='lat' dir='ltr'><strong>nem.</strong></span> <span class='ocrx_word' id='word_1_323' title='bbox 624 2786 657 2819; x_wconf 85' lang='lat'>3.</span> <span class='ocrx_word' id='word_1_324' title='bbox 683 2775 815 2819; x_wconf 80' lang='grc' dir='ltr'>ἑκαστῷ</span> <span class='ocrx_word' id='word_1_325' title='bbox 836 2773 888 2807; x_wconf 85' lang='lat' dir='ltr'>lb.</span> <span class='ocrx_word' id='word_1_326' title='bbox 1103 2782 1134 2817; x_wconf 89' lang='lat'>7.</span> <span class='ocrx_word' id='word_1_327' title='bbox 1161 2773 1287 2817; x_wconf 81' lang='grc' dir='ltr'>σαρκὸς</span> <span class='ocrx_word' id='word_1_328' title='bbox 1305 2774 1457 2806; x_wconf 86' lang='grc' dir='ltr'>τοιοῦτόν</span> <span class='ocrx_word' id='word_1_329' title='bbox 1474 2772 1549 2806; x_wconf 80' lang='grc' dir='ltr'>ἐστι</span> <span class='ocrx_word' id='word_1_330' title='bbox 1566 2773 1604 2806; x_wconf 87' lang='grc' dir='ltr'>τὸ</span> <span class='ocrx_word' id='word_1_331' title='bbox 1621 2771 1793 2816; x_wconf 77' lang='grc' dir='ltr'>εἰρημένον</span> <span class='ocrx_word' id='word_1_332' title='bbox 1809 2772 1901 2816; x_wconf 80' lang='grc' dir='ltr'>παρὰ</span> 
     </span>
     <span class='ocr_line' id='line_1_40' title="bbox 321 2818 1899 2867; baseline -0.003 -11"><span class='ocrx_word' id='word_1_333' title='bbox 321 2825 409 2856; x_wconf 80' lang='grc' dir='ltr'>Θεοῦ</span> <span class='ocrx_word' id='word_1_334' title='bbox 427 2822 691 2867; x_wconf 78' lang='grc' dir='ltr'>ἐκχεῶ-σάρκα</span> <span class='ocrx_word' id='word_1_335' title='bbox 710 2826 743 2854; x_wconf 84' lang='lat' dir='ltr'>et</span> <span class='ocrx_word' id='word_1_336' title='bbox 760 2820 873 2865; x_wconf 75' lang='lat' dir='ltr'><strong>pergit</strong></span> <span class='ocrx_word' id='word_1_337' title='bbox 891 2819 1025 2854; x_wconf 78' lang='lat' dir='ltr'><strong>diverse</strong></span> <span class='ocrx_word' id='word_1_338' title='bbox 1044 2819 1098 2853; x_wconf 82' lang='grc' dir='ltr'>ΙΙ).</span> <span class='ocrx_word' id='word_1_339' title='bbox 1357 2831 1390 2863; x_wconf 86' lang='lat'>9.</span> <span class='ocrx_word' id='word_1_340' title='bbox 1417 2819 1496 2852; x_wconf 83' lang='grc' dir='ltr'>Υἱὸν</span> <span class='ocrx_word' id='word_1_341' title='bbox 1513 2818 1651 2852; x_wconf 82' lang='lat' dir='ltr'><strong>exhibet</strong></span> <span class='ocrx_word' id='word_1_342' title='bbox 1670 2818 1786 2852; x_wconf 79' lang='lat' dir='ltr'><strong>Maius</strong></span> <span class='ocrx_word' id='word_1_343' title='bbox 1805 2829 1846 2851; x_wconf 84' lang='lat' dir='ltr'>ex</span> <span class='ocrx_word' id='word_1_344' title='bbox 1863 2818 1899 2852; x_wconf 90' lang='lat' dir='ltr'>b.</span> 
     </span>
     <span class='ocr_line' id='line_1_41' title="bbox 321 2864 1899 2910; baseline -0.002 -8"><span class='ocrx_word' id='word_1_345' title='bbox 321 2869 398 2903; x_wconf 83' lang='grc' dir='ltr'>θεὸν</span> <span class='ocrx_word' id='word_1_346' title='bbox 415 2880 444 2902; x_wconf 87' lang='lat' dir='ltr'>a.</span> <span class='ocrx_word' id='word_1_347' title='bbox 574 2879 625 2901; x_wconf 94' lang='lat'>10.</span> <span class='ocrx_word' id='word_1_348' title='bbox 651 2868 710 2901; x_wconf 84' lang='grc' dir='ltr'>τὸν</span> <span class='ocrx_word' id='word_1_349' title='bbox 727 2878 796 2900; x_wconf 90' lang='lat' dir='ltr'>om.</span> <span class='ocrx_word' id='word_1_350' title='bbox 815 2866 850 2900; x_wconf 88' lang='lat' dir='ltr'>b.</span> <span class='ocrx_word' id='word_1_351' title='bbox 993 2877 1048 2900; x_wconf 89' lang='lat'>21.</span> <span class='ocrx_word' id='word_1_352' title='bbox 1076 2864 1146 2910; x_wconf 82' lang='grc' dir='ltr'>ἐπὶ]</span> <span class='ocrx_word' id='word_1_353' title='bbox 1174 2870 1206 2905; x_wconf 69' lang='grc'>-1-</span> <span class='ocrx_word' id='word_1_354' title='bbox 1228 2866 1285 2907; x_wconf 74' lang='grc' dir='ltr'>τῆς</span> <span class='ocrx_word' id='word_1_355' title='bbox 1303 2877 1332 2899; x_wconf 84' lang='lat' dir='ltr'>a.</span> <span class='ocrx_word' id='word_1_356' title='bbox 1459 2876 1514 2909; x_wconf 85' lang='lat'>23.</span> <span class='ocrx_word' id='word_1_357' title='bbox 1539 2877 1579 2899; x_wconf 83' lang='lat' dir='ltr'>ex</span> <span class='ocrx_word' id='word_1_358' title='bbox 1598 2877 1628 2899; x_wconf 83' lang='lat' dir='ltr'>a.</span> <span class='ocrx_word' id='word_1_359' title='bbox 1648 2870 1681 2898; x_wconf 87' lang='lat' dir='ltr'>et</span> <span class='ocrx_word' id='word_1_360' title='bbox 1699 2864 1721 2898; x_wconf 90' lang='lat' dir='ltr'><strong>b</strong></span> <span class='ocrx_word' id='word_1_361' title='bbox 1739 2864 1799 2898; x_wconf 90' lang='lat' dir='ltr'><strong>fol.</strong></span> <span class='ocrx_word' id='word_1_362' title='bbox 1821 2867 1899 2905; x_wconf 84' lang='lat'><strong>180.</strong></span> 
     </span>
     <span class='ocr_line' id='line_1_42' title="bbox 323 2909 1900 2961; baseline -0.002 -12"><span class='ocrx_word' id='word_1_363' title='bbox 323 2915 378 2950; x_wconf 87' lang='lat'>26.</span> <span class='ocrx_word' id='word_1_364' title='bbox 404 2914 517 2961; x_wconf 80' lang='grc' dir='ltr'>ἐκείνῳ</span> <span class='ocrx_word' id='word_1_365' title='bbox 535 2914 569 2949; x_wconf 95' lang='lat' dir='ltr'>b.</span> <span class='ocrx_word' id='word_1_366' title='bbox 612 2915 700 2959; x_wconf 79' lang='grc' dir='ltr'>ἔχων</span> <span class='ocrx_word' id='word_1_367' title='bbox 717 2913 785 2948; x_wconf 79' lang='lat' dir='ltr'><strong>a.b.</strong></span> <span class='ocrx_word' id='word_1_368' title='bbox 805 2912 976 2947; x_wconf 78' lang='lat' dir='ltr'><strong>“inediol.</strong></span> <span class='ocrx_word' id='word_1_369' title='bbox 993 2912 1122 2957; x_wconf 78' lang='grc' dir='ltr'>ἀνέχων</span> <span class='ocrx_word' id='word_1_370' title='bbox 1140 2912 1205 2947; x_wconf 78' lang='lat' dir='ltr'>Ed.</span> <span class='ocrx_word' id='word_1_371' title='bbox 1224 2912 1323 2956; x_wconf 80' lang='lat' dir='ltr'><strong>nig.&#39;&#39;</strong></span> <span class='ocrx_word' id='word_1_372' title='bbox 1343 2911 1403 2945; x_wconf 78' lang='lat' dir='ltr'>sed</span> <span class='ocrx_word' id='word_1_373' title='bbox 1422 2923 1545 2945; x_wconf 82' lang='lat' dir='ltr'><strong>errore.</strong></span> <span class='ocrx_word' id='word_1_374' title='bbox 1621 2911 1674 2945; x_wconf 84' lang='lat'>28.</span> <span class='ocrx_word' id='word_1_375' title='bbox 1701 2909 1759 2945; x_wconf 76' lang='grc' dir='ltr'>οὖν</span> <span class='ocrx_word' id='word_1_376' title='bbox 1776 2922 1845 2944; x_wconf 90' lang='lat' dir='ltr'>om.</span> <span class='ocrx_word' id='word_1_377' title='bbox 1864 2909 1900 2946; x_wconf 89' lang='lat' dir='ltr'>b.</span> 
     </span>
    </p>
   </div>
  </div>
 </body>
</html>
