1986 3282
96 152 180 193 xix.
197 162 234 208 5,
255 152 292 194 6.
448 153 522 193 IN
565 152 608 194 S.
642 152 980 194 JOANNEM.
1046 151 1171 192 LIB.
1205 151 1310 192 XII.
1634 151 1689 191 63

95 261 211 328 ὅπερ
249 260 307 313 ἂν
344 262 474 325 ἴσως,
514 266 551 313 εἰ
587 261 862 327 ἐπενήνεκτο
899 265 966 332 τῷ
1007 263 1194 328 Σωτῆρι
1220 261 1436 329 Χριστῷ,
1466 260 1689 324 κατακρί-

95 344 266 395 νεσθαί
299 367 349 395 τε
388 345 574 398 δικαίως
616 346 758 396 ἐποίει
800 346 876 396 καὶ
915 349 1017 397 ταῖς
1056 343 1167 410 παρ’
1206 343 1350 394 αὐτοῦ
1388 342 1690 408 κατηγορίαις

94 426 274 494 ἔνοχον.
329 426 472 494 ὅνπερ
499 428 580 478 οὖν
605 426 784 494 τρόπον
811 429 858 479 ἐν
885 425 1046 491 Ἀδὰμ
1073 426 1193 490 ὅλην
1219 426 1267 476 ἐν
1293 425 1358 475 ἑνὶ
1385 422 1472 488 τὴν
1499 423 1684 489 ἀνθρώ-

93 531 186 560 που
217 510 422 574 νενίκηκε
455 510 624 578 φύσιν,
655 509 930 580 κατάφορον
962 508 1212 576 ἁμαρτίαις
1244 506 1496 576 ἀποδείξας
1529 505 1688 571 αὐτὴν,

51 612 74 651 5
95 593 216 643 οὕτω
257 592 458 644 κάνθάδε
497 592 729 658 νενίκηται
765 594 874 660 παρ’
916 592 1074 656 αὐτῆς.
1134 590 1384 658 ἅνθρωπος
1421 588 1516 656 γὰρ
1555 587 1613 653 ἦν
1651 591 1689 640 εὶ

94 676 170 725 καὶ
212 674 357 742 φύσει
385 674 507 729 Θεὸς
546 677 571 726 5
609 674 675 740 μὴ
717 673 932 743 ἐσχηκὼς
968 674 1217 741 ἁμαρτίαν,
1249 695 1326 724 και
1368 671 1532 738 ὥσπερ
1571 671 1598 735 ἡ
1637 672 1689 722 ἐκ

93 761 178 807 τοῦ
214 760 488 823 παραβῆναι
526 757 804 824 κατάκρισις
843 759 897 808 δι’
928 756 1029 811 ἑνὸς
1055 780 1117 811 εις
1155 755 1339 810 πάντας
1372 760 1458 806 τοῦ
1497 753 1689 821 πρώτου

93 838 389 902 τετέλεσται,
419 839 540 891 κατὰ
573 839 657 891 τὸν
691 840 799 891 ’ίσον
834 839 891 904 δὴ
925 838 1157 906 τρόπονὴ
1194 839 1244 889 ἐκ
1270 842 1354 889 τοῦ
1386 839 1689 900 δικαιωθῆναι

94 921 312 988 Χριστὸν
342 922 534 988 εὐλογία
572 924 627 974 δι’
657 922 759 976 ἑνὸς
796 928 880 973 τοῦ
919 922 1133 989 δευτέρου
1166 920 1285 987 πρὸς
1323 918 1504 973 πάντας
1539 919 1683 970 ἐκτεί-

25 1028 74 1054 10
95 1025 232 1056 νεται.
276 1005 352 1055 καὶ
380 1004 549 1056 τούτου
575 1003 755 1072 μάρτυς
782 1006 807 1056 5
837 1009 1034 1058 Παῦλος
1060 1003 1217 1070 λέγων
1242 1010 1269 1032 “
1289 1001 1485 1068 ”Ωσπερ
1509 999 1602 1068 γὰρ
1630 1002 1685 1053 δι’

1751 1004 1848 1036 Rom.
1863 1015 1894 1036 ν.

1755 1049 1804 1079 18.

93 1091 122 1114 (ζ
158 1085 168 1099 e
201 1084 214 1099 x
312 1089 321 1103 ‚
442 1085 456 1100 t
616 1088 627 1103 2
745 1085 758 1101 t
943 1091 953 1104 ,
1126 1083 1139 1099 t
1374 1086 1396 1104 ey
1548 1085 1557 1100 ν
1598 1085 1607 1099 e
1640 1083 1653 1099 x

147 1108 248 1139 ενος
285 1108 348 1139 εις
385 1109 567 1140 παντας
601 1091 878 1154 ανθρωπους
917 1110 980 1140 εις
1018 1108 1298 1152 κατακριμα,
1340 1108 1462 1136 ουτω
1503 1087 1547 1136 δι
1586 1107 1687 1139 ενος
1706 1095 1912 1131 a1045A.

94 1173 120 1196 “
147 1170 210 1222 εἰς
247 1167 429 1222 πάντας
467 1168 744 1235 ἀνθρώπους
783 1173 846 1223 εἷς
877 1169 1123 1220 δικαίωσιν
1150 1167 1307 1234 ζωῆς.”
1356 1168 1524 1218 οὐκοῦν
1551 1190 1684 1218 νενο-

93 1249 308 1314 σήκαμεν
333 1249 410 1301 διὰ
442 1250 528 1315 μὲν
553 1250 711 1315 Ἀδὰμ
746 1257 830 1303 τοῦ
859 1251 1050 1318 πρώτου
1087 1249 1174 1316 τὴν
1203 1249 1449 1316 παρακοὴν
1487 1251 1564 1301 καὶ
1602 1248 1689 1314 τὴν

94 1332 266 1397 ἐκείνης
306 1331 439 1400 ἀρὰν,
483 1332 881 1398 πεπλουτήκαμεν
917 1332 966 1384 δὲ
1007 1332 1082 1385 διά
1125 1356 1180 1399 γε
1223 1338 1307 1384 τοῦ
1350 1331 1563 1397 δευτέρου
1603 1331 1689 1396 τὴν

27 1431 74 1469 Ῑ5
95 1414 305 1479 ὑπακοὴν
350 1417 425 1466 καὶ
476 1415 561 1481 τὴν
606 1417 662 1485 ἐξ
710 1417 852 1480 αὐτῆς
898 1417 1137 1482 εὐλογίαν.
1206 1417 1230 1467 ὁ
1272 1415 1366 1482 γὰρ
1408 1421 1492 1467 τοῦ
1544 1414 1690 1478 νόμου

97 1496 271 1563 Κύριος
300 1499 362 1551 ὡς
390 1497 528 1561 Θεὸς,
555 1498 723 1565 γε’γονε
761 1499 870 1563 μεθ’
906 1499 1038 1563 ἡμῶν
1070 1498 1361 1567 νομοφύλαξ
1397 1500 1460 1552 ὡς
1499 1498 1684 1564 ἄνθρω-

93 1601 196 1632 πος.
255 1581 332 1630 καὶ
365 1585 482 1646 γοῦν
513 1580 775 1647 εὑρήσομεν
802 1581 1007 1646 λέγοντα
1042 1581 1161 1647 πρὸς
1188 1581 1309 1644 ἡμᾶς
1345 1588 1372 1610 “
1397 1582 1460 1632 ‘O
1488 1581 1690 1646 ἀγαπῶν

96 1667 123 1690 “
149 1684 207 1724 με
239 1660 323 1715 τὰς
357 1662 553 1717 ἐντολάς
587 1686 679 1726 μου
705 1662 918 1730 τηρήσει,
946 1662 1102 1717 καθὼς
1130 1661 1223 1728 ἐγὼ
1249 1661 1334 1716 τὰς
1372 1661 1567 1716 ε’ντολάς
1606 1666 1690 1713 τοῦ

96 1749 123 1773 ‘⁶
151 1742 343 1810 Πατρός
386 1767 476 1808 μου
519 1745 753 1811 τετήρηκα
796 1748 872 1797 καὶ
911 1745 1035 1810 μένω
1079 1746 1222 1796 αὐτοῦ
1273 1747 1322 1796 ἐν
1366 1748 1426 1813 τῇ
1477 1743 1686 1813 ἀγάπῃ.”

25 1846 75 1872 20
93 1825 245 1886 βλέπε
271 1825 365 1893 γὰρ
391 1826 518 1881 ὅπως
544 1827 817 1879 ἐντέταλται
843 1827 929 1892 μὲν
955 1828 1066 1892 ἡμῖν
1092 1830 1155 1882 ὡς
1181 1827 1436 1892 νομοθέτης
1463 1828 1538 1879 καὶ
1565 1824 1690 1880 Θεὸς

94 1906 177 1961 τὰς
224 1908 367 1959 αὐτοῦ
417 1913 574 1975 τηρεῖν
614 1908 824 1973 ἐντολὰς,
870 1912 931 1964 ὡς
973 1909 1022 1961 δὲ
1063 1911 1171 1973 μεθ’
1218 1910 1352 1974 ἡμῶν
1402 1908 1735 1978 νομοφύλαξὶ)

93 1992 298 2057 τηρῆσαι
325 1991 657 2059 διισχυρίζεται
683 1994 758 2043 καὶ
786 1990 925 2047 αὐτὸς
951 1991 1039 2057 τὴν
1067 1997 1151 2044 τοῦ
1178 1992 1294 2044 ἰδίου
1321 1991 1529 2059 Πατρός.

90 2152 298 2197 Ἐξῆλθεν
341 2150 414 2195 οὖν
455 2155 478 2197 ὁ
521 2154 686 2197 ἸΗσοῦο
734 2156 835 2207 ἔξω,
879 2155 1031 2212 φορῶν
1074 2155 1149 2198 τὸν
1193 2155 1425 2197 ἀκάνθινον
1470 2155 1729 2210 στέφανον5

163 2236 231 2277 καὶ
268 2236 316 2279 τὸ
354 2240 605 2294 Πορφυροῡν
645 2236 824 2289 ἱμάτιον,
865 2238 934 2279 καὶ
971 2238 1087 2284 λὲΓει
1124 2235 1269 2280 αὐτοῖς
1306 2236 1420 2279 Ἰδοὺ
1458 2238 1480 2279 ὁ
1519 2237 1688 2293 ἄνθρω-

25 2330 73 2369 25
161 2335 255 2361 noc.
303 2321 377 2362 ὅτε
414 2317 488 2361 οὖν
527 2316 642 2362 εἶδον
681 2321 812 2364 αὐτὸν
850 2319 889 2363 οἷ
928 2318 1142 2379 ἀρχιερεῖς
1180 2321 1249 2362 καὶ
1286 2318 1325 2362 οἱ
1357 2321 1580 2378 ὑΠΗρέται,
1617 2321 1732 2361 ἐκ-6

163 2404 379 2460 ραύΓασαν
418 2404 616 2451 ΛὲΓοντεε
653 2404 916 2461 Σταύρωσον
955 2406 1222 2463 σταύρωσον.

166 2516 407 2586 Ἐπέδειξε
442 2515 527 2581 μὲν
553 2517 755 2571 ἀνοσίως
789 2518 1149 2586 κατῃκισμένον,
1176 2519 1252 2569 καὶ
1287 2522 1383 2571 τοῖς
1408 2521 1505 2569 τῶν
1530 2540 1680 2585 στρα-

93 2603 273 2650 τιωτῶν
311 2599 637 2665 ἐμπαίγμασιν
675 2599 927 2668 ἀφορήτως
965 2599 1309 2669 ἐξυβρισμένον
1344 2599 1427 2651 τὸν
1465 2598 1688 2652 ἁπάντων
1707 2628 1729 2655 e

96 2680 287 2748 Κύριον,
309 2680 822 2749 κατακορεσθήσεσθαί
843 2705 943 2736 πως
969 2684 1045 2733 καὶ
1078 2681 1365 2751 καταλήξειν
1386 2682 1474 2747 ἤδη
1494 2681 1690 2734 πιστεύ-

25 2783 75 2819 30
93 2786 186 2818 σας
223 2762 307 2815 τὸν
345 2762 551 2831 ἄκρατον
589 2768 684 2816 τῶν
709 2764 950 2816 Ἰουδαίων
982 2763 1131 2830 θυμὸν
1174 2766 1249 2815 καὶ
1289 2763 1383 2816 ἀπὸ
1422 2763 1568 2830 μόνης
1607 2767 1691 2828 τῆς

144 2926 223 2962 7-9.
249 2919 310 2952 τοῦ
325 2919 595 2963 πρώτου-πρὸς
611 2920 738 2955 πάντας
756 2925 978 2954 accesserunt
995 2931 1037 2954 ex
1056 2919 1098 2954 E.
1192 2930 1245 2954 11.
1272 2919 1346 2954 ἑνὸς
1363 2917 1477 2964 prius]
1496 2921 1533 2959 -1-
1554 2932 1689 2962 παραπ-

96 2965 248 3008 τώματος
266 2963 333 2999 Ed.
352 2965 462 3000 invito
481 2965 523 2999 E.
717 2977 770 3001 12.
795 2966 842 3003 εἷς
858 2967 985 3003 πάντας
1002 2966 1199 3011 ἀνθρώπους
1217 2972 1441 3011 assumptum
1460 2977 1502 2999 ex
1521 2965 1564 3000 E.

1754 1580 1805 1612 Cf.
1819 1590 1918 1620 supra,

1752 1625 1818 1655 xiv.
1841 1634 1892 1664 23.

1752 1667 1859 1708 Supra

1750 1721 1806 1742 xv.
1824 1720 1872 1742 10.
