2017 3252
305 158 390 199 376
535 158 586 198 B.
621 158 868 199 CYRILLI
904 158 1254 199 ALEXANDR.
1292 158 1664 202 FRAGMENTA
1800 161 1825 202 i.
1849 175 1889 216 9.

96 225 188 267 [uo
205 225 253 257 M·
274 224 289 266 ]
310 265 497 332 Πατήρ·
551 265 608 330 ἧν
643 267 725 317 οὖν
762 266 854 333 ἄρα
880 267 956 317 καὶ
989 267 1013 316 ὁ
1037 265 1165 328 Υἱὸς,
1190 266 1562 335 συνυφεστηκὼς
1588 270 1656 319 ἀεὶ
1691 270 1757 337 τῷ
1792 268 1890 337 ἰδίῳ

310 346 570 414 γεννήτορι.

269 496 290 531 9
812 490 1065 536 ἨΓάΠι-ισας
1104 489 1390 532 ὃικαιοσύνΗν.

385 603 447 653 Ὁ
483 603 738 656 θεσπε’σιος
778 605 952 654 Δαυεὶδ
984 604 1103 669 πρὸς
1140 603 1223 654 τὸν
1261 605 1309 654 ἐν
1348 605 1560 670 οὐρανοῖς
1592 603 1782 670 Πατερα
1817 607 1892 655 καὶ

313 682 438 734 Θεὸν
464 683 621 747 κοινὴν
647 682 811 750 ὥσπερ
841 684 945 735 τινὰ
973 683 1086 751 ὑπὲρ
1111 685 1272 750 ποίσης
1297 688 1380 749 τῆς
1405 686 1765 752 ἀνθρωπότητος
1791 686 1888 754 ἐξε-
1911 699 1933 738 5

89 771 145 802 Ps.
160 770 252 801 lxvii.
315 765 460 834 φώνει
496 765 632 829 λιτήν
666 772 692 795 “
711 763 953 817 ’Έντειλαι
981 767 1005 816 ὁ
1034 765 1154 820 Θεὸς
1181 770 1239 834 τῇ
1266 766 1451 830 δυνάμει
1478 790 1583 830 σου,
1611 766 1893 828 δυνάμωσον

92 825 109 845 ¹2
137 839 144 846 .

115 824 133 855 9
316 854 342 877 ‘⁶
369 848 394 898 ὁ
434 846 555 900 Θεὸς
600 852 738 898 τοῦτο
784 846 809 898 ὸ
851 847 1146 913 κατειργάσω
1190 849 1239 898 ἐν
1279 849 1434 912 ἡμῖν.”
1485 848 1678 912 δύναμις
1719 847 1767 898 δὲ
1811 853 1894 898 τοῦ

91 932 141 963 Cf.
158 933 213 963 Es.

92 976 185 1006 xlviii
212 984 249 1016 13
316 927 507 994 Πατρὸς
533 930 558 979 ὁ
584 928 698 982 Υἱὸς
730 930 785 979 δι’
815 929 867 979 οὗ
899 929 1157 995 ἐστερέωσε
1191 929 1275 992 μὲν
1301 928 1407 982 τοὺς
1442 929 1663 996 οὐρανοὺς
1697 930 1773 980 καὶ
1809 927 1895 993 τὴν

315 1012 406 1075 γῆν
430 1010 749 1073 τεθεμελίωκε,
775 1012 848 1060 καὶ
874 1010 961 1074 τὴν
985 1013 1120 1061 τοῦδε
1150 1016 1232 1062 τοῦ
1259 1009 1437 1064 παντὸς
1464 1011 1709 1076 ε’ίργασται
1736 1009 1893 1060 διακό-

295 1106 515 1155 σμησιν.
572 1093 647 1142 καὶ
680 1092 903 1155 πεποίηκε
941 1091 1025 1155 μὲν
1055 1091 1136 1142 τὸν
1172 1092 1421 1157 ἄνθρωπον
1452 1091 1550 1142 κατ’
1592 1092 1709 1142 ἰδίαν
1741 1090 1894 1141 εἰκόνα
1917 1105 1965 1130 10

315 1174 391 1223 καὶ
417 1171 660 1235 ὁμοίωσιν,
686 1177 868 1241 φθορᾶς
904 1175 980 1224 καὶ
1006 1173 1209 1224 θανάτου
1235 1173 1472 1238 κρείττονα
1499 1172 1796 1237 δικαιοσύνης
1823 1173 1892 1239 ε’ρ-

315 1252 478 1319 γάτην.
529 1253 683 1318 ἐπειδὴ
719 1253 767 1304 δὲ
801 1255 1144 1316 βεβασίλευκεν
1171 1256 1195 1305 ὁ
1221 1253 1420 1307 θάνατος
1451 1253 1526 1305 διὰ
1560 1256 1641 1317 τῆς
1668 1254 1896 1320 ἁμαρτίας

93 1344 190 1418 {0111-
208 1343 254 1375 iii.
318 1335 394 1385 καὶ
433 1335 785 1401 ὑπενηνέγμεθα
827 1338 884 1403 τῇ
927 1339 1087 1405 φθορᾷ
1127 1338 1202 1387 καὶ
1240 1343 1268 1364 “
1287 1334 1457 1390 πάντες
1494 1335 1754 1403 ἐξέκλιναν,
1799 1334 1895 1399 ἅμα

139 1411 146 1419 ’
319 1422 345 1445 “
371 1415 738 1483 ἠχρειώθησαν,”
767 1416 1056 1484 προενόησεν
1081 1419 1342 1484 ἀναγκαίως
1369 1421 1463 1468 τῶν
1489 1418 1653 1467 ἑαυτοῦ
1688 1417 1890 1479 κτισμά-

317 1519 411 1548 των
442 1498 467 1548 ὁ
501 1502 596 1549 τῶν
622 1498 749 1549 ὅλων
780 1499 1111 1566 γενεσιουργὸς
1146 1502 1221 1550 καὶ
1249 1499 1439 1565 Κύριος·
1487 1497 1718 1563 ηὐδόκησε
1750 1497 1844 1565 γὰρ
1870 1499 1965 1549 615

95 1586 275 1627 Eph-i·10·
320 1577 441 1632 Θεὸς
483 1584 559 1630 καὶ
602 1578 771 1646 Πατὴρ
821 1587 848 1609 “
875 1580 1396 1649 ἀνακεφαλαιώσασθαι
1438 1579 1498 1631 τὰ
1538 1579 1695 1631 πάντα
1738 1581 1787 1630 ἐν
1829 1584 1896 1650 τῷ

319 1666 346 1690 “
371 1663 572 1729 Χριστῷ
591 1662 616 1677 ”
645 1663 720 1712 καὶ
744 1662 1042 1712 ἀνακαινίσαι
1068 1666 1129 1716 εἷς
1156 1661 1210 1713 τὸ
1237 1664 1285 1713 ἐν
1310 1663 1490 1729 ἀρχαῖς.

390 1743 453 1792 Ὁ
493 1744 666 1794 Δαυεὶδ
706 1744 788 1794 οὖν
828 1742 882 1794 τὸ
926 1743 1052 1804 βαθὺ
1095 1746 1177 1807 τῆς
1220 1743 1616 1809 ἐνανθρωπήσεως
1662 1745 1903 1808 διατρανοῖ

317 1822 591 1890 μυστήριον,
615 1825 878 1892 ἀναφωνῶν
902 1825 1021 1891 πρὸς
1048 1825 1131 1876 τὸν
1156 1827 1204 1875 ἐκ
1232 1829 1357 1875 Θεοῦ
1386 1823 1577 1890 Πατρὸς
1603 1823 1722 1875 κατὰ
1748 1825 1898 1892 φύσιν

98 1903 435 1955 Ps.x1iv.8.Y261J
474 1912 500 1934 “
526 1905 818 1970 Ἠγάπησας
857 1906 1156 1970 δικαιοσύνην
1195 1908 1270 1957 καὶ
1310 1906 1543 1970 ἐμίσησας
1581 1905 1789 1969 ἀνομίαν,
1822 1906 1896 1958 διὰ
1916 1932 1967 1957 20

319 1992 346 2015 ‘⁶
371 1990 508 2036 τοῦτο
539 1985 726 2053 ἔχρισέν
752 2010 809 2037 σε
841 1988 865 2037 ὁ
893 1987 1013 2042 Θεὸς
1040 1988 1064 2037 ὁ
1092 1986 1213 2041 Θεός
1244 2010 1335 2038 σου
1370 1986 1528 2038 ἐ’λαιον
1561 1987 1897 2052 ἀγαλλιάσεως

317 2074 346 2096 “
370 2065 499 2132 παρὰ
532 2067 639 2121 τοὺς
676 2067 900 2135 μετόχους
934 2070 1065 2121 σου.”
1114 2069 1286 2120 οἴονται
1325 2069 1382 2119 δέ
1409 2091 1527 2122 τινες
1555 2070 1608 2119 οὐ
1633 2070 1698 2137 τῷ
1727 2073 1893 2119 Μονο-

316 2153 443 2214 γενεῖ
475 2149 667 2214 πρέπειν
704 2148 788 2203 τὰς
826 2150 1016 2201 τοιάσδε
1056 2150 1232 2217 φωνὰς,
1269 2153 1481 2216 εἰρῆσθαι
1521 2149 1568 2201 δὲ
1606 2155 1795 2213 μᾶλλον
1835 2153 1896 2204 ὡς

316 2228 433 2296 πρὸς
469 2230 718 2296 ἄνθρωπον
744 2232 910 2285 ἁπλῶς
943 2230 1024 2282 τὸν
1049 2234 1098 2283 ἐκ
1124 2235 1206 2296 τῆς
1232 2233 1367 2298 ἁγίας
1404 2231 1637 2298 παρθένου
1671 2254 1892 2297 γεγεννη-

430 2393 513 2428 Post
541 2393 626 2429 haec
656 2394 726 2428 duo
757 2395 937 2441 sequentia
966 2395 1097 2430 scholia
1123 2408 1140 2430 e
1169 2396 1437 2430 Commentariis
1464 2396 1500 2429 in
1524 2395 1681 2429 Psalmos
1710 2395 1896 2441 D.Cyri11i

320 2439 460 2474 exhibet
479 2440 616 2474 Maius:
645 2442 738 2475 Κατὰ
754 2443 906 2477 πολλοὺς
923 2443 959 2476 δέ
976 2444 1121 2487 τρόπους
1137 2442 1155 2485 ἡ
1175 2442 1301 2487 ῥάβδος
1318 2445 1452 2477 νοεῖται·
1485 2443 1567 2476 ποτὲ
1584 2442 1644 2485 μὲν
1659 2442 1725 2486 γὰρ
1743 2444 1897 2485 σημαίνει

99 2483 153 2513 PS·
171 2482 233 2513 Cix-
251 2493 281 2513 2·
318 2487 379 2529 τὴν
411 2487 602 2527 βασιλείαν,
632 2488 676 2522 ὡς
703 2488 854 2522 ἐνταῦθα·
898 2489 980 2523 ποτέ
1007 2490 1042 2522 δὲ
1077 2489 1130 2534 [δὲ
1155 2501 1224 2522 om.
1243 2488 1297 2533 b.]
1324 2489 1383 2532 τὴν
1409 2488 1523 2532 ι’σχὺν,
1547 2489 1591 2523 ὡς
1619 2488 1654 2522 ἐν
1681 2491 1727 2533 τῷ
1754 2487 1897 2528 Ῥάβδον

321 2531 490 2575 δυνάμεως
522 2533 747 2575 εξαποστελεῖ
783 2545 851 2568 σοι·
900 2536 1109 2577 λαμβάνεται
1146 2535 1182 2568 δέ
1216 2549 1268 2568 και
1302 2534 1348 2569 εἷς
1377 2533 1564 2577 ἐπιστήμην
1593 2534 1652 2577 τὴν
1680 2535 1897 2578 ποιμαντικὴν

99 2577 178 2607 Mic.
193 2577 247 2608 vii.
321 2592 403 2611 κατα
423 2579 461 2611 τὸ
478 2579 563 2621 πρὸς
580 2581 638 2613 τὸν
655 2581 725 2613 υἱὸν
742 2580 913 2624 εἶρημενον
931 2581 1091 2623 Ποίμαινε
1110 2582 1167 2614 τὸν
1187 2580 1260 2625 [τὸν
1277 2592 1347 2614 om.
1365 2581 1399 2614 b.
1403 2579 1418 2625 ]
1438 2582 1522 2613 λαόν
1539 2595 1604 2614 σου
1621 2581 1656 2614 ἐν
1673 2580 1801 2626 ῥάβδῳ.

103 2628 150 2659 14.
322 2624 488 2658 Βασιλευς
520 2625 633 2668 μέντοι
666 2628 861 2669 χρηματίζει
894 2628 1042 2671 Χριστὸς
1074 2626 1201 2671 [μέντοι
1231 2628 1381 2671 χρηστὸς
1410 2625 1462 2670 b.]
1492 2626 1542 2660 ὅτι
1572 2627 1625 2660 καὶ
1658 2615 1897 2670 ἐνανθωπήσας

320 2671 447 2713 ἔμεινεν
464 2670 498 2704 ἐν
515 2672 586 2705 ταῖς
611 2671 708 2706 ιδίαις
732 2673 922 2718 ὑπεροχαῖς·
956 2672 1133 2713 βασιλευει
1158 2673 1224 2716 γὰρ
1241 2673 1275 2706 ἐν
1292 2672 1497 2715 δικαιοσύνῃ·
1533 2673 1584 2707 διὸ
1610 2673 1653 2707 ὡς
1676 2673 1712 2706 ἐκ
1736 2673 1895 2716 παραδεί-

319 2731 455 2772 γματος
469 2720 534 2750 τῶν
551 2717 605 2750 ἐπὶ
627 2719 688 2762 γῆς
703 2719 878 2757 βασιλέων
895 2720 1170 2763 σκηπτροφορεῖν
1187 2719 1351 2753 ειωθότων
1367 2720 1405 2752 τὸ
1423 2722 1482 2752 τοῦ
1499 2720 1606 2764 λόγου
1624 2721 1741 2763 σχῆμα
1757 2720 1895 2761 πεποίη-

318 2772 384 2796 ται·
413 2761 589 2805 σύμβολον
605 2764 670 2808 γὰρ
686 2765 898 2803 βασιλείας“
883 2780 901 2807 η
920 2764 1056 2808 ῥάβδος.
1109 2765 1175 2810 Seq
1180 2766 1353 2799 uebatur
1346 2777 1382 2798 m
1401 2765 1496 2798 Maio
1518 2766 1626 2799 schol.
1644 2777 1662 2799 e
1679 2765 1774 2798 hom.
1791 2764 1895 2808 Ὁρᾷς

318 2808 580 2853 -ἇμφότερα”’
561 2824 596 2843 εν
612 2809 701 2843 infra
718 2810 806 2843 inter
824 2811 1044 2844 homiliarum
1060 2779 1257 2855 fragmlenta
1273 2811 1523 2846 exhibendum.
1689 2824 1722 2853 4.
1749 2822 1766 2843 e
1784 2822 1814 2844 c.
1832 2811 1892 2844 fol.

320 2865 386 2898 243
406 2867 437 2889 v.
427 2867 484 2933 ..Cs
505 2855 563 2889 fin.
582 2856 641 2901 qui
657 2855 695 2889 ‘0
715 2856 749 2889 δὲ
767 2858 926 2901 μακάριος
945 2856 1114 2901 Κύριλλός
1131 2859 1240 2901 φησιν
1257 2858 1455 2902 Plaemittit.
1678 2868 1732 2899 24.
1756 2871 1893 2902 ‘yffyfvrr

316 2901 416 2943 μένον
466 2913 491 2934 r.
