1997 3262
79 230 248 272 [95M·]

62 451 148 482 Phil.
158 452 191 482 ii.
203 453 233 483 8.

62 599 93 629 S.
106 599 205 631 Joan.
223 610 253 631 x.

66 650 117 680 15,

63 686 158 716 Rom.
174 686 218 716 Vi.

67 737 114 758 10.

150 1998 191 2022 11
217 1997 272 2034 sq.

281 163 365 202 34ss
468 162 518 202 B.
553 160 800 202 CYRILLI
837 159 1187 200 ALEXANDR.
1225 159 1597 199 FRAGMENTA
1657 159 1712 199 iv.
1738 172 1778 199 11
1802 173 1861 212 sq.

282 270 402 321 οὕτω
440 292 491 320 τε
530 270 787 329 ἀναλαβεῖν
823 268 1097 333 ἰσχύσωμεν
1137 268 1211 316 καὶ
1250 266 1304 316 τὸ
1344 266 1598 329 ἀμώμητον
1625 269 1686 319 εἷς
1726 264 1859 330 ζωήν.

283 352 359 401 καὶ
398 352 503 401 καθ’
545 351 700 415 ἕτερον
739 348 786 399 δὲ
825 347 1000 414 τρόπον
1032 347 1116 411 τὴν
1147 347 1308 398 ἐνθάδε
1347 347 1606 411 λεγομένην
1632 349 1702 398 roffi
1730 348 1864 405 Ἰησοῦ

283 432 525 500 παραδέξῃ
565 433 757 501 νέκρωσιν
791 432 865 480 καὶ
905 428 1036 494 ζωήν·
1089 428 1251 494 γε’γονε
1289 427 1382 494 γὰρ
1421 427 1622 492 ὑπήκοος
1657 432 1722 497 τῷ
1756 430 1864 496 Θεῷ

286 516 360 564 καὶ
414 516 582 578 Πατρῖ,
633 511 754 562 καθὰ
804 510 1080 575 γέγραπται,
1129 511 1203 560 καὶ
1255 510 1414 576 με’χρις
1461 511 1601 559 αὐτοῦ
1648 508 1865 570 θανάτου,

287 597 361 645 καὶ
402 593 486 658 τὴν
523 593 687 662 ψυχὴν
725 593 866 642 αὑτοῦ
904 590 1100 641 τέθεικεν
1140 590 1253 656 ὑπὲρ
1292 595 1387 640 τῶν
1424 591 1693 655 προβάτων·
1737 589 1906 653 πλὴν5

287 682 315 704 “
340 675 569 726 ἀπέθανεν
593 672 791 741 ἐφάπαξ
814 676 870 739 τῇ
899 672 1148 740 ἀμαρτι’ᾳ·”
1193 672 1436 722 τουτέστιν
1464 671 1577 738 ὑπὲρ
1608 675 1692 735 τῆς
1717 673 1866 736 ἀμαρ-

285 757 385 810 τίας
410 761 492 806 τοῦ
528 756 725 818 κόσμου,
754 754 947 805 τέθειται
981 752 1073 819 γὰρ
1100 753 1305 816 ἱλασμός
1345 752 1419 803 διὰ
1456 753 1677 806 πίστεως·
1720 751 1791 803 “3
1819 751 1866 803 δὲ

287 844 313 867 “
339 837 415 905 ζῇ,
445 837 500 905 ζῇ
527 860 592 888 ω
619 836 774 905 &co

358 918 550 982 Ταύτην
590 919 670 968 οὖν
709 917 800 982 ἄρα
840 915 925 980 τὴν
968 915 1208 982 νέκρωσιν,
1245 914 1331 979 τὴν
1370 916 1450 967 &col
1483 939 1536 982 γε
1576 920 1669 966 τῶν
1706 918 1861 978 παθη-

283 1000 447 1064 μάτων
473 1004 547 1050 καὶ
586 997 748 1065 μέχρις
786 999 928 1048 αὐτοῦ
961 997 1165 1048 θανάτου
1197 996 1468 1060 διήκουσαν,
1500 997 1537 1048 ἓν
1563 1001 1657 1050 τοῖς
1692 997 1866 1046 ἑαυτῶν

285 1082 478 1150 σώμασι
510 1083 825 1149 περιφέρουσιν
851 1083 893 1129 οἱ
919 1080 1231 1143 μυσταγωγοῖ
1255 1079 1328 1129 ἵνα
1357 1084 1434 1130 καὶ
1462 1081 1483 1139 ἦ
1509 1078 1591 1149 ζωὴ
1618 1079 1689 1129 τοῧ
1713 1080 1865 1138 Ἰησοῦ,

286 1162 408 1214 καθά
440 1167 591 1231 φησιν
619 1161 770 1222 αὐτὸς,
798 1162 835 1211 ἐν
861 1165 955 1213 τοῖς
983 1159 1204 1227 σώμασιν
1231 1159 1344 1227 ἡμῶν
1371 1159 1598 1232 φανερωθῇ·
1647 1159 1868 1224 ζήσονται

286 1244 379 1310 γὰρ
411 1246 486 1295 καὶ
523 1244 652 1293 αὐτοὶ
683 1246 749 1310 τῷ
777 1245 885 1310 Θεῷ
919 1239 1004 1304 τὴν
1032 1241 1170 1306 ἁγίαν
1198 1243 1272 1290 καὶ
1307 1240 1503 1303 ἄμωμον
1531 1244 1604 1292 καὶ
1638 1242 1868 1307 μακαρίαν

287 1324 420 1393 ζωήν.
474 1325 545 1376 ὅτι
572 1324 619 1375 δὲ
645 1324 816 1387 ταύτης
843 1324 967 1375 ἰδίως
1001 1321 1229 1386 μέμνηται
1256 1325 1337 1385 τῆς
1364 1323 1631 1388 νεκρώσεως
1658 1324 1731 1373 καὶ
1756 1322 1865 1385 μέν·

286 1430 358 1458 τοι
395 1405 523 1472 ζωῆς,
550 1405 611 1459 ε’ίς
637 1428 691 1470 γε
723 1405 777 1455 τὸ
803 1403 956 1469 παρὸν
981 1403 1279 1454 πιστώσεται
1304 1402 1388 1466 μὲν
1415 1407 1489 1454 καὶ
1515 1404 1543 1468 ἡ
1569 1409 1662 1454 τῶν
1687 1413 1869 1469 προλα-

285 1488 471 1550 βόντων
518 1487 710 1549 διάνοια,
756 1489 1034 1551 πειρασμῶν
1079 1485 1255 1551 ἔχουσα
1295 1487 1369 1535 καὶ
1409 1484 1568 1535 πόνων
1608 1485 1867 1552 ἀφήγησιν,

285 1569 364 1623 οὓς
390 1569 632 1632 ὑπομένειν
659 1567 841 1632 ἀνάγκη
867 1571 1083 1632 πληροῦν
1110 1564 1336 1617 ἐθέλοντα
1370 1569 1452 1630 τῆς
1486 1569 1762 1629 ἀποστολῆς
1787 1565 1869 1616 τὸν

285 1652 452 1703 εὐκλεᾶ
478 1651 665 1717 δρόμον·
720 1648 851 1700 οὐδὲν
879 1648 925 1699 δὲ
953 1648 1094 1712 ἧττον
1121 1648 1239 1711 ἡμᾶς
1266 1649 1385 1698 οὕτω
1413 1652 1602 1715 φρονεῖν
1627 1649 1869 1698 ἀναπείσει

285 1734 533 1799 μονονουχὶ
579 1734 655 1782 καὶ
696 1729 1006 1796 διερμηνεύων
1051 1729 1206 1782 αὐτοῖς
1252 1728 1367 1795 ὅπερ
1412 1729 1518 1798 ἔφη·
1577 1727 1869 1795 προσεπάγει

286 1813 380 1881 γὰρ
406 1812 538 1867 εὐθὺς
564 1812 618 1863 τὸ
644 1812 767 1881 ἑξῆς·

367 1982 457 2022 Ἀεὶ
496 1980 572 2037 Γὰρ
611 1977 731 2028 ἡμεῖς
769 1978 806 2020 οἱ
844 1979 996 2037 ζῶντες
1035 1977 1093 2019 εἰς
1132 1979 1316 2019 Θάνατον
1354 1976 1680 2035 Παραδιδόμεθα
1718 1977 1786 2018 διὰ

902 2062 1069 2103 ἸΗσοῦν
1106 2064 1252 2105 κ.τ.λ.

365 2175 588 2225 Δείκνυσι
626 2172 674 2224 δὲ
716 2172 791 2223 διὰ
832 2173 1009 2223 τούτων
1051 2174 1125 2223 καὶ
1166 2171 1333 2224 αὐτοὺς
1374 2172 1590 2234 ἀσμένως
1631 2171 1872 2235 ὑπομένειν

291 2255 539 2309 ἐθέλοντας
579 2254 661 2306 τὸν
702 2258 784 2318 τῆς
826 2253 1005 2319 σαρκὸς
1051 2254 1267 2316 θάνατον,
1310 2252 1385 2303 διὰ
1429 2252 1514 2316 τὴν
1559 2256 1620 2306 εἷς
1655 2253 1872 2319 Χριστὸν

292 2338 550 2398 εὐσέβειαν·
599 2334 781 2389 σκοπὸς
820 2334 912 2401 γὰρ
939 2336 1093 2388 αὐτοῖς
1131 2337 1213 2385 οὐκ
1239 2337 1302 2387 εἷς
1329 2334 1386 2384 τὰ
1410 2332 1622 2400 παρόντα
1654 2335 1866 2397 βλέπειν,

292 2422 542 2483 προαθρεῖν
587 2416 636 2467 δὲ
680 2422 871 2480 μᾶλλον
914 2415 973 2466 τὰ
1016 2416 1218 2479 ἐσόμενα
1268 2418 1344 2465 καὶ
1395 2414 1477 2468 τὰς
1528 2414 1729 2478 ἀμοιβὰς
1777 2420 1872 2466 τῶν

342 2583 374 2616 3.
403 2574 477 2618 Θεῷ
495 2571 548 2605 καὶ
565 2583 634 2605 om.
655 2571 703 2605 H.
892 2570 971 2612 4—6.
999 2568 1286 2615 καθὰ-ἐφάπαξ]
1311 2569 1363 2603 καὶ
1380 2569 1525 2603 τέθεικεν
1543 2569 1601 2612 τὴν
1618 2569 1737 2603 ἑαυτοῦ
1753 2568 1873 2614 ψυχὴν

295 2619 379 2662 ὑπὲρ
403 2618 505 2661 ἡμῶν,
528 2617 566 2650 οὐ
591 2617 718 2661 πτήξας
740 2617 798 2652 τὰς
821 2620 886 2650 τῶν
909 2617 1062 2650 ἷουδαίων
1081 2616 1275 2658 ἐπιβουλὰς,
1293 2616 1384 2649 ἀλλὰ
1402 2615 1565 2659 προσθεὶς
1581 2616 1715 2648 πάντων
1734 2616 1815 2660 (sie)
1833 2617 1872 2649 τὸ

295 2665 422 2710 ἀγαθὸν
440 2662 569 2707 θέλημα
589 2666 648 2696 τοῦ
665 2664 792 2706 πατρὸς
810 2664 862 2696 καὶ
879 2663 1055 2696 ἀποθανὼν
1072 2662 1211 2706 ἐφάπαξ
1231 2662 1279 2695 Η.
1469 2661 1501 2695 6.
1528 2660 1707 2705 ἀπέθανεν]
1728 2661 1872 2695 adnotat

296 2711 451 2745 codicem
468 2721 573 2744 suurn
590 2709 797 2753 ἀπεθάνομεν
813 2709 974 2742 exhibere
992 2709 1121 2742 Maius.
1391 2716 1421 2752 7.
1447 2707 1714 2752 τέθειται-Θεῷ
1732 2719 1801 2741 om.
1822 2708 1871 2742 H.

297 2769 330 2802 9.
356 2757 420 2800 ἄρα
437 2762 470 2790 et
486 2771 525 2801 γε
543 2767 612 2789 om.
633 2755 679 2788 H.
865 2767 917 2788 10.
944 2754 1085 2799 ἑαυτῶν]
1105 2754 1213 2788 αὐτῶν
1232 2753 1280 2788 Η.
1470 2764 1522 2787 12.
1547 2754 1630 2787 καθά
1647 2755 1756 2798 φησιν
1773 2754 1872 2789 αὐτὸς

297 2815 368 2837 om.
388 2802 436 2836 H.
501 2800 608 2846 ἡμῶν]
628 2802 736 2835 αὐτῶν
756 2801 804 2835 H.
983 2811 1035 2844 13.
1063 2801 1115 2833 καὶ
1132 2800 1188 2843 ἅμ.
1208 2800 1261 2833 καὶ
1276 2813 1353 2843 μακ.
1372 2810 1441 2833 om.
1463 2799 1511 2833 H.
1689 2811 1741 2842 14.
1768 2799 1869 2845 ζωὴν]

304 2854 341 2890 4-
364 2849 424 2892 τὴν
440 2849 505 2892 ἕξω
522 2849 645 2883 παντὸς
662 2847 801 2891 ἱδρῶτος
817 2848 870 2880 καὶ
887 2848 991 2881 πόνου
1011 2847 1075 2890 (Sic
1093 2845 1269 2889 desinens)
1291 2845 1339 2880 H.
1554 2856 1609 2890 23.
1638 2845 1711 2880 Ine.
1730 2847 1761 2879 οἱ
1783 2847 1872 2891 ἅγιοι

297 2896 351 2929 καὶ
367 2895 468 2930 αὐτὸν
484 2895 638 2939 ἀσμένως
656 2894 831 2937 ὑπομένειν
849 2892 1009 2927 θέλουσιν
1025 2894 1083 2926 τὸν
1103 2892 1150 2926 H.
1356 2891 1410 2926 26.
1437 2891 1636 2936 προαθρεῖν]
1655 2893 1804 2936 προορᾶν
1824 2892 1871 2926 H.

299 2941 401 2986 26-p.
421 2950 500 2985 347,
519 2950 552 2985 5.
580 2943 631 2974 καὶ
652 2940 857 2982 τὰς-θνητῇ
877 2939 978 2982 σαρκί
996 2944 1215 2973 accesserunt
1233 2942 1273 2972 &x
1295 2937 1342 2973 H.

1888 1014 1937 1038 10

1893 1424 1938 1459 Ι5

1892 1830 1941 1854 20
