2012 3272
108 122 192 163 xix.
212 135 280 177 30.
475 120 550 162 IN
593 119 636 161 S.
670 118 1008 162 JOANNEM.
1072 118 1198 160 LIB.
1231 117 1337 160 ΧΙΙ.
1618 120 1697 159 101

109 230 360 282 διαπίπτοι)
397 229 554 297 χρειάς
583 252 634 280 τε
659 230 735 280 καὶ
769 228 975 296 χάριτος.
1029 227 1132 282 ε”θος
1166 231 1417 294 τοιγαροῦν
1443 226 1574 293 παρὰ
1605 231 1701 280 τοῖς

108 312 348 363 Ἰουδαίων
379 311 540 376 δήμοις
577 335 627 363 τε
667 312 742 362 καὶ
781 309 1054 376 ἡγουμένοις
1091 308 1270 376 ἐκράτει
1308 314 1535 360 τοιοῦτον·
1588 309 1700 360 ἐπα-
1722 314 1750 356 (1

109 398 328 461 θροῦντες
351 394 443 461 γάρ
469 417 514 445 τι
532 393 856 461 πραττόμενον
884 391 909 444 ὃ
936 397 1102 444 λυπεῖν
1123 391 1193 443 ὅτι
1220 391 1437 456 μάλιστα
1457 391 1540 443 τὸν
1562 414 1701 454 νομο-

109 476 248 540 θέτην
272 475 432 540 ἐδόκει,
459 475 605 543 ἤγουν
631 475 870 530 ἐπαΐοντές
895 498 938 526 τι
965 479 1062 526 τῶν
1087 473 1452 542 ἀπηχεστάτων,
1479 472 1703 541 ῥημάτων

66 573 88 612 5
111 557 158 610 δὲ
180 557 400 622 δηλονότι
423 560 545 628 φημὶ
572 563 667 609 τῶν
692 558 956 609 τελούντων
975 561 1036 611 εἷς
1055 558 1393 626 βλασφημίαν,
1414 555 1500 621 τὴν
1520 557 1703 620 ἐσθῆτα

108 640 512 708 περιεῤῥήγνυντο,
559 643 634 692 καὶ
678 639 733 692 τὸ
778 645 875 694 τοῖς
915 643 1145 692 πενθοῦσι
1183 639 1365 706 πρέπον
1409 638 1702 690 ἐπλάττοντο

109 726 291 791 σχῆμα,
316 723 693 790 ἀπολογούμενοι
710 722 886 790 τρόπον
902 721 1006 773 τινὰ
1034 721 1110 772 διὰ
1134 722 1302 773 τούτου
1320 723 1443 791 Θεῷ,
1460 723 1535 772 καὶ
1556 723 1617 771 δι’
1638 719 1704 772 ῶν

109 806 230 874 ἔχειν
255 804 443 856 ἐδόκουν
469 806 522 856 οὐ
549 809 782 874 φορητῶς,
802 807 885 869 τῆς
914 809 1008 855 τῶν
1033 802 1509 868 πεπλημμεληκότων
1535 803 1703 866 μανίας

109 886 428 954 καθορίζοντες
459 889 604 952 δίκην,
632 887 723 956 ἔξω
750 910 799 938 τε
832 885 994 951 πάσης
1021 889 1103 951 τῆς
1131 888 1205 937 ἐπὶ
1231 886 1412 940 τούτοις
1439 884 1588 940 αἰτίας
1614 884 1702 949 τὴν

41 996 89 1022 10
110 970 278 1021 οἰκείαν
303 969 467 1036 ὥσπερ
492 968 760 1033 ποιούμενοι
783 968 1014 1038 κεφαλήν.
1061 971 1136 1020 καὶ
1162 974 1280 1034 γοῦν
1303 973 1387 1019 τοῦ
1408 971 1629 1034 Σωτῆρος
1658 971 1701 1018 οἱ

108 1054 328 1117 μαθηταὶ,
346 1052 600 1120 Βαρνάβας
626 1050 676 1102 δὲ
702 1052 830 1102 οὗτοι
855 1053 931 1102 καὶ
950 1055 1161 1114 Παῦλος,
1182 1050 1258 1102 ὅτε
1277 1049 1394 1104 τινὲς
1416 1048 1583 1104 αὐτοὺς
1603 1054 1699 1101 τῶν
1720 1075 1742 1102 e

109 1136 239 1187 οὔπω
273 1134 656 1186 πεπιστευκότων
694 1132 923 1198 οἰηθέντες
967 1131 1081 1184 εἶναι
1120 1132 1265 1186 θεούς·
1312 1139 1340 1162 ‘⁶
1360 1132 1560 1183 ἐκάλουν
1606 1130 1700 1199 γὰρ

195 1217 209 1233 Χ
309 1218 320 1235 ἱ

109 1225 137 1247 “
163 1241 246 1269 τον
265 1241 349 1281 μεν
370 1217 628 1284 Βαρνάβαν
649 1217 758 1279 Δία,
779 1215 861 1267 τὸν
881 1214 930 1267 δὲ
952 1220 1152 1267 Παῦλον
1167 1215 1394 1281 Ἑρμῆν·”
1437 1219 1533 1268 τοῖς
1560 1217 1700 1281 ἱερεῦ-

109 1324 190 1352 σιν
229 1301 346 1364 ὁμοῦ
384 1300 553 1354 θυσίας
598 1301 673 1350 καὶ
712 1299 962 1362 στέμματα
1003 1298 1389 1365 παρενεγκόντες,
1433 1297 1700 1364 ἐπεχείρουν

41 1401 87 1440 15
111 1382 199 1447 ἤδη
226 1384 300 1433 καὶ
328 1384 514 1436 θυσίαις
533 1386 686 1445 τιμᾶν,
707 1387 790 1433 τοῦ
819 1380 1053 1445 δωματίου
1078 1379 1514 1443 καταπηδήσαντες,
1537 1378 1617 1430 ἅτε
1643 1378 1700 1444 δὴ

110 1467 185 1516 καὶ
211 1468 294 1529 τῆς
328 1466 453 1519 θείας
484 1464 625 1533 δόξης
656 1462 972 1527 ἀδικουμένης,
1003 1466 1040 1513 εἰ
1074 1465 1437 1529 προκομισθεῖεν
1464 1461 1588 1515 ὅλως
1619 1463 1701 1511 ἀν-

110 1548 313 1615 θρώποις
340 1548 513 1607 θυσίαι,
535 1546 782 1615 διέῤῥηξαν
802 1544 860 1596 τὰ
883 1544 1041 1610 ἱμάτια
1061 1547 1251 1607 ἑαυτῶν,
1271 1543 1393 1595 καθὰ
1419 1544 1699 1609 γέγραπται,

107 1631 183 1681 καὶ
210 1628 264 1681 τὸ
290 1628 467 1693 ἀμαθὲς
504 1633 600 1680 τῶν
634 1627 1106 1695 εἷδωλολατρούντων
1131 1627 1387 1694 ἐγχείρημα
1421 1629 1518 1679 τοῖς
1549 1625 1696 1690 καθή-

1763 1151 1852 1181 Acta
1867 1150 1924 1183 SS.

1763 1196 1830 1235 Ap.
1846 1195 1911 1225 xiv.

1767 1247 1779 1268 1
1789 1248 1815 1270 2.

1764 1317 1816 1349 Ib.
1839 1327 1888 1357 13.

1765 1567 1816 1600 Ib.
1837 1576 1886 1608 14.

108 1735 275 1763 κουσιν
327 1710 643 1778 ἀπεκρούοντο
693 1710 871 1776 λόγοις.
926 1709 1200 1776 κρινομένου
1251 1708 1299 1760 δὲ
1350 1713 1434 1759 τοῦ
1481 1711 1703 1775 Σωτῆρος
1721 1717 1926 1753 a1073A.

41 1820 91 1846 20
110 1794 240 1858 ἡμῶν
275 1797 494 1861 Χριστοῦ
526 1792 656 1860 παρὰ
688 1797 785 1847 τοῖς
814 1791 1054 1843 Ἰουδαίων
1090 1795 1394 1857 καθηγηταῖς,
1433 1793 1509 1842 καὶ
1546 1791 1616 1844 τίς
1651 1813 1702 1841 τε

108 1875 176 1941 ε’ίη
209 1879 284 1927 καὶ
320 1876 464 1927 πόθεν
502 1875 742 1927 διδάσκειν
779 1873 1134 1938 ἀπαιτουμένου,
1175 1871 1400 1940 λέγοντός
1439 1895 1487 1923 τε
1527 1876 1702 1941 σαφῶς

109 1963 138 1987 “
162 1957 317 2022 Ἀμὴν
343 1957 470 2024 λε’γω
497 1959 621 2021 ὑμῖν,
652 1957 730 2009 ἀπ’
760 1957 865 2024 ἄρτι
891 1956 1077 2025 ὄψεσθε
1104 1954 1187 2007 τὸν
1214 1954 1312 2007 υἱὸν
1337 1959 1420 2006 τοῦ
1447 1955 1701 2021 ἀνθρώπου

108 2046 138 2069 “
162 2038 425 2104 καθήμενον
450 2041 500 2091 ἐκ
536 2039 701 2108 δεξιῶν
725 2041 808 2103 τῆς
835 2036 1074 2102 δυνάμεως
1109 2039 1185 2089 καὶ
1218 2036 1470 2104 ἐρχόμενον
1496 2038 1571 2087 ε’πὶ
1605 2040 1700 2087 τῶν

108 2128 137 2151 “
164 2126 380 2190 νεφελῶν
422 2127 505 2173 τοῦ
557 2122 795 2188 οὐρανοῦ,”
839 2124 935 2171 τῶν
980 2123 1115 2186 ἱερῶν
1160 2119 1473 2183 ἀναπήδησας
1517 2119 1700 2187 δίφρων

118 2205 129 2219 C
258 2211 276 2217 ι·
290 2202 304 2218 Ι
439 2211 466 2234 ‘G
547 2203 559 2219 Ι
571 2205 581 2219 9
599 2205 609 2219 ἲ
776 2201 789 2220 X
836 2205 846 2219 Q
904 2201 917 2216 Ι
1049 2202 1060 2216 C
1183 2207 1202 2217 n
1291 2199 1302 2217 Ι
1439 2199 1450 2215 2
1652 2198 1664 2215 Ι

41 2226 89 2266 25
110 2227 135 2255 ο
177 2208 401 2272 Καιαφας
488 2203 698 2272 διερρηξε
736 2226 796 2254 τα
834 2225 994 2265 ιματια
1038 2224 1204 2252 εαυτου
1246 2207 1405 2267 λεγων
1456 2202 1695 2268 Εδυσφη-

334 2286 360 2302 9,

108 2294 137 2317 ‘⁶
161 2310 329 2352 μησεν.
411 2287 500 2338 ἔθει
545 2291 796 2353 τοιγαροῦν
835 2286 901 2354 τῶ
945 2283 1055 2350 παρ’
1092 2284 1249 2337 αὐτοῖς
1290 2281 1584 2349 κρατήσαντι
1623 2284 1700 2333 καὶ

108 2369 247 2424 αὐτὸς
286 2370 311 2421 ὁ
350 2373 470 2423 θεῖος
506 2367 669 2434 ὥσπερ
709 2366 948 2436 ἐχρήσατο
982 2365 1105 2429 ναὸς,
1133 2364 1386 2434 διαῤῥήξας
1426 2366 1487 2418 ὡς
1516 2362 1702 2427 ἱμάτιον

107 2451 162 2503 τὸ
201 2451 318 2502 ’ίδιον
352 2451 710 2515 καταπέτασμα,
746 2455 830 2500 τοῦ
857 2451 1079 2515 Σωτῆρος
1116 2448 1249 2512 ἡμῶν
1288 2446 1422 2501 εὐθὺς
1456 2446 1694 2498 ἀποπνεύ-

108 2556 298 2588 σαντος.
350 2536 433 2598 τῆς
458 2531 552 2600 γὰρ
577 2531 816 2584 Ἰουδαίων
844 2529 1120 2600 ἀφιλοθεΐας
1153 2529 1501 2598 κατεψηφίζετο
1527 2527 1613 2593 τὴν
1638 2532 1702 2583 εἷς

41 2631 91 2667 30
109 2614 251 2667 αὐτὸν
289 2615 590 2677 δυσσέβειαν.
655 2615 756 2683 θείᾳ
795 2612 843 2664 δὲ
882 2612 939 2678 δὴ
977 2612 1165 2666 πάντως
1203 2612 1408 2680 ἐνεργείᾳ
1446 2613 1521 2662 καὶ
1559 2616 1743 2666 τοῦτοι)

108 2698 386 2764 ἐπληροῦτο,
417 2697 493 2748 ἵνα
529 2700 793 2748 πενθοῦντα
829 2695 913 2747 τὸν
936 2693 1142 2761 Ἰσραὴλ
1181 2695 1257 2745 καὶ
1299 2691 1443 2744 αὐτὸν
1481 2693 1589 2757 ἡμῖν
1615 2692 1700 2744 τὸν

109 2778 244 2845 ἅγιον
270 2778 476 2848 ἐπιδείξῃ
503 2778 630 2830 ναόν.

160 2905 190 2928 2.
209 2896 362 2929 τοιοῦτον
378 2899 601 2940 assumptum
619 2905 660 2928 ex
679 2893 722 2928 E.
918 2903 951 2937 3.
977 2906 1008 2926 τι
1027 2891 1068 2926 Ε.
1088 2890 1224 2936 Migne.
1240 2904 1293 2925 τοι
1312 2888 1380 2924 Ed.
1589 2896 1644 2920 20.
1663 2900 1699 2919 τε

112 2947 335 2986 assumptum
354 2953 395 2976 ex
416 2941 458 2975 E.

1760 1957 1924 1989 S.Matth.

1762 2002 1852 2032 xxvi.
1863 2000 1915 2041 64.

1761 2220 1814 2251 lb.
1831 2220 1884 2260 65.
