<?xml version="1.0" encoding="UTF-8"?>
<!DOCTYPE html PUBLIC "-//W3C//DTD XHTML 1.0 Transitional//EN"
    "http://www.w3.org/TR/xhtml1/DTD/xhtml1-transitional.dtd">
<html xmlns="http://www.w3.org/1999/xhtml" xml:lang="en" lang="en">
 <head>
  <title>
</title>
<meta http-equiv="Content-Type" content="text/html;charset=utf-8" />
  <meta name='ocr-system' content='tesseract 3.04.00' />
  <meta name='ocr-capabilities' content='ocr_page ocr_carea ocr_par ocr_line ocrx_word'/>
</head>
<body>
  <div class='ocr_page' id='page_1' title='image "./operacyrilli05cyriuoft/operacyrilli05cyriuoft_0388.png"; bbox 0 0 2017 3252; ppageno 0'>
   <div class='ocr_carea' id='block_1_1' title="bbox 92 147 1878 252">
    <p class='ocr_par' dir='ltr' id='par_1_1' title="bbox 92 147 1878 252">
     <span class='ocr_line' id='line_1_1' title="bbox 92 147 1878 251; baseline 0.001 -64"><span class='ocrx_word' id='word_1_1' title='bbox 92 210 106 251; x_wconf 59' lang='grc' dir='ltr'>ἱ</span> <span class='ocrx_word' id='word_1_2' title='bbox 200 210 238 241; x_wconf 84' lang='grc' dir='ltr'>Μ</span> <span class='ocrx_word' id='word_1_3' title='bbox 297 148 383 188; x_wconf 76' lang='lat'>374</span> <span class='ocrx_word' id='word_1_4' title='bbox 527 147 578 188; x_wconf 88' lang='lat' dir='ltr'>B.</span> <span class='ocrx_word' id='word_1_5' title='bbox 607 147 859 188; x_wconf 88' lang='lat' dir='ltr'>CYRILLI</span> <span class='ocrx_word' id='word_1_6' title='bbox 895 148 1250 189; x_wconf 87' lang='lat' dir='ltr'><strong>ALEXANDR.</strong></span> <span class='ocrx_word' id='word_1_7' title='bbox 1286 148 1659 189; x_wconf 85' lang='lat' dir='ltr'><strong>FRAGMENTA</strong></span> <span class='ocrx_word' id='word_1_8' title='bbox 1788 149 1815 189; x_wconf 91' lang='lat' dir='ltr'>i.</span> <span class='ocrx_word' id='word_1_9' title='bbox 1839 149 1878 189; x_wconf 95' lang='lat'>6.</span> 
     </span>
     <span class='ocr_line' id='line_1_2' title="bbox 127 211 279 252; baseline 0.007 -12"><span class='ocrx_word' id='word_1_10' title='bbox 127 218 186 252; x_wconf 90' lang='lat'>109</span> <span class='ocrx_word' id='word_1_11' title='bbox 242 211 279 252; x_wconf 90' lang='lat'>.]</span> 
     </span>
    </p>
   </div>
   <div class='ocr_carea' id='block_1_2' title="bbox 297 256 1879 403">
    <p class='ocr_par' dir='ltr' id='par_1_2' title="bbox 297 256 1879 403">
     <span class='ocr_line' id='line_1_3' title="bbox 297 256 1879 324; baseline 0.001 -18"><span class='ocrx_word' id='word_1_12' title='bbox 297 256 585 324; x_wconf 85' lang='grc' dir='ltr'>στρέφοντες</span> <span class='ocrx_word' id='word_1_13' title='bbox 629 259 688 323; x_wconf 83' lang='grc' dir='ltr'>τῇ</span> <span class='ocrx_word' id='word_1_14' title='bbox 732 257 883 307; x_wconf 85' lang='grc' dir='ltr'>κτίσει</span> <span class='ocrx_word' id='word_1_15' title='bbox 926 262 1065 308; x_wconf 90' lang='grc' dir='ltr'>τοῦτο</span> <span class='ocrx_word' id='word_1_16' title='bbox 1115 256 1453 311; x_wconf 80' lang='grc' dir='ltr'>συντάττοντες</span> <span class='ocrx_word' id='word_1_17' title='bbox 1491 257 1601 307; x_wconf 86' lang='grc' dir='ltr'>ἀλλ’</span> <span class='ocrx_word' id='word_1_18' title='bbox 1635 256 1879 323; x_wconf 83' lang='grc' dir='ltr'>ἐπειδήπερ</span> 
     </span>
     <span class='ocr_line' id='line_1_4' title="bbox 297 337 1265 403; baseline 0.002 -16"><span class='ocrx_word' id='word_1_19' title='bbox 297 337 428 387; x_wconf 79' lang='grc' dir='ltr'>ἐστὶν</span> <span class='ocrx_word' id='word_1_20' title='bbox 455 339 503 388; x_wconf 89' lang='grc' dir='ltr'>ἐν</span> <span class='ocrx_word' id='word_1_21' title='bbox 528 341 651 389; x_wconf 84' lang='grc' dir='ltr'>πᾶσι</span> <span class='ocrx_word' id='word_1_22' title='bbox 678 337 929 403; x_wconf 83' lang='grc' dir='ltr'>πρωτεύων</span> <span class='ocrx_word' id='word_1_23' title='bbox 954 337 1093 392; x_wconf 83' lang='grc' dir='ltr'>αὐτὸς</span> <span class='ocrx_word' id='word_1_24' title='bbox 1123 377 1135 389; x_wconf 89' lang='grc'><strong>.</strong></span> <span class='ocrx_word' id='word_1_25' title='bbox 1170 378 1180 389; x_wconf 93' lang='grc'><strong>.</strong></span> <span class='ocrx_word' id='word_1_26' title='bbox 1214 380 1224 390; x_wconf 93' lang='grc'><strong><em>.</em></strong></span> <span class='ocrx_word' id='word_1_27' title='bbox 1255 380 1265 389; x_wconf 92' lang='grc'><strong>.</strong></span> 
     </span>
    </p>
   </div>
   <div class='ocr_carea' id='block_1_3' title="bbox 75 417 1880 605">
    <p class='ocr_par' dir='ltr' id='par_1_3' title="bbox 75 417 1880 605">
     <span class='ocr_line' id='line_1_5' title="bbox 76 417 1880 484; baseline 0.004 -20"><span class='ocrx_word' id='word_1_28' title='bbox 76 434 222 465; x_wconf 77' lang='lat' dir='ltr'>Es.1xiii.</span> <span class='ocrx_word' id='word_1_29' title='bbox 237 443 263 466; x_wconf 93' lang='lat'>1.</span> <span class='ocrx_word' id='word_1_30' title='bbox 375 459 384 468; x_wconf 88' lang='lat'><strong>.</strong></span> <span class='ocrx_word' id='word_1_31' title='bbox 422 458 432 468; x_wconf 88' lang='lat'><strong>.</strong></span> <span class='ocrx_word' id='word_1_32' title='bbox 466 459 475 468; x_wconf 93' lang='lat'>.</span> <span class='ocrx_word' id='word_1_33' title='bbox 503 417 597 480; x_wconf 78' lang='grc' dir='ltr'>κὸς,</span> <span class='ocrx_word' id='word_1_34' title='bbox 619 417 929 483; x_wconf 64' lang='grc' dir='ltr'>θαυμάζοντες</span> <span class='ocrx_word' id='word_1_35' title='bbox 954 417 1122 484; x_wconf 64' lang='grc' dir='ltr'>ἔλεγον</span> <span class='ocrx_word' id='word_1_36' title='bbox 1149 426 1176 448; x_wconf 86' lang='grc'><strong><em>“</em></strong></span> <span class='ocrx_word' id='word_1_37' title='bbox 1195 419 1281 472; x_wconf 81' lang='grc' dir='ltr'>Τίς</span> <span class='ocrx_word' id='word_1_38' title='bbox 1307 419 1441 473; x_wconf 75' lang='grc' dir='ltr'>οὗτος</span> <span class='ocrx_word' id='word_1_39' title='bbox 1461 420 1485 470; x_wconf 84' lang='grc' dir='ltr'>ὁ</span> <span class='ocrx_word' id='word_1_40' title='bbox 1505 419 1880 484; x_wconf 80' lang='grc' dir='ltr'>παραγενόμενος·</span> 
     </span>
     <span class='ocr_line' id='line_1_6' title="bbox 75 478 1877 595; baseline 0 -44"><span class='ocrx_word' id='word_1_41' title='bbox 75 478 203 595; x_wconf 32' lang='lat' dir='ltr'>{xz-⁵²3).</span> <span class='ocrx_word' id='word_1_42' title='bbox 220 478 264 509; x_wconf 69' lang='lat' dir='ltr'>ad</span> <span class='ocrx_word' id='word_1_43' title='bbox 299 505 325 527; x_wconf 88' lang='lat'><strong>“</strong></span> <span class='ocrx_word' id='word_1_44' title='bbox 350 498 406 567; x_wconf 78' lang='grc' dir='ltr'>ἐξ</span> <span class='ocrx_word' id='word_1_45' title='bbox 427 498 602 563; x_wconf 83' lang='grc' dir='ltr'>Ἐδώμ·</span> <span class='ocrx_word' id='word_1_46' title='bbox 647 499 892 550; x_wconf 80' lang='grc' dir='ltr'>τουτέστιν</span> <span class='ocrx_word' id='word_1_47' title='bbox 918 501 968 550; x_wconf 86' lang='grc' dir='ltr'>ἐκ</span> <span class='ocrx_word' id='word_1_48' title='bbox 993 503 1094 565; x_wconf 82' lang='grc' dir='ltr'>γῆς·</span> <span class='ocrx_word' id='word_1_49' title='bbox 1137 500 1346 566; x_wconf 87' lang='grc' dir='ltr'>ἐρύθημα</span> <span class='ocrx_word' id='word_1_50' title='bbox 1373 502 1566 563; x_wconf 80' lang='grc' dir='ltr'>ἱματίων</span> <span class='ocrx_word' id='word_1_51' title='bbox 1585 502 1634 551; x_wconf 87' lang='grc' dir='ltr'>ἐκ</span> <span class='ocrx_word' id='word_1_52' title='bbox 1653 500 1815 566; x_wconf 87' lang='grc' dir='ltr'>Βοσόρ</span> <span class='ocrx_word' id='word_1_53' title='bbox 1834 501 1877 561; x_wconf 87' lang='grc'>;”</span> 
     </span>
     <span class='ocr_line' id='line_1_7' title="bbox 101 568 269 605; baseline 0 -11"><span class='ocrx_word' id='word_1_54' title='bbox 101 568 155 605; x_wconf 82' lang='lat' dir='ltr'>cyt</span> <span class='ocrx_word' id='word_1_55' title='bbox 183 589 188 595; x_wconf 95' lang='lat'>.</span> <span class='ocrx_word' id='word_1_56' title='bbox 209 573 269 605; x_wconf 91' lang='lat'>129</span> 
     </span>
    </p>
   </div>
   <div class='ocr_carea' id='block_1_4' title="bbox 74 578 1921 811">
    <p class='ocr_par' dir='ltr' id='par_1_4' title="bbox 74 578 1921 811">
     <span class='ocr_line' id='line_1_8' title="bbox 301 578 1755 599; baseline -0.017 -3"><span class='ocrx_word' id='word_1_57' title='bbox 301 578 322 596; x_wconf 72' lang='lat' dir='ltr'>cl</span> <span class='ocrx_word' id='word_1_58' title='bbox 374 581 383 595; x_wconf 69' lang='lat'>9</span> <span class='ocrx_word' id='word_1_59' title='bbox 536 583 556 592; x_wconf 67' lang='grc' dir='ltr'>Α</span> <span class='ocrx_word' id='word_1_60' title='bbox 588 579 608 597; x_wconf 65' lang='grc' dir='ltr'>ς]</span> <span class='ocrx_word' id='word_1_61' title='bbox 956 585 976 594; x_wconf 56' lang='grc' dir='ltr'>Α</span> <span class='ocrx_word' id='word_1_62' title='bbox 1175 584 1195 594; x_wconf 51' lang='grc' dir='ltr'>Α</span> <span class='ocrx_word' id='word_1_63' title='bbox 1267 581 1285 599; x_wconf 45' lang='lat' dir='ltr'>&#39;x</span> <span class='ocrx_word' id='word_1_64' title='bbox 1406 582 1417 599; x_wconf 63' lang='grc' dir='ltr'><em>Ι</em></span> <span class='ocrx_word' id='word_1_65' title='bbox 1633 585 1643 598; x_wconf 43' lang='grc' dir='ltr'>ε</span> <span class='ocrx_word' id='word_1_66' title='bbox 1744 583 1755 599; x_wconf 68' lang='grc' dir='ltr'><em>Ι</em></span> 
     </span>
     <span class='ocr_line' id='line_1_9' title="bbox 75 584 1921 650; baseline -0.004 -12"><span class='ocrx_word' id='word_1_67' title='bbox 75 608 115 638; x_wconf 83' lang='lat' dir='ltr'>b:</span> <span class='ocrx_word' id='word_1_68' title='bbox 142 618 174 637; x_wconf 83' lang='lat' dir='ltr'>m</span> <span class='ocrx_word' id='word_1_69' title='bbox 192 608 224 638; x_wconf 80' lang='lat' dir='ltr'>S.</span> <span class='ocrx_word' id='word_1_70' title='bbox 298 603 323 629; x_wconf 90' lang='grc' dir='ltr'>ο</span> <span class='ocrx_word' id='word_1_71' title='bbox 361 603 464 630; x_wconf 80' lang='grc' dir='ltr'>εστι</span> <span class='ocrx_word' id='word_1_72' title='bbox 499 603 556 648; x_wconf 88' lang='grc' dir='ltr'>τῃ</span> <span class='ocrx_word' id='word_1_73' title='bbox 611 584 799 631; x_wconf 89' lang='grc' dir='ltr'>Ελλαδι</span> <span class='ocrx_word' id='word_1_74' title='bbox 840 585 976 649; x_wconf 86' lang='grc' dir='ltr'>φωνῃ</span> <span class='ocrx_word' id='word_1_75' title='bbox 1015 604 1223 649; x_wconf 85' lang='grc' dir='ltr'>συνοχης</span> <span class='ocrx_word' id='word_1_76' title='bbox 1261 606 1290 645; x_wconf 92' lang='grc' dir='ltr'>η</span> <span class='ocrx_word' id='word_1_77' title='bbox 1332 585 1546 650; x_wconf 79' lang='grc' dir='ltr'>θλιψεως</span> <span class='ocrx_word' id='word_1_78' title='bbox 1583 590 1610 611; x_wconf 86' lang='grc'><strong>“</strong></span> <span class='ocrx_word' id='word_1_79' title='bbox 1632 605 1749 633; x_wconf 90' lang='grc' dir='ltr'>ινατι</span> <span class='ocrx_word' id='word_1_80' title='bbox 1787 601 1921 639; x_wconf 88' lang='grc' dir='ltr'>σου5</span> 
     </span>
     <span class='ocr_line' id='line_1_10' title="bbox 74 650 1880 728; baseline -0.01 -4"><span class='ocrx_word' id='word_1_81' title='bbox 74 650 241 724; x_wconf 49' lang='grc' dir='ltr'>’ἷῗὲἓῌιῗω</span> <span class='ocrx_word' id='word_1_82' title='bbox 298 668 324 690; x_wconf 81' lang='grc'><strong>“</strong></span> <span class='ocrx_word' id='word_1_83' title='bbox 351 661 521 728; x_wconf 73' lang='grc' dir='ltr'>ἐρυθρὰ</span> <span class='ocrx_word' id='word_1_84' title='bbox 548 662 607 713; x_wconf 81' lang='grc' dir='ltr'>τὰ</span> <span class='ocrx_word' id='word_1_85' title='bbox 643 662 802 726; x_wconf 77' lang='grc' dir='ltr'>ἱμάτια</span> <span class='ocrx_word' id='word_1_86' title='bbox 833 664 909 713; x_wconf 79' lang='grc' dir='ltr'>καὶ</span> <span class='ocrx_word' id='word_1_87' title='bbox 939 661 998 713; x_wconf 77' lang='grc' dir='ltr'>τὰ</span> <span class='ocrx_word' id='word_1_88' title='bbox 1037 663 1269 726; x_wconf 81' lang='grc' dir='ltr'>ἐνδύματα</span> <span class='ocrx_word' id='word_1_89' title='bbox 1307 686 1399 714; x_wconf 86' lang='grc' dir='ltr'>σου</span> <span class='ocrx_word' id='word_1_90' title='bbox 1437 665 1499 717; x_wconf 87' lang='grc' dir='ltr'>ὡς</span> <span class='ocrx_word' id='word_1_91' title='bbox 1539 662 1632 714; x_wconf 83' lang='grc' dir='ltr'>ἀπὸ</span> <span class='ocrx_word' id='word_1_92' title='bbox 1670 670 1880 728; x_wconf 79' lang='grc' dir='ltr'>πατητοῦ</span> 
     </span>
     <span class='ocr_line' id='line_1_11' title="bbox 74 737 278 768; baseline 0.005 -1"><span class='ocrx_word' id='word_1_93' title='bbox 74 737 130 767; x_wconf 82' lang='lat' dir='ltr'>Es.</span> <span class='ocrx_word' id='word_1_94' title='bbox 147 737 227 767; x_wconf 63' lang='lat' dir='ltr'>lxiii.</span> <span class='ocrx_word' id='word_1_95' title='bbox 249 746 278 768; x_wconf 87' lang='lat'>2.</span> 
     </span>
     <span class='ocr_line' id='line_1_12' title="bbox 75 780 257 811; baseline 0.011 -2"><span class='ocrx_word' id='word_1_96' title='bbox 75 780 172 810; x_wconf 82' lang='lat' dir='ltr'><strong>Zach.</strong></span> <span class='ocrx_word' id='word_1_97' title='bbox 189 780 257 811; x_wconf 80' lang='lat' dir='ltr'>xiii.</span> 
     </span>
    </p>
   </div>
   <div class='ocr_carea' id='block_1_5' title="bbox 75 822 104 854">
    <p class='ocr_par' dir='ltr' id='par_1_5' title="bbox 75 822 104 854">
     <span class='ocr_line' id='line_1_13' title="bbox 75 822 104 854; baseline -0.034 0"><span class='ocrx_word' id='word_1_98' title='bbox 75 822 104 854; x_wconf 92' lang='lat'>6.</span> 
     </span>
    </p>
   </div>
   <div class='ocr_carea' id='block_1_6' title="bbox 72 744 1951 2524">
    <p class='ocr_par' dir='ltr' id='par_1_6' title="bbox 72 744 1951 2524">
     <span class='ocr_line' id='line_1_14' title="bbox 297 744 1879 810; baseline 0.002 -17"><span class='ocrx_word' id='word_1_99' title='bbox 297 748 324 771; x_wconf 73' lang='lat'>‘⁶</span> <span class='ocrx_word' id='word_1_100' title='bbox 346 748 493 807; x_wconf 82' lang='grc' dir='ltr'>ληνοῦ</span> <span class='ocrx_word' id='word_1_101' title='bbox 515 745 562 804; x_wconf 84' lang='grc'>;”</span> <span class='ocrx_word' id='word_1_102' title='bbox 603 744 1052 809; x_wconf 86' lang='grc' dir='ltr'>προσεπυνθάνοντο</span> <span class='ocrx_word' id='word_1_103' title='bbox 1084 744 1132 795; x_wconf 80' lang='grc' dir='ltr'>δὲ</span> <span class='ocrx_word' id='word_1_104' title='bbox 1158 746 1341 795; x_wconf 86' lang='grc' dir='ltr'>κάκεῖνο</span> <span class='ocrx_word' id='word_1_105' title='bbox 1366 744 1584 810; x_wconf 87' lang='grc' dir='ltr'>λέγοντες</span> <span class='ocrx_word' id='word_1_106' title='bbox 1607 752 1634 774; x_wconf 83' lang='grc'><strong>“</strong></span> <span class='ocrx_word' id='word_1_107' title='bbox 1656 745 1723 796; x_wconf 87' lang='grc' dir='ltr'>Τί</span> <span class='ocrx_word' id='word_1_108' title='bbox 1743 746 1879 796; x_wconf 76' lang='grc' dir='ltr'>αὗται</span> 
     </span>
     <span class='ocr_line' id='line_1_15' title="bbox 297 825 1880 893; baseline 0.003 -18"><span class='ocrx_word' id='word_1_109' title='bbox 297 832 323 854; x_wconf 86' lang='grc'><strong>“</strong></span> <span class='ocrx_word' id='word_1_110' title='bbox 350 828 396 875; x_wconf 81' lang='grc' dir='ltr'>αἱ</span> <span class='ocrx_word' id='word_1_111' title='bbox 434 826 617 890; x_wconf 75' lang='grc' dir='ltr'>πληγαὶ</span> <span class='ocrx_word' id='word_1_112' title='bbox 656 829 702 876; x_wconf 81' lang='grc' dir='ltr'>αἱ</span> <span class='ocrx_word' id='word_1_113' title='bbox 743 825 832 876; x_wconf 78' lang='grc' dir='ltr'>ἀνὰ</span> <span class='ocrx_word' id='word_1_114' title='bbox 876 825 1027 889; x_wconf 82' lang='grc' dir='ltr'>μέσον</span> <span class='ocrx_word' id='word_1_115' title='bbox 1068 831 1163 877; x_wconf 84' lang='grc' dir='ltr'>τῶν</span> <span class='ocrx_word' id='word_1_116' title='bbox 1200 830 1368 893; x_wconf 84' lang='grc' dir='ltr'>χειρῶν</span> <span class='ocrx_word' id='word_1_117' title='bbox 1406 849 1498 877; x_wconf 92' lang='grc' dir='ltr'>σου</span> <span class='ocrx_word' id='word_1_118' title='bbox 1520 825 1563 888; x_wconf 88' lang='grc'>;”</span> <span class='ocrx_word' id='word_1_119' title='bbox 1606 827 1630 876; x_wconf 83' lang='grc' dir='ltr'><em>ὃ</em></span> <span class='ocrx_word' id='word_1_120' title='bbox 1671 827 1721 877; x_wconf 76' lang='grc' dir='ltr'>δὲ</span> <span class='ocrx_word' id='word_1_121' title='bbox 1761 827 1880 893; x_wconf 79' lang='grc' dir='ltr'>πρὸς</span> 
     </span>
     <span class='ocr_line' id='line_1_16' title="bbox 296 905 1880 977; baseline 0.002 -21"><span class='ocrx_word' id='word_1_122' title='bbox 296 906 462 960; x_wconf 80' lang='grc' dir='ltr'>αὐτούς</span> <span class='ocrx_word' id='word_1_123' title='bbox 497 914 523 937; x_wconf 83' lang='grc'><strong>“</strong></span> <span class='ocrx_word' id='word_1_124' title='bbox 540 905 621 960; x_wconf 84' lang='grc' dir='ltr'>Ἃς</span> <span class='ocrx_word' id='word_1_125' title='bbox 647 906 861 973; x_wconf 81' lang='grc' dir='ltr'>ἐπλήγην</span> <span class='ocrx_word' id='word_1_126' title='bbox 887 909 934 958; x_wconf 83' lang='grc' dir='ltr'>ἐν</span> <span class='ocrx_word' id='word_1_127' title='bbox 961 911 1026 976; x_wconf 72' lang='grc' dir='ltr'>τῷ</span> <span class='ocrx_word' id='word_1_128' title='bbox 1053 908 1162 977; x_wconf 75' lang='grc' dir='ltr'>οἴκῳ</span> <span class='ocrx_word' id='word_1_129' title='bbox 1189 912 1255 977; x_wconf 73' lang='grc' dir='ltr'>τῷ</span> <span class='ocrx_word' id='word_1_130' title='bbox 1282 909 1511 977; x_wconf 73' lang='grc' dir='ltr'>ἀγαπητῷ</span> <span class='ocrx_word' id='word_1_131' title='bbox 1535 909 1673 971; x_wconf 88' lang='grc' dir='ltr'>μου.”</span> <span class='ocrx_word' id='word_1_132' title='bbox 1725 910 1801 959; x_wconf 79' lang='grc' dir='ltr'>καὶ</span> <span class='ocrx_word' id='word_1_133' title='bbox 1826 909 1880 959; x_wconf 83' lang='grc' dir='ltr'>οὐ</span> 
     </span>
     <span class='ocr_line' id='line_1_17' title="bbox 296 987 1950 1058; baseline -0.001 -21"><span class='ocrx_word' id='word_1_134' title='bbox 296 987 447 1051; x_wconf 84' lang='grc' dir='ltr'>δήπου</span> <span class='ocrx_word' id='word_1_135' title='bbox 482 989 599 1056; x_wconf 88' lang='grc' dir='ltr'>φαίη</span> <span class='ocrx_word' id='word_1_136' title='bbox 631 1012 699 1042; x_wconf 89' lang='grc' dir='ltr'>τις</span> <span class='ocrx_word' id='word_1_137' title='bbox 730 987 788 1038; x_wconf 78' lang='grc' dir='ltr'>ἂν</span> <span class='ocrx_word' id='word_1_138' title='bbox 813 991 875 1042; x_wconf 88' lang='grc' dir='ltr'>ὡς</span> <span class='ocrx_word' id='word_1_139' title='bbox 908 987 965 1053; x_wconf 83' lang='grc' dir='ltr'>ἧν</span> <span class='ocrx_word' id='word_1_140' title='bbox 991 989 1048 1057; x_wconf 77' lang='grc' dir='ltr'>ἐξ</span> <span class='ocrx_word' id='word_1_141' title='bbox 1070 988 1277 1054; x_wconf 78' lang='grc' dir='ltr'>ἀνάγκης</span> <span class='ocrx_word' id='word_1_142' title='bbox 1312 990 1438 1058; x_wconf 74' lang='grc' dir='ltr'>αὐτῷ</span> <span class='ocrx_word' id='word_1_143' title='bbox 1475 987 1582 1042; x_wconf 75' lang='grc' dir='ltr'>τοὺς</span> <span class='ocrx_word' id='word_1_144' title='bbox 1617 993 1711 1040; x_wconf 82' lang='grc' dir='ltr'>τῶν</span> <span class='ocrx_word' id='word_1_145' title='bbox 1749 990 1880 1054; x_wconf 84' lang='grc' dir='ltr'>ἥλων</span> <span class='ocrx_word' id='word_1_146' title='bbox 1903 1012 1950 1036; x_wconf 92' lang='lat'>10</span> 
     </span>
     <span class='ocr_line' id='line_1_18' title="bbox 295 1069 1878 1134; baseline 0.002 -15"><span class='ocrx_word' id='word_1_147' title='bbox 295 1071 468 1123; x_wconf 86' lang='grc' dir='ltr'>τύπους</span> <span class='ocrx_word' id='word_1_148' title='bbox 495 1071 665 1120; x_wconf 87' lang='grc' dir='ltr'>ἐνεῖναί</span> <span class='ocrx_word' id='word_1_149' title='bbox 695 1093 745 1120; x_wconf 92' lang='grc' dir='ltr'>τε</span> <span class='ocrx_word' id='word_1_150' title='bbox 776 1069 894 1133; x_wconf 80' lang='grc' dir='ltr'>μετὰ</span> <span class='ocrx_word' id='word_1_151' title='bbox 932 1069 1017 1134; x_wconf 86' lang='grc' dir='ltr'>τὴν</span> <span class='ocrx_word' id='word_1_152' title='bbox 1044 1069 1312 1120; x_wconf 83' lang='grc' dir='ltr'>ἀνάστασιν</span> <span class='ocrx_word' id='word_1_153' title='bbox 1343 1072 1418 1120; x_wconf 78' lang='grc' dir='ltr'>καὶ</span> <span class='ocrx_word' id='word_1_154' title='bbox 1457 1069 1548 1121; x_wconf 75' lang='grc' dir='ltr'>σὺν</span> <span class='ocrx_word' id='word_1_155' title='bbox 1574 1072 1730 1124; x_wconf 82' lang='grc' dir='ltr'>αὐτοῖς</span> <span class='ocrx_word' id='word_1_156' title='bbox 1768 1073 1878 1122; x_wconf 77' lang='grc' dir='ltr'>ἀνα-</span> 
     </span>
     <span class='ocr_line' id='line_1_19' title="bbox 294 1149 1880 1218; baseline 0.003 -19"><span class='ocrx_word' id='word_1_157' title='bbox 294 1151 473 1211; x_wconf 80' lang='grc' dir='ltr'>βαίνειν</span> <span class='ocrx_word' id='word_1_158' title='bbox 499 1155 560 1204; x_wconf 81' lang='grc' dir='ltr'>εἷς</span> <span class='ocrx_word' id='word_1_159' title='bbox 587 1149 669 1201; x_wconf 84' lang='grc' dir='ltr'>τὸν</span> <span class='ocrx_word' id='word_1_160' title='bbox 696 1150 910 1218; x_wconf 80' lang='grc' dir='ltr'>οὐρανόν·</span> <span class='ocrx_word' id='word_1_161' title='bbox 958 1153 1101 1202; x_wconf 86' lang='grc' dir='ltr'>ἐκεῖνο</span> <span class='ocrx_word' id='word_1_162' title='bbox 1136 1151 1185 1202; x_wconf 80' lang='grc' dir='ltr'>δὲ</span> <span class='ocrx_word' id='word_1_163' title='bbox 1219 1156 1411 1214; x_wconf 84' lang='grc' dir='ltr'>μᾶλλον</span> <span class='ocrx_word' id='word_1_164' title='bbox 1436 1151 1620 1206; x_wconf 76' lang='grc' dir='ltr'>εἰκότως</span> <span class='ocrx_word' id='word_1_165' title='bbox 1652 1158 1880 1218; x_wconf 79' lang='grc' dir='ltr'>περινοεῖν</span> 
     </span>
     <span class='ocr_line' id='line_1_20' title="bbox 297 1230 1880 1302; baseline 0.002 -20"><span class='ocrx_word' id='word_1_166' title='bbox 297 1232 445 1300; x_wconf 74' lang='grc' dir='ltr'>ἄξιον.</span> <span class='ocrx_word' id='word_1_167' title='bbox 488 1230 652 1298; x_wconf 81' lang='grc' dir='ltr'>ὥσπερ</span> <span class='ocrx_word' id='word_1_168' title='bbox 677 1233 1000 1297; x_wconf 87' lang='grc' dir='ltr'>ἀπιστήσαντι</span> <span class='ocrx_word' id='word_1_169' title='bbox 1026 1234 1092 1301; x_wconf 68' lang='grc' dir='ltr'>τῷ</span> <span class='ocrx_word' id='word_1_170' title='bbox 1118 1236 1273 1302; x_wconf 78' lang='grc' dir='ltr'>Θωμᾷ</span> <span class='ocrx_word' id='word_1_171' title='bbox 1297 1231 1403 1287; x_wconf 76' lang='grc' dir='ltr'>τοὺς</span> <span class='ocrx_word' id='word_1_172' title='bbox 1430 1232 1603 1287; x_wconf 87' lang='grc' dir='ltr'>τύπους</span> <span class='ocrx_word' id='word_1_173' title='bbox 1630 1239 1724 1284; x_wconf 84' lang='grc' dir='ltr'>τῶν</span> <span class='ocrx_word' id='word_1_174' title='bbox 1750 1235 1880 1298; x_wconf 85' lang='grc' dir='ltr'>ἥλων</span> 
     </span>
     <span class='ocr_line' id='line_1_21' title="bbox 297 1313 1879 1383; baseline 0.001 -19"><span class='ocrx_word' id='word_1_175' title='bbox 297 1317 372 1365; x_wconf 79' lang='grc' dir='ltr'>καὶ</span> <span class='ocrx_word' id='word_1_176' title='bbox 410 1313 554 1378; x_wconf 78' lang='grc' dir='ltr'>αὐτὴν</span> <span class='ocrx_word' id='word_1_177' title='bbox 581 1314 783 1383; x_wconf 74' lang='grc' dir='ltr'>ἐπέδειξε</span> <span class='ocrx_word' id='word_1_178' title='bbox 822 1313 908 1378; x_wconf 83' lang='grc' dir='ltr'>τὴν</span> <span class='ocrx_word' id='word_1_179' title='bbox 932 1313 1144 1381; x_wconf 79' lang='grc' dir='ltr'>πλευρὰν</span> <span class='ocrx_word' id='word_1_180' title='bbox 1169 1314 1244 1365; x_wconf 80' lang='grc' dir='ltr'>ἵνα</span> <span class='ocrx_word' id='word_1_181' title='bbox 1270 1313 1438 1365; x_wconf 77' lang='grc' dir='ltr'>λοιπὸν</span> <span class='ocrx_word' id='word_1_182' title='bbox 1464 1316 1698 1383; x_wconf 85' lang='grc' dir='ltr'>ἀναπείσῃ</span> <span class='ocrx_word' id='word_1_183' title='bbox 1725 1315 1879 1381; x_wconf 82' lang='grc' dir='ltr'>λέγειν</span> 
     </span>
     <span class='ocr_line' id='line_1_22' title="bbox 74 1395 1949 1463; baseline 0.002 -18"><span class='ocrx_word' id='word_1_184' title='bbox 74 1410 106 1441; x_wconf 85' lang='lat' dir='ltr'>S.</span> <span class='ocrx_word' id='word_1_185' title='bbox 120 1410 218 1441; x_wconf 84' lang='lat' dir='ltr'>Joan.</span> <span class='ocrx_word' id='word_1_186' title='bbox 296 1395 353 1463; x_wconf 73' lang='grc' dir='ltr'>ἐξ</span> <span class='ocrx_word' id='word_1_187' title='bbox 375 1396 601 1458; x_wconf 82' lang='grc' dir='ltr'>εὐμαθοῦς</span> <span class='ocrx_word' id='word_1_188' title='bbox 628 1396 831 1449; x_wconf 87' lang='grc' dir='ltr'>διανοίας</span> <span class='ocrx_word' id='word_1_189' title='bbox 858 1403 885 1425; x_wconf 80' lang='grc'><strong>“</strong></span> <span class='ocrx_word' id='word_1_190' title='bbox 905 1396 967 1446; x_wconf 78' lang='lat' dir='ltr'>‘O</span> <span class='ocrx_word' id='word_1_191' title='bbox 998 1395 1287 1461; x_wconf 74' lang='grc' dir='ltr'>Κύριόςμου</span> <span class='ocrx_word' id='word_1_192' title='bbox 1314 1398 1389 1446; x_wconf 74' lang='grc' dir='ltr'>καὶ</span> <span class='ocrx_word' id='word_1_193' title='bbox 1410 1397 1434 1447; x_wconf 85' lang='grc' dir='ltr'><strong>ὁ</strong></span> <span class='ocrx_word' id='word_1_194' title='bbox 1460 1396 1580 1450; x_wconf 83' lang='grc' dir='ltr'>Θεός</span> <span class='ocrx_word' id='word_1_195' title='bbox 1604 1398 1735 1460; x_wconf 86' lang='grc' dir='ltr'>μου,”</span> <span class='ocrx_word' id='word_1_196' title='bbox 1758 1399 1878 1449; x_wconf 80' lang='grc' dir='ltr'>οὕτω</span> <span class='ocrx_word' id='word_1_197' title='bbox 1905 1416 1949 1454; x_wconf 88' lang='lat'>15</span> 
     </span>
     <span class='ocr_line' id='line_1_23' title="bbox 72 1453 1880 1546; baseline 0.003 -19"><span class='ocrx_word' id='word_1_198' title='bbox 72 1465 128 1485; x_wconf 76' lang='lat' dir='ltr'>xx.</span> <span class='ocrx_word' id='word_1_199' title='bbox 149 1453 198 1484; x_wconf 51' lang='lat'>²8⁶</span> <span class='ocrx_word' id='word_1_200' title='bbox 297 1475 506 1543; x_wconf 77' lang='grc' dir='ltr'>καθάπερ</span> <span class='ocrx_word' id='word_1_201' title='bbox 532 1479 709 1546; x_wconf 72' lang='grc' dir='ltr'>ἐγῷμαι</span> <span class='ocrx_word' id='word_1_202' title='bbox 745 1482 840 1531; x_wconf 87' lang='grc' dir='ltr'>τοῖς</span> <span class='ocrx_word' id='word_1_203' title='bbox 871 1477 1020 1543; x_wconf 85' lang='grc' dir='ltr'>ἁγίοις</span> <span class='ocrx_word' id='word_1_204' title='bbox 1055 1476 1277 1542; x_wconf 79' lang='grc' dir='ltr'>ἀγγέλοις</span> <span class='ocrx_word' id='word_1_205' title='bbox 1315 1479 1500 1545; x_wconf 83' lang='grc' dir='ltr'>ἐμφανῆ</span> <span class='ocrx_word' id='word_1_206' title='bbox 1540 1477 1768 1532; x_wconf 79' lang='grc' dir='ltr'>καθιστὰς</span> <span class='ocrx_word' id='word_1_207' title='bbox 1797 1481 1880 1542; x_wconf 72' lang='grc' dir='ltr'>τῆς</span> 
     </span>
     <span class='ocr_line' id='line_1_24' title="bbox 296 1558 1880 1625; baseline 0.004 -17"><span class='ocrx_word' id='word_1_208' title='bbox 296 1558 414 1622; x_wconf 80' lang='grc' dir='ltr'>μετὰ</span> <span class='ocrx_word' id='word_1_209' title='bbox 451 1558 630 1624; x_wconf 82' lang='grc' dir='ltr'>σαρκὸς</span> <span class='ocrx_word' id='word_1_210' title='bbox 669 1560 933 1621; x_wconf 77' lang='grc' dir='ltr'>οἰκονομίας</span> <span class='ocrx_word' id='word_1_211' title='bbox 970 1558 1053 1609; x_wconf 81' lang='grc' dir='ltr'>τὸν</span> <span class='ocrx_word' id='word_1_212' title='bbox 1091 1559 1266 1625; x_wconf 86' lang='grc' dir='ltr'>τρόπον</span> <span class='ocrx_word' id='word_1_213' title='bbox 1300 1558 1417 1622; x_wconf 77' lang='grc' dir='ltr'>μετὰ</span> <span class='ocrx_word' id='word_1_214' title='bbox 1455 1564 1548 1610; x_wconf 82' lang='grc' dir='ltr'>τῶν</span> <span class='ocrx_word' id='word_1_215' title='bbox 1581 1567 1663 1611; x_wconf 90' lang='grc' dir='ltr'>τοῦ</span> <span class='ocrx_word' id='word_1_216' title='bbox 1701 1561 1880 1615; x_wconf 72' lang='grc' dir='ltr'>πάθους</span> 
     </span>
     <span class='ocr_line' id='line_1_25' title="bbox 298 1639 1879 1709; baseline 0.003 -19"><span class='ocrx_word' id='word_1_217' title='bbox 298 1641 506 1704; x_wconf 90' lang='grc' dir='ltr'>σημείων</span> <span class='ocrx_word' id='word_1_218' title='bbox 530 1641 757 1709; x_wconf 78' lang='grc' dir='ltr'>ἐφαίνετο,</span> <span class='ocrx_word' id='word_1_219' title='bbox 786 1639 957 1706; x_wconf 78' lang='grc' dir='ltr'>ἐρυθρὰ</span> <span class='ocrx_word' id='word_1_220' title='bbox 991 1646 1106 1706; x_wconf 92' lang='grc' dir='ltr'>γοῦν</span> <span class='ocrx_word' id='word_1_221' title='bbox 1132 1639 1190 1690; x_wconf 76' lang='grc' dir='ltr'>τὰ</span> <span class='ocrx_word' id='word_1_222' title='bbox 1223 1639 1382 1702; x_wconf 79' lang='grc' dir='ltr'>ἱμάτια</span> <span class='ocrx_word' id='word_1_223' title='bbox 1415 1640 1573 1709; x_wconf 88' lang='grc' dir='ltr'>φέρων</span> <span class='ocrx_word' id='word_1_224' title='bbox 1599 1644 1675 1692; x_wconf 83' lang='grc' dir='ltr'>καὶ</span> <span class='ocrx_word' id='word_1_225' title='bbox 1714 1642 1879 1697; x_wconf 73' lang='grc' dir='ltr'>αὐτοὺς</span> 
     </span>
     <span class='ocr_line' id='line_1_26' title="bbox 299 1721 1879 1786; baseline 0.003 -14"><span class='ocrx_word' id='word_1_226' title='bbox 299 1721 347 1772; x_wconf 75' lang='grc' dir='ltr'>δὲ</span> <span class='ocrx_word' id='word_1_227' title='bbox 388 1721 493 1775; x_wconf 71' lang='grc' dir='ltr'>τοὺς</span> <span class='ocrx_word' id='word_1_228' title='bbox 533 1722 706 1775; x_wconf 83' lang='grc' dir='ltr'>τύπους</span> <span class='ocrx_word' id='word_1_229' title='bbox 748 1726 842 1772; x_wconf 78' lang='grc' dir='ltr'>τῶν</span> <span class='ocrx_word' id='word_1_230' title='bbox 886 1721 1017 1786; x_wconf 84' lang='grc' dir='ltr'>ἥλων</span> <span class='ocrx_word' id='word_1_231' title='bbox 1059 1722 1133 1772; x_wconf 82' lang='grc' dir='ltr'>ἵνα</span> <span class='ocrx_word' id='word_1_232' title='bbox 1179 1724 1253 1772; x_wconf 76' lang='grc' dir='ltr'>καὶ</span> <span class='ocrx_word' id='word_1_233' title='bbox 1297 1723 1426 1773; x_wconf 81' lang='grc' dir='ltr'>αὐτοὶ</span> <span class='ocrx_word' id='word_1_234' title='bbox 1469 1722 1774 1774; x_wconf 83' lang='grc' dir='ltr'>πιστεύσειαν</span> <span class='ocrx_word' id='word_1_235' title='bbox 1817 1726 1879 1777; x_wconf 82' lang='grc' dir='ltr'>ὡς</span> 
     </span>
     <span class='ocr_line' id='line_1_27' title="bbox 299 1802 1951 1871; baseline 0.001 -18"><span class='ocrx_word' id='word_1_236' title='bbox 299 1802 443 1871; x_wconf 89' lang='grc' dir='ltr'>φύσει</span> <span class='ocrx_word' id='word_1_237' title='bbox 476 1826 526 1853; x_wconf 92' lang='grc' dir='ltr'>τε</span> <span class='ocrx_word' id='word_1_238' title='bbox 561 1805 637 1853; x_wconf 75' lang='grc' dir='ltr'>καὶ</span> <span class='ocrx_word' id='word_1_239' title='bbox 668 1805 858 1866; x_wconf 81' lang='grc' dir='ltr'>ἀληθῶς</span> <span class='ocrx_word' id='word_1_240' title='bbox 885 1802 1109 1870; x_wconf 67' lang='grc' dir='ltr'>ὑπάρχων</span> <span class='ocrx_word' id='word_1_241' title='bbox 1136 1802 1256 1857; x_wconf 81' lang='grc' dir='ltr'>Θεὸς</span> <span class='ocrx_word' id='word_1_242' title='bbox 1282 1803 1446 1868; x_wconf 83' lang='grc' dir='ltr'>γέγονε</span> <span class='ocrx_word' id='word_1_243' title='bbox 1473 1807 1548 1854; x_wconf 82' lang='grc' dir='ltr'>καὶ</span> <span class='ocrx_word' id='word_1_244' title='bbox 1577 1802 1669 1858; x_wconf 61' lang='lat' dir='ltr'>vicis</span> <span class='ocrx_word' id='word_1_245' title='bbox 1694 1805 1875 1871; x_wconf 81' lang='grc' dir='ltr'>ἀνθρώ·</span> <span class='ocrx_word' id='word_1_246' title='bbox 1901 1830 1951 1855; x_wconf 90' lang='lat'>20</span> 
     </span>
     <span class='ocr_line' id='line_1_28' title="bbox 298 1883 1880 1951; baseline 0.002 -16"><span class='ocrx_word' id='word_1_247' title='bbox 298 1907 407 1947; x_wconf 90' lang='grc' dir='ltr'>που,</span> <span class='ocrx_word' id='word_1_248' title='bbox 437 1889 580 1948; x_wconf 83' lang='grc' dir='ltr'>σῶμα</span> <span class='ocrx_word' id='word_1_249' title='bbox 619 1883 783 1944; x_wconf 77' lang='grc' dir='ltr'>λαβὼν</span> <span class='ocrx_word' id='word_1_250' title='bbox 808 1886 857 1935; x_wconf 86' lang='grc' dir='ltr'>ἐκ</span> <span class='ocrx_word' id='word_1_251' title='bbox 883 1887 966 1947; x_wconf 85' lang='grc' dir='ltr'>τῆς</span> <span class='ocrx_word' id='word_1_252' title='bbox 991 1885 1127 1950; x_wconf 85' lang='grc' dir='ltr'>ἁγίας</span> <span class='ocrx_word' id='word_1_253' title='bbox 1152 1886 1385 1951; x_wconf 82' lang='grc' dir='ltr'>παρθένου</span> <span class='ocrx_word' id='word_1_254' title='bbox 1413 1888 1487 1936; x_wconf 72' lang='grc' dir='ltr'>καὶ</span> <span class='ocrx_word' id='word_1_255' title='bbox 1523 1889 1677 1940; x_wconf 78' lang='grc' dir='ltr'>καθεὶς</span> <span class='ocrx_word' id='word_1_256' title='bbox 1715 1886 1880 1938; x_wconf 85' lang='grc' dir='ltr'>ἑαυτὸν</span> 
     </span>
     <span class='ocr_line' id='line_1_29' title="bbox 78 1966 1881 2034; baseline 0.001 -17"><span class='ocrx_word' id='word_1_257' title='bbox 78 1973 127 2004; x_wconf 84' lang='lat' dir='ltr'>Cf.</span> <span class='ocrx_word' id='word_1_258' title='bbox 145 1972 229 2004; x_wconf 78' lang='lat' dir='ltr'>infra</span> <span class='ocrx_word' id='word_1_259' title='bbox 242 1982 273 2003; x_wconf 80' lang='lat' dir='ltr'>x.</span> <span class='ocrx_word' id='word_1_260' title='bbox 301 1970 364 2019; x_wconf 88' lang='grc' dir='ltr'>εἰς</span> <span class='ocrx_word' id='word_1_261' title='bbox 402 1967 612 2028; x_wconf 77' lang='grc' dir='ltr'>κένωσιν,</span> <span class='ocrx_word' id='word_1_262' title='bbox 639 1966 715 2016; x_wconf 80' lang='grc' dir='ltr'>ἵνα</span> <span class='ocrx_word' id='word_1_263' title='bbox 752 1966 1040 2034; x_wconf 78' lang='grc' dir='ltr'>προσφορὰν</span> <span class='ocrx_word' id='word_1_264' title='bbox 1064 1968 1139 2017; x_wconf 78' lang='grc' dir='ltr'>καὶ</span> <span class='ocrx_word' id='word_1_265' title='bbox 1166 1967 1336 2017; x_wconf 86' lang='grc' dir='ltr'>θυσίαν</span> <span class='ocrx_word' id='word_1_266' title='bbox 1362 1966 1526 2018; x_wconf 77' lang='grc' dir='ltr'>ἑαυτὸν</span> <span class='ocrx_word' id='word_1_267' title='bbox 1551 1968 1665 2034; x_wconf 75' lang='grc' dir='ltr'>ὑπὲρ</span> <span class='ocrx_word' id='word_1_268' title='bbox 1690 1967 1881 2019; x_wconf 80' lang='grc' dir='ltr'>πάντων</span> 
     </span>
     <span class='ocr_line' id='line_1_30' title="bbox 79 2024 1882 2118; baseline 0.001 -20"><span class='ocrx_word' id='word_1_269' title='bbox 79 2024 108 2056; x_wconf 91' lang='lat'>5·</span> <span class='ocrx_word' id='word_1_270' title='bbox 300 2051 362 2101; x_wconf 86' lang='grc' dir='ltr'>εἰς</span> <span class='ocrx_word' id='word_1_271' title='bbox 400 2047 557 2112; x_wconf 82' lang='grc' dir='ltr'>ὀσμὴν</span> <span class='ocrx_word' id='word_1_272' title='bbox 583 2048 772 2101; x_wconf 80' lang='grc' dir='ltr'>εὐωδίας</span> <span class='ocrx_word' id='word_1_273' title='bbox 810 2049 995 2101; x_wconf 76' lang='grc' dir='ltr'>ἀναθεὶς</span> <span class='ocrx_word' id='word_1_274' title='bbox 1032 2052 1097 2117; x_wconf 73' lang='grc' dir='ltr'>τῷ</span> <span class='ocrx_word' id='word_1_275' title='bbox 1125 2052 1232 2117; x_wconf 70' lang='grc' dir='ltr'>Θεῷ</span> <span class='ocrx_word' id='word_1_276' title='bbox 1262 2051 1336 2098; x_wconf 84' lang='grc' dir='ltr'>καὶ</span> <span class='ocrx_word' id='word_1_277' title='bbox 1365 2051 1519 2115; x_wconf 76' lang='grc' dir='ltr'>Πατρί</span> <span class='ocrx_word' id='word_1_278' title='bbox 1545 2049 1763 2118; x_wconf 81' lang='grc' dir='ltr'>διασώσῃ</span> <span class='ocrx_word' id='word_1_279' title='bbox 1795 2050 1882 2114; x_wconf 88' lang='grc' dir='ltr'>τὴν</span> 
     </span>
     <span class='ocr_line' id='line_1_31' title="bbox 299 2129 1882 2197; baseline 0.001 -17"><span class='ocrx_word' id='word_1_280' title='bbox 299 2131 373 2181; x_wconf 84' lang='grc' dir='ltr'>ὑπ’</span> <span class='ocrx_word' id='word_1_281' title='bbox 402 2129 612 2195; x_wconf 81' lang='grc' dir='ltr'>οὐρανόν·</span> <span class='ocrx_word' id='word_1_282' title='bbox 664 2134 927 2195; x_wconf 83' lang='grc' dir='ltr'>προσκυνεῖ</span> <span class='ocrx_word' id='word_1_283' title='bbox 956 2135 1206 2195; x_wconf 81' lang='grc' dir='ltr'>τοιγαροῦν</span> <span class='ocrx_word' id='word_1_284' title='bbox 1232 2132 1307 2180; x_wconf 79' lang='grc' dir='ltr'>καὶ</span> <span class='ocrx_word' id='word_1_285' title='bbox 1343 2130 1370 2194; x_wconf 89' lang='grc' dir='ltr'>ἡ</span> <span class='ocrx_word' id='word_1_286' title='bbox 1405 2135 1499 2181; x_wconf 80' lang='grc' dir='ltr'>τῶν</span> <span class='ocrx_word' id='word_1_287' title='bbox 1526 2130 1745 2196; x_wconf 78' lang='grc' dir='ltr'>ἀγγέλων</span> <span class='ocrx_word' id='word_1_288' title='bbox 1770 2132 1882 2197; x_wconf 85' lang='grc' dir='ltr'>ἁγία</span> 
     </span>
     <span class='ocr_line' id='line_1_32' title="bbox 297 2211 1950 2277; baseline 0.002 -14"><span class='ocrx_word' id='word_1_289' title='bbox 297 2211 497 2276; x_wconf 77' lang='grc' dir='ltr'>πληθὺς,</span> <span class='ocrx_word' id='word_1_290' title='bbox 524 2212 577 2262; x_wconf 83' lang='grc' dir='ltr'>οὐ</span> <span class='ocrx_word' id='word_1_291' title='bbox 610 2211 958 2275; x_wconf 87' lang='grc' dir='ltr'>παραιτουμένη</span> <span class='ocrx_word' id='word_1_292' title='bbox 997 2211 1082 2275; x_wconf 87' lang='grc' dir='ltr'>τὴν</span> <span class='ocrx_word' id='word_1_293' title='bbox 1108 2212 1437 2277; x_wconf 87' lang='grc' dir='ltr'>προσκύνησιν</span> <span class='ocrx_word' id='word_1_294' title='bbox 1476 2212 1547 2264; x_wconf 79' lang='grc' dir='ltr'>ὅτι</span> <span class='ocrx_word' id='word_1_295' title='bbox 1585 2211 1881 2277; x_wconf 85' lang='grc' dir='ltr'>πρωτότοκος</span> <span class='ocrx_word' id='word_1_296' title='bbox 1904 2229 1950 2266; x_wconf 89' lang='grc'>25</span> 
     </span>
     <span class='ocr_line' id='line_1_33' title="bbox 298 2293 1881 2360; baseline 0.001 -17"><span class='ocrx_word' id='word_1_297' title='bbox 298 2293 355 2357; x_wconf 81' lang='grc' dir='ltr'>ἧν</span> <span class='ocrx_word' id='word_1_298' title='bbox 393 2295 468 2344; x_wconf 78' lang='grc' dir='ltr'>καὶ</span> <span class='ocrx_word' id='word_1_299' title='bbox 502 2295 550 2344; x_wconf 82' lang='grc' dir='ltr'>ἐν</span> <span class='ocrx_word' id='word_1_300' title='bbox 583 2298 784 2347; x_wconf 82' lang='grc' dir='ltr'>πολλοῖς</span> <span class='ocrx_word' id='word_1_301' title='bbox 822 2295 1047 2360; x_wconf 81' lang='grc' dir='ltr'>ἀδελφοῖς</span> <span class='ocrx_word' id='word_1_302' title='bbox 1086 2293 1346 2358; x_wconf 78' lang='grc' dir='ltr'>ἄνθρωπος,</span> <span class='ocrx_word' id='word_1_303' title='bbox 1373 2295 1674 2360; x_wconf 86' lang='grc' dir='ltr'>δεδιδαγμένη</span> <span class='ocrx_word' id='word_1_304' title='bbox 1710 2293 1759 2345; x_wconf 78' lang='grc' dir='ltr'>δὲ</span> <span class='ocrx_word' id='word_1_305' title='bbox 1795 2294 1881 2358; x_wconf 87' lang='grc' dir='ltr'>τὴν</span> 
     </span>
     <span class='ocr_line' id='line_1_34' title="bbox 298 2374 1880 2444; baseline 0.001 -20"><span class='ocrx_word' id='word_1_306' title='bbox 298 2375 565 2438; x_wconf 80' lang='grc' dir='ltr'>οἰκονομίαν</span> <span class='ocrx_word' id='word_1_307' title='bbox 591 2377 665 2425; x_wconf 77' lang='grc' dir='ltr'>καὶ</span> <span class='ocrx_word' id='word_1_308' title='bbox 694 2375 777 2425; x_wconf 83' lang='grc' dir='ltr'>τὸν</span> <span class='ocrx_word' id='word_1_309' title='bbox 803 2376 852 2424; x_wconf 86' lang='grc' dir='ltr'>ἐκ</span> <span class='ocrx_word' id='word_1_310' title='bbox 880 2378 1003 2425; x_wconf 86' lang='grc' dir='ltr'>Θεοῦ</span> <span class='ocrx_word' id='word_1_311' title='bbox 1034 2374 1153 2426; x_wconf 78' lang='grc' dir='ltr'>κατὰ</span> <span class='ocrx_word' id='word_1_312' title='bbox 1182 2374 1330 2444; x_wconf 89' lang='grc' dir='ltr'>φύσιν</span> <span class='ocrx_word' id='word_1_313' title='bbox 1356 2376 1738 2440; x_wconf 82' lang='grc' dir='ltr'>ἐπιγινώσκουσα</span> <span class='ocrx_word' id='word_1_314' title='bbox 1763 2376 1880 2427; x_wconf 83' lang='grc' dir='ltr'>Υἰὸν</span> 
     </span>
     <span class='ocr_line' id='line_1_35' title="bbox 300 2455 843 2524; baseline 0.002 -19"><span class='ocrx_word' id='word_1_315' title='bbox 300 2457 377 2505; x_wconf 80' lang='grc' dir='ltr'>καὶ</span> <span class='ocrx_word' id='word_1_316' title='bbox 403 2455 477 2506; x_wconf 79' lang='grc' dir='ltr'>ὅτε</span> <span class='ocrx_word' id='word_1_317' title='bbox 506 2455 669 2521; x_wconf 87' lang='grc' dir='ltr'>γέγονε</span> <span class='ocrx_word' id='word_1_318' title='bbox 696 2455 843 2524; x_wconf 76' lang='grc' dir='ltr'>σάρξ.</span> 
     </span>
    </p>
   </div>
   <div class='ocr_carea' id='block_1_7' title="bbox 300 2608 1881 2748">
    <p class='ocr_par' dir='ltr' id='par_1_7' title="bbox 300 2608 1881 2748">
     <span class='ocr_line' id='line_1_36' title="bbox 351 2608 1881 2656; baseline 0.002 -13"><span class='ocrx_word' id='word_1_319' title='bbox 351 2621 380 2644; x_wconf 90' lang='lat'>1.</span> <span class='ocrx_word' id='word_1_320' title='bbox 407 2608 525 2654; x_wconf 83' lang='grc' dir='ltr'>τοῦτο]</span> <span class='ocrx_word' id='word_1_321' title='bbox 548 2610 601 2643; x_wconf 85' lang='lat' dir='ltr'>[ta</span> <span class='ocrx_word' id='word_1_322' title='bbox 620 2609 668 2643; x_wconf 93' lang='lat' dir='ltr'>H.</span> <span class='ocrx_word' id='word_1_323' title='bbox 898 2611 1003 2655; x_wconf 84' lang='lat'><strong>3-28.</strong></span> <span class='ocrx_word' id='word_1_324' title='bbox 1032 2611 1128 2644; x_wconf 84' lang='lat' dir='ltr'>Haec</span> <span class='ocrx_word' id='word_1_325' title='bbox 1148 2616 1328 2654; x_wconf 85' lang='lat' dir='ltr'>assumpta</span> <span class='ocrx_word' id='word_1_326' title='bbox 1345 2622 1386 2645; x_wconf 83' lang='lat' dir='ltr'>ex</span> <span class='ocrx_word' id='word_1_327' title='bbox 1404 2622 1434 2645; x_wconf 88' lang='lat' dir='ltr'>c.</span> <span class='ocrx_word' id='word_1_328' title='bbox 1453 2611 1511 2644; x_wconf 84' lang='lat' dir='ltr'>fol.</span> <span class='ocrx_word' id='word_1_329' title='bbox 1531 2622 1610 2656; x_wconf 81' lang='lat'>243,</span> <span class='ocrx_word' id='word_1_330' title='bbox 1630 2611 1678 2645; x_wconf 86' lang='lat' dir='ltr'>ita</span> <span class='ocrx_word' id='word_1_331' title='bbox 1696 2612 1881 2656; x_wconf 85' lang='lat' dir='ltr'>incipiente</span> 
     </span>
     <span class='ocr_line' id='line_1_37' title="bbox 300 2656 1880 2704; baseline 0.003 -15"><span class='ocrx_word' id='word_1_332' title='bbox 300 2660 382 2701; x_wconf 76' lang='lat' dir='ltr'><strong>post</strong></span> <span class='ocrx_word' id='word_1_333' title='bbox 393 2656 475 2690; x_wconf 78' lang='lat' dir='ltr'>folio</span> <span class='ocrx_word' id='word_1_334' title='bbox 490 2657 619 2689; x_wconf 82' lang='lat' dir='ltr'>amisso</span> <span class='ocrx_word' id='word_1_335' title='bbox 632 2670 642 2696; x_wconf 81' lang='lat'>3</span> <span class='ocrx_word' id='word_1_336' title='bbox 662 2667 742 2690; x_wconf 90' lang='lat' dir='ltr'>cum</span> <span class='ocrx_word' id='word_1_337' title='bbox 762 2656 843 2691; x_wconf 86' lang='lat' dir='ltr'>folio</span> <span class='ocrx_word' id='word_1_338' title='bbox 862 2658 989 2691; x_wconf 82' lang='lat' dir='ltr'>amisso</span> <span class='ocrx_word' id='word_1_339' title='bbox 1007 2657 1176 2691; x_wconf 81' lang='lat' dir='ltr'>amissum</span> <span class='ocrx_word' id='word_1_340' title='bbox 1195 2662 1228 2691; x_wconf 85' lang='lat' dir='ltr'>et</span> <span class='ocrx_word' id='word_1_341' title='bbox 1245 2668 1385 2698; x_wconf 85' lang='lat' dir='ltr'>nomen,</span> <span class='ocrx_word' id='word_1_342' title='bbox 1400 2657 1547 2692; x_wconf 75' lang='lat' dir='ltr'>exhibeo</span> <span class='ocrx_word' id='word_1_343' title='bbox 1565 2665 1692 2699; x_wconf 75' lang='lat' dir='ltr'>tamen,</span> <span class='ocrx_word' id='word_1_344' title='bbox 1710 2658 1746 2694; x_wconf 90' lang='lat' dir='ltr'>S.</span> <span class='ocrx_word' id='word_1_345' title='bbox 1760 2659 1880 2704; x_wconf 79' lang='lat' dir='ltr'>Cyrilli</span> 
     </span>
     <span class='ocr_line' id='line_1_38' title="bbox 301 2702 1270 2748; baseline 0.001 -11"><span class='ocrx_word' id='word_1_346' title='bbox 301 2715 376 2737; x_wconf 84' lang='lat' dir='ltr'><strong>esse</strong></span> <span class='ocrx_word' id='word_1_347' title='bbox 393 2703 451 2737; x_wconf 81' lang='lat' dir='ltr'>vix</span> <span class='ocrx_word' id='word_1_348' title='bbox 470 2702 649 2737; x_wconf 81' lang='lat' dir='ltr'>dubitans.</span> <span class='ocrx_word' id='word_1_349' title='bbox 868 2714 921 2737; x_wconf 87' lang='lat'>11.</span> <span class='ocrx_word' id='word_1_350' title='bbox 948 2704 1069 2738; x_wconf 85' lang='grc' dir='ltr'>ἐνεῖκαί</span> <span class='ocrx_word' id='word_1_351' title='bbox 1087 2702 1193 2748; x_wconf 84' lang='lat' dir='ltr'>(err.)</span> <span class='ocrx_word' id='word_1_352' title='bbox 1213 2702 1270 2738; x_wconf 86' lang='lat' dir='ltr'>Cr.</span> 
     </span>
    </p>
   </div>
  </div>
 </body>
</html>
