1981 3282
111 142 184 166 LEX

163 252 388 301 possidebat,
404 252 498 288 male
519 251 663 300 optavit
684 253 868 288 975-977

163 317 365 353 voluntatis
388 317 552 353 habenas
573 315 733 352 Satanae
754 316 870 352 tradi·
900 345 903 364 ἶ

162 382 216 418 dit
240 385 340 418 1012
363 395 383 418 a
399 382 436 418 b.

106 446 257 483 Judicat
287 459 326 483 se
347 447 408 494 qui
439 459 514 482 non
540 446 642 482 venit
673 446 719 482 ad
750 445 869 482 lucem

166 514 238 548 155
261 525 280 548 c
296 512 317 548 d
332 525 363 548 e.

106 577 318 613 “Judicare
340 577 544 613 secundum
567 589 717 612 carnem
732 575 754 588 '’
781 575 870 624 quid
902 597 903 600 =

163 645 238 679 512
257 642 280 678 (1
294 655 312 678 e
342 642 509 690 judicare
525 641 729 678 secundum
746 640 869 677 Deum
901 682 903 692 A

161 707 209 743 ib.
231 707 265 743 d.

106 771 131 808 J
137 771 286 807 udicant
319 771 437 807 malos
468 770 492 806 ii
523 770 584 818 qui
614 770 709 806 bene
741 770 870 806 vivunt
902 786 903 798 π

160 836 202 872 Μ
225 839 273 873 55
301 837 379 885 [pp.
395 838 485 877 262,
509 837 566 883 3].

106 900 304 937 Judicatus
339 901 417 948 jam
456 900 680 943 incredulus,
716 899 794 947 ipse
832 899 870 934 in
902 908 904 927 f

161 967 321 1015 seipsum
361 966 585 1002 sententiam
623 965 747 1001 ferens
786 977 869 1000 cum
902 974 904 1016 ]

161 1032 257 1067 Eum
279 1031 354 1075 Qui
375 1044 449 1066 non
475 1030 644 1078 judicare
664 1029 782 1065 voluit
811 1041 869 1065 re-

159 1102 264 1132 cuset
288 1098 363 1132 154
380 1108 412 1138 e,
439 1098 514 1132 155
537 1108 571 1131 a.

106 1161 245 1198 Judicii
287 1161 365 1197 dies
397 1163 446 1197 83
468 1173 499 1205 c,
540 1162 616 1196 234
637 1172 669 1202 e,
715 1161 813 1196 1111
838 1172 870 1200 e,

161 1226 208 1262 cf.
231 1227 321 1267 236,
345 1228 421 1262 237
444 1238 476 1267 e,
507 1227 584 1262 293
605 1225 674 1267 be,
704 1227 779 1261 297
803 1224 870 1270 de,

163 1293 239 1327 814
262 1303 281 1327 e
342 1290 481 1326 Judicii
511 1290 582 1331 die,
613 1290 730 1338 plebis
761 1289 869 1325 obtu-
905 1315 907 1325 Α

161 1356 256 1392 ratio
283 1355 494 1391 sacerdotes
524 1368 600 1390 non
625 1354 800 1402 purgabit
818 1354 869 1390 iii.

163 1424 254 1457 473.

106 1486 295 1522 Judicium
324 1484 585 1533 ignorantibus
614 1484 752 1526 mitius,
783 1496 872 1532 cog·
906 1477 908 1521 ᾧ

161 1551 401 1586 noscentibus
432 1550 558 1585 durius
580 1551 656 1586 352
679 1562 711 1593 e,
739 1552 814 1586 353
837 1561 870 1593 a,

164 1617 239 1652 373
261 1628 294 1656 a,
318 1617 391 1651 411
416 1615 484 1651 ab.
514 1615 602 1650 Vide
622 1614 751 1663 Plaga,
774 1614 870 1662 Sup-

160 1681 329 1728 plicium.

107 1745 329 1782 Juramenta
366 1744 572 1781 cavendum
613 1746 689 1781 724
716 1744 787 1786 bc,
821 1743 871 1781 iii.

163 1813 253 1846 447.

108 1874 133 1911 J
138 1875 368 1911 ustificamur
394 1874 590 1910 credentes
617 1873 655 1909 in
680 1873 870 1909 Christum

161 1945 203 1976 ut
222 1938 346 1975 Deum
367 1952 413 1975 ex
433 1940 514 1975 Deo
537 1941 613 1975 508
635 1951 667 1980 e,
692 1938 736 1974 cf.
755 1938 799 1973 M
821 1940 870 1975 99

104 1992 109 1996 .
166 2005 328 2053 [p.355]
360 2003 757 2040 confitentesVerbum
779 2001 870 2040 Car-

159 2081 246 2105 nem
266 2069 406 2105 factum
426 2068 476 2104 iii.
497 2071 589 2105 401.

107 2133 297 2169 Justificat
334 2146 404 2169 nos
438 2133 602 2182 Sanguis
637 2133 793 2169 Domini
821 2133 870 2169 iii.

163 2200 251 2234 398.

473 2306 505 2341 L

109 2393 253 2429 LABon
280 2393 350 2441 piis
379 2393 502 2428 suavis
523 2391 672 2440 quando
693 2404 808 2440 prope
835 2398 872 2428 et

163 2458 266 2494 dives
299 2458 509 2493 Praemium
545 2459 621 2494 888
655 2469 675 2493 e
731 2461 871 2504 quanto

163 2523 284 2570 magis
324 2528 430 2558 tanto
473 2521 722 2558 abundantius
760 2522 870 2557 Prae-

161 2587 278 2623 mium
299 2587 341 2622 M
364 2589 414 2623 96
437 2584 490 2637 [Ρ.
511 2584 618 2637 348].

107 2651 353 2699 Lacrymatus
392 2651 567 2687 Christus
604 2657 648 2687 ut
688 2651 872 2700 lacrymas

161 2722 310 2751 nostras
349 2722 563 2764 compescat
602 2717 679 2752 686
711 2728 772 2751 ae
835 2722 872 2751 et

163 2792 293 2815 omnes
313 2780 493 2816 miserans
515 2782 591 2816 686
612 2793 642 2817 c.

110 2845 358 2892 Lacrymatus
384 2844 580 2885 Dominus,
610 2857 722 2892 aegre
750 2845 868 2894 lacry-

166 2915 315 2945 mantur
352 2909 377 2944 ii
416 2909 476 2956 qui
516 2909 616 2944 omni
660 2910 870 2946 calamitate

647 129 856 166 INDEX
917 130 1163 168 RERUM.

902 695 903 700 ¹
939 712 961 725 “
983 706 1145 742 Laetitia
1182 705 1352 741 salutaris
1388 703 1495 740 Tui”

1622 128 1698 163 637

992 257 1032 288 ut
1070 251 1283 300 phiiosophi
1321 250 1530 297 superiores
1568 248 1698 285 existi-

993 317 1084 352 mari
1106 316 1280 352 studeant
1301 317 1377 352 686
1399 315 1433 351 b.

939 381 1138 418 Laetitiam
1175 381 1317 417 Christi
1347 380 1498 421 habere,
1531 391 1599 414 nos
1633 390 1700 426 pro

992 446 1147 482 aliorum
1191 445 1396 481 salvatione
1444 443 1612 480 similiter
1659 455 1701 478 ac

992 511 1077 559 Ipse
1098 511 1309 559 expendere
1330 512 1407 546 886
1429 522 1450 545 a
1465 509 1502 545 b.

938 576 1098 612 Laetitia
1162 575 1328 624 perfecta
1386 580 1423 611 et
1485 572 1703 621 imperfecta

993 643 1069 677 886
1092 653 1123 677 c.

1536 702 1702 752 Spiritus

993 770 1153 806 Sanctus
1178 773 1279 807 1005
1301 771 1335 806 b.

938 835 1100 884 Lapides
1122 835 1251 880 sancti,
1272 834 1447 884 Apostoli
1469 836 1545 871 322
1567 846 1598 870 e.

938 900 1062 948 LapiS,
1098 900 1270 936 Christus
1298 901 1374 936 436
1407 899 1430 934 b
1478 898 1617 934 electus
1651 897 1701 933 iii.

994 968 1082 1001 447.

940 1030 1126 1079 Lapideae
1153 1029 1337 1078 Decalogi
1368 1028 1515 1065 tabulae
1542 1041 1606 1064 cor
1634 1028 1657 1064 J
1662 1041 1701 1063 u-

993 1096 1170 1131 daeorum
1217 1095 1402 1143 lapideum
1449 1094 1705 1142 praefigurant

993 1159 1035 1196 M
1057 1162 1106 1197 89
1128 1160 1190 1196 fin.

940 1225 1084 1274 Lapsus
1131 1237 1267 1273 parvus
1320 1224 1466 1272 scriptis
1513 1223 1705 1272 perlongis

994 1302 1184 1331 concessa,
1199 1302 1304 1325 error
1316 1289 1491 1337 frequens
1505 1289 1706 1337 gravisque

995 1355 1073 1391 sine
1094 1355 1332 1391 excusatione
1352 1354 1400 1390 iii.
1425 1356 1514 1391 490.

941 1419 1124 1455 Latrones
1151 1419 1329 1460 crucifixi,
1351 1419 1581 1455 Judaeorum
1604 1419 1706 1455 Gen-

994 1484 1161 1532 tiumque
1181 1491 1292 1532 typus
1317 1486 1417 1521 1059
1439 1484 1462 1520 b
1476 1497 1506 1521 e.

941 1550 1124 1586 Laudatio
1170 1549 1225 1585 sui
1270 1549 1423 1585 omnino
1460 1548 1704 1584 intolerabilis

997 1616 1072 1651 242
1095 1615 1130 1656 d,
1154 1617 1255 1651 1022
1277 1627 1309 1651 a.

940 1679 1074 1716 Lazari
1094 1691 1241 1715 sorores
1261 1679 1373 1714 fidem
1395 1691 1468 1714 non
1489 1677 1703 1714 habuerunt

995 1745 1198 1792 perfectam
1219 1746 1294 1780 676
1315 1756 1348 1779 c.

942 1808 1127 1845 Lazarum
1149 1822 1168 1844 e
1189 1809 1310 1844 fasciis
1337 1808 1501 1844 solutum
1522 1807 1609 1855 quid
1631 1807 1706 1855 sig-

994 1874 1120 1909 nificat
1141 1876 1217 1910 690
1240 1873 1263 1909 d
1279 1885 1311 1909 e.

906 1951 908 1987 ς
941 1939 1084 1976 Lazaro
1114 1939 1151 1974 in
1181 1938 1357 1987 parabola
1386 1937 1444 1979 de,
1474 1936 1628 1973 traditio
1655 1935 1702 1973 iii.

997 2006 1087 2041 564.

906 2071 908 2115 ξ
941 2069 1018 2106 Leo
1057 2069 1211 2117 rugiens
1258 2073 1374 2104 terret
1416 2073 1453 2103 et
1491 2067 1543 2103 ita
1581 2071 1707 2114 captat

994 2134 1170 2182 praedam
1194 2135 1296 2170 1042
1322 2133 1345 2168 d
1361 2145 1391 2168 e.

943 2198 1058 2246 Legis
1092 2211 1113 2233 a
1146 2197 1283 2245 Moyse
1317 2197 1394 2232 dati
1432 2196 1593 2232 historia
1625 2201 1708 2232 tota

995 2269 1104 2310 typus
1126 2264 1202 2299 256
1218 2262 1391 2298 d—258.

941 2327 1022 2363 Lex
1046 2333 1083 2363 et
1104 2327 1176 2362 Dei
1195 2326 1351 2362 verbum
1381 2327 1450 2362 etsi
1481 2339 1557 2362 non
1587 2326 1705 2374 hypo-

994 2392 1168 2428 staticum
1191 2393 1267 2428 388
1289 2391 1324 2428 b.

944 2457 1024 2493 Lex
1064 2457 1241 2493 Veritatis
1287 2456 1445 2492 formam
1487 2457 1705 2504 (μόρφωσιν)

994 2522 1063 2558 etsi
1106 2522 1144 2557 in
1188 2522 1323 2558 umbra
1369 2521 1536 2557 continet
1568 2520 1620 2557 M.
1656 2524 1705 2558 20

992 2587 1135 2635 peccati
1155 2585 1206 2622 M.
1227 2589 1288 2627 24,
1307 2588 1357 2623 25
1397 2585 1548 2633 spiritus
1567 2585 1591 2621 i.
1605 2598 1651 2626 e.,
1668 2584 1708 2621 in

992 2652 1100 2688 nobis
1119 2651 1231 2687 insita
1250 2650 1303 2687 M.
1326 2653 1387 2692 26,
1411 2650 1456 2685 cf.
1477 2649 1529 2686 M.
1553 2651 1616 2686 27.

940 2717 1024 2753 Lex
1053 2717 1093 2752 in
1122 2715 1330 2764 Evangelio
1353 2715 1566 2762 adimpleta,
1584 2714 1708 2761 pictu-

993 2794 1055 2817 rae
1100 2782 1207 2829 cujus
1251 2780 1372 2816 forma
1408 2779 1597 2814 coloribus
1640 2778 1706 2814 ad-

991 2846 1100 2896 jectis
1138 2858 1214 2881 non
1248 2844 1403 2881 evanida
1441 2843 1505 2879 sed
1542 2842 1709 2891 perfecta

996 2911 1049 2955 fit,
1088 2914 1302 2957 comparata
1339 2908 1392 2944 M.
1429 2910 1479 2944 40
1519 2908 1573 2956 [p.
1606 2908 1702 2956 235]
