2017 3252
98 216 189 258 [485
208 217 291 259 M-]

107 1879 196 1913 486
219 1878 280 1914 M.

75 2003 94 2023 e
110 1995 199 2024 tomo

75 2039 178 2068 sexto.

307 149 391 190 422
528 151 580 191 B.
616 150 865 191 CYRILLI
906 151 1258 195 ALEXANDR.
1301 154 1673 196 FRAGMENTA

683 297 888 355 Κυρίλλου
923 300 971 341 ἐκ
1008 302 1084 341 τῆς
1122 299 1254 341 αὐτῆς
1290 301 1532 358 ἑρμΗνείαε.

374 410 505 477 ‘'Opa
535 410 689 462 τοίνυν
715 413 790 461 καὶ
822 412 870 461 ἐν
896 412 1005 462 δυσὶ
1045 417 1140 466 τοῖς
1179 413 1394 480 χιμάροις
1433 412 1516 465 τόν
1553 415 1632 465 ἕνα
1659 413 1890 482 Χριστὸν,

308 491 521 543 τουτέστι
548 490 672 543 Θεὸν
703 492 1109 558 ἐνανθρωπηκότα,
1136 496 1213 544 καὶ
1248 493 1614 559 ἀποθνήσκοντα
1651 497 1736 560 μὲν
1761 519 1884 562 σαρ-

309 577 447 627 κικῶς
487 572 601 638 ὑπὲρ
640 574 882 638 ἁμαρτίας,
920 574 995 624 ἵνα
1033 578 1099 643 τῷ
1135 576 1382 644 ῥαντισμῷ
1419 582 1502 627 τοῦ
1542 577 1657 628 ἰδίου
1695 577 1891 640 αἵματος

308 654 427 719 ὅλην
466 653 643 723 ἁγιάσῃ
684 652 770 719 τὴν
794 655 1105 720 Ἐκκλησίαν,
1130 656 1421 722 μεμενηκότα
1460 656 1508 708 δὲ
1543 656 1691 710 πάλιν
1730 661 1889 723 ἀπαθῆ
1911 680 1933 718 5

307 739 484 789 θεϊκῶς.

366 897 571 955 Κυρίλλου
609 899 656 940 ὲκ
693 902 769 941 τῆς
806 898 1045 956 ἑρμΗνείαο
1073 902 1149 941 nic
1186 899 1294 957 Πρὸς
1324 900 1552 958 Ἐβραίους
1590 900 1833 943 ἐπιστολῆς.

383 1015 441 1062 Εἰ
477 1011 525 1062 δὲ
563 1013 857 1063 τετελείωκεν
895 1013 1016 1077 ἡμᾶς
1051 1014 1104 1064 δι’
1136 1015 1300 1067 ὕδατος
1338 1015 1415 1065 καὶ
1459 1014 1747 1077 Πνεύματος,
1788 1018 1890 1067 πῶς

306 1094 389 1143 οὑκ
413 1092 593 1159 ἐνήργει
618 1097 779 1148 θεϊκῶς
805 1117 853 1144 τε
880 1092 977 1157 ἅμα
1002 1096 1078 1145 καὶ
1104 1095 1404 1160 ἀνθρωπίνως
1432 1097 1456 1146 ὁ
1481 1094 1619 1149 αὐτὸς
1643 1095 1886 1163 ὑπάρχων,

305 1177 381 1226 καὶ
408 1178 470 1229 ὡς
495 1177 543 1226 ἐν
569 1177 632 1226 ἑνὶ
661 1175 782 1229 Θεός
808 1198 858 1227 τε
886 1177 1002 1240 ὁμοῦ
1028 1178 1103 1227 καὶ
1130 1177 1376 1243 ἄνθρωπος
1398 1199 1410 1239 3
1912 1197 1961 1222 10

372 1344 576 1402 ΚυρίΛλου
613 1346 660 1387 ὲκ
697 1351 773 1388 τῆς
810 1347 1041 1403 ἑρμΗνείοιο
1078 1352 1154 1389 τῆς
1192 1348 1300 1404 Πρὸς
1331 1347 1574 1404 “Εβροιίουε,
1614 1347 1813 1405 δευτέρου

1021 1430 1166 1479 τόμου.

378 1540 658 1605 Συνέβησαν
704 1541 753 1592 δὲ
798 1541 1036 1606 ἀλλήλαις
1080 1541 1355 1609 ἀποῤῥήτως
1399 1566 1447 1593 τε
1495 1544 1570 1593 καὶ
1616 1542 1730 1609 ὑπὲρ
1775 1549 1884 1594 νοῦν

301 1621 464 1687 θεότης
490 1625 564 1674 καὶ
591 1623 912 1689 ἀνθρωπότης·
969 1626 1043 1674 καὶ
1075 1624 1291 1692 διάφοροι
1324 1624 1408 1688 μὲν
1436 1628 1482 1675 αἱ
1508 1624 1676 1691 φύσεις
1703 1625 1882 1688 ὁμολο-

300 1705 550 1769 γουμένως,
576 1704 705 1770 πλὴν
732 1705 794 1759 εἷς
818 1728 868 1756 τε
895 1707 969 1757 καὶ
992 1705 1133 1769 μόνος
1160 1706 1216 1775 ἐξ
1238 1708 1415 1775 ἀμφοῖν
1440 1705 1569 1760 Υἱός.
1909 1723 1956 1763 15

328 1871 529 1928 Κυρίλλου
565 1872 612 1914 ἐκ
651 1876 724 1914 τοῦ
762 1874 1066 1922 ὑΠΟιινι-ἳματοε
1102 1876 1179 1915 vic
1217 1873 1325 1930 Πρὸς
1355 1873 1584 1931 ςΕβροιίους
1622 1875 1868 1916 ὲΠιοτολὲῐο.

374 1989 432 2035 Εἰ
459 1985 550 2052 γὰρ
578 1988 652 2037 καὶ
680 1992 858 2037 νοοΐντο
886 1986 1103 2056 διάφοροι
1138 1991 1213 2038 καὶ
1247 1987 1484 2052 ἀλλήλαις
1511 1987 1668 2038 ἄνισοι
1703 1992 1796 2038 τῶν
1822 1991 1885 2041 εἷς

298 2066 492 2131 ἑνότητα
535 2068 987 2134 συνδεδραμηκότων
1029 2073 1075 2119 αὶ
1110 2068 1291 2137 φύσεις,
1325 2068 1502 2135 σαρκὸς
1544 2068 1600 2133 δὴ
1641 2069 1768 2135 λέγω
1809 2072 1885 2120 καὶ

299 2152 437 2210 Θεοῦ,
477 2149 587 2200 ἀλλ’
629 2151 709 2200 οὖν
749 2149 812 2204 εἷς
849 2173 899 2202 τε
938 2153 1013 2201 καὶ
1050 2150 1192 2214 μόνος
1230 2151 1287 2220 ἐξ
1316 2154 1493 2219 ἀμφοῖν
1527 2150 1654 2214 Υἱὸς,
1695 2153 1884 2215 ἀληθῶς

348 2309 376 2330 1.
403 2308 421 2330 e
440 2296 581 2342 Scriptt.
600 2297 634 2331 V
636 2302 695 2331 ett.
713 2298 754 2332 Τ.
773 2298 841 2332 viii.
868 2298 934 2332 sub
961 2298 1020 2332 fin.
1048 2298 1206 2333 exhibuit
1230 2299 1357 2333 iterum
1377 2298 1507 2332 Maius.
1530 2304 1623 2332 extat
1648 2307 1681 2332 et
1700 2298 1821 2332 Latine
1846 2299 1883 2332 in

298 2342 444 2377 Leontio
464 2343 659 2388 Byzantino
677 2343 738 2378 lib.
757 2344 778 2378 i.
800 2344 888 2378 Gall.
908 2345 965 2379 xii.
983 2345 1063 2390 674.
1386 2354 1416 2389 7.
1445 2346 1540 2379 Haec
1566 2357 1607 2378 ex
1633 2357 1735 2389 opere
1761 2345 1802 2379 de
1822 2345 1882 2379 In·-

296 2390 494 2423 carnatione
528 2390 658 2430 Maius,
689 2390 795 2424 citant
828 2397 861 2424 et
891 2403 921 2425 a.
954 2391 1013 2425 fol.
1040 2392 1083 2436 87
1118 2398 1151 2425 et
1182 2391 1291 2425 Cone.
1320 2391 1433 2425 Later.
1467 2391 1533 2425 sub
1563 2391 1664 2424 titulo
1692 2394 1752 2424 τοῦ
1782 2391 1881 2434 ἁγίου

295 2436 458 2478 κυρίλλου
485 2436 671 2470 ἐπισκόπου
699 2437 937 2481 ἀλεξανδρείας
966 2438 1001 2471 ἐκ
1030 2439 1088 2481 τῆς
1112 2438 1286 2482 ἑρμηνείας
1310 2439 1368 2481 τῆς
1392 2438 1477 2482 πρὸς
1502 2437 1658 2481 ἑβραίους
1683 2437 1880 2481 ἐπιστολῆς.

297 2480 554 2525 [Conciliorum
573 2488 597 2515 t.
616 2483 674 2516 vii.
693 2494 761 2527 313
780 2483 834 2517 ed.
855 2483 997 2529 Colet.i.]
1127 2496 1161 2528 9.
1188 2484 1241 2517 καὶ
1259 2484 1290 2517 θ.
1308 2495 1371 2528 pro
1389 2484 1421 2517 θ.
1439 2498 1475 2517 τε
1493 2495 1523 2516 a.
1638 2494 1691 2517 11.
1718 2495 1736 2516 e
1755 2483 1878 2518 Leont.

297 2527 396 2561 Hier.
415 2527 574 2572 [Scriptt.
590 2528 703 2572 vett]
724 2529 882 2563 exhibuit
900 2530 1025 2563 iterum
1042 2529 1170 2564 Maius.
1187 2530 1266 2563 vide
1283 2536 1316 2563 et
1328 2529 1536 2574 Apologiam
1552 2529 1625 2574 ejus
1644 2541 1705 2573 pro
1722 2529 1879 2564 Concilio

297 2573 576 2608 Chalcedonensi
602 2574 708 2616 (Gall.
736 2575 828 2608 Bibl.
850 2576 928 2609 Vet.
956 2576 1048 2609 Patr.
1076 2576 1135 2609 xii.
1154 2586 1231 2620 730,
1259 2575 1319 2609 ubi
1345 2582 1378 2609 et
1403 2576 1532 2609 scholia
1557 2587 1598 2608 ex
1623 2575 1678 2609 his
1705 2576 1770 2610 alia
1795 2576 1878 2611 duo.

299 2620 352 2653 16.
382 2620 476 2654 Haec
503 2632 544 2653 ex
574 2632 677 2664 opere
703 2620 745 2654 de
772 2622 1016 2655 Incarnatione
1041 2621 1180 2656 exhibet
1202 2622 1331 2655 Maius.
1399 2621 1516 2655 Citant
1541 2627 1574 2655 et
1599 2633 1629 2656 a.
1649 2622 1708 2656 fol.
1729 2631 1784 2667 74,
1811 2622 1878 2657 sub

295 2666 397 2700 titulo
423 2667 587 2710 κυρίλλου
614 2667 651 2700 ἐκ
683 2670 743 2700 τοῦ
772 2668 1023 2710 ὑπομνηστικοῦ
1049 2669 1108 2710 τῆς
1133 2667 1218 2712 πρὸς
1251 2667 1406 2708 ἑβ)αίους
1432 2669 1627 2711 ἐπιστολῆς,
1655 2668 1878 2713 Nicephorus

295 2713 454 2746 Antirrh.
485 2719 604 2746 contra
631 2713 825 2747 Eusebium
853 2714 965 2758 [Spic.
993 2714 1140 2748 Solesm.
1167 2715 1187 2748 i.
1215 2684 1302 2758 4885
1329 2714 1395 2748 sub
1424 2715 1524 2748 titulo
1551 2717 1611 2748 τοῦ
1630 2716 1732 2748 αὐτοῦ
1757 2715 1793 2749 ἐκ
1818 2717 1878 2749 τοῦ

295 2758 530 2802 ὑπομνήματος
561 2761 620 2802 τῆς
651 2761 737 2803 πρὸς
769 2760 937 2803 ἑβραίους.
1007 2760 1149 2799 Partim,
1176 2772 1300 2804 nempe
1331 2761 1359 2794 εἰ
1393 2761 1640 2806 γὰρ-*ἀληθῶς
1669 2761 1826 2795 exhibuit
1858 2773 1877 2795 e

295 2806 441 2839 Leontio
470 2805 568 2839 Hier.
597 2805 768 2850 [Scripp‘c.
790 2805 901 2851 vett]
930 2806 996 2840 sub
1022 2806 1123 2840 titulo
1150 2808 1312 2850 κυρίλλου
1338 2808 1373 2840 ἐκ
1392 2809 1449 2851 τῆς
1467 2808 1567 2851 αὐτῆς
1585 2809 1688 2851 τόμου
1708 2817 1731 2852 ιῘ
1748 2807 1876 2847 Maius,

292 2852 484 2897 eademque
503 2852 572 2886 fere
590 2852 693 2886 habet
710 2851 944 2886 Theodoritus
971 2864 1075 2897 supra
1101 2854 1157 2887 cit.
1178 2852 1220 2897 [t.
1240 2854 1284 2887 iv.
1309 2853 1388 2898 168]
1418 2854 1483 2888 sub
1502 2855 1603 2888 titulo
1621 2857 1680 2888 τοῦ
1704 2855 1806 2888 αὐτοῦ
1830 2853 1877 2888 εἷς

291 2899 465 2941 ἑρμηνείαν
482 2900 540 2942 τῆς
555 2899 640 2942 πρὸς
657 2898 813 2942 ἑβραίους
830 2899 1026 2942 ἐπιστολῆς.
1187 2900 1239 2934 18.
1266 2900 1301 2934 δέ
1320 2911 1383 2945 pro
1402 2900 1440 2944 δὴ
1459 2900 1594 2935 Theod.
1749 2911 1801 2945 19.
1828 2898 1874 2936 εἷς

291 2947 467 2989 γενόμενος
485 2947 502 2979 ὁ
521 2945 559 2988 ἐξ
577 2945 705 2990 ἀμφοῖν
723 2946 792 2981 υἱός
811 2944 972 2980 desinens
990 2945 1123 2980 Theod.
