<?xml version="1.0" encoding="UTF-8"?>
<!DOCTYPE html PUBLIC "-//W3C//DTD XHTML 1.0 Transitional//EN"
    "http://www.w3.org/TR/xhtml1/DTD/xhtml1-transitional.dtd">
<html xmlns="http://www.w3.org/1999/xhtml" xml:lang="en" lang="en">
 <head>
  <title>
</title>
<meta http-equiv="Content-Type" content="text/html;charset=utf-8" />
  <meta name='ocr-system' content='tesseract 3.04.00' />
  <meta name='ocr-capabilities' content='ocr_page ocr_carea ocr_par ocr_line ocrx_word'/>
</head>
<body>
  <div class='ocr_page' id='page_1' title='image "./operacyrilli05cyriuoft/operacyrilli05cyriuoft_0043.png"; bbox 0 0 1986 3282; ppageno 0'>
   <div class='ocr_carea' id='block_1_1' title="bbox 55 146 1645 205">
    <p class='ocr_par' dir='ltr' id='par_1_1' title="bbox 55 146 1645 205">
     <span class='ocr_line' id='line_1_1' title="bbox 55 146 1645 205; baseline -0.003 -13"><span class='ocrx_word' id='word_1_1' title='bbox 55 151 254 205; x_wconf 84' lang='lat' dir='ltr'>xviii.15.</span> <span class='ocrx_word' id='word_1_2' title='bbox 332 150 405 190; x_wconf 92' lang='lat' dir='ltr'>IN</span> <span class='ocrx_word' id='word_1_3' title='bbox 449 150 490 190; x_wconf 88' lang='lat' dir='ltr'>S.</span> <span class='ocrx_word' id='word_1_4' title='bbox 526 147 865 190; x_wconf 67' lang='grc' dir='ltr'>ιῙΟΑΝΝΕΜ.</span> <span class='ocrx_word' id='word_1_5' title='bbox 928 147 1053 187; x_wconf 90' lang='lat' dir='ltr'><strong>LIB.</strong></span> <span class='ocrx_word' id='word_1_6' title='bbox 1088 146 1166 187; x_wconf 93' lang='lat' dir='ltr'>XI.</span> <span class='ocrx_word' id='word_1_7' title='bbox 1229 147 1368 187; x_wconf 89' lang='lat' dir='ltr'><strong>CAP.</strong></span> <span class='ocrx_word' id='word_1_8' title='bbox 1394 147 1498 187; x_wconf 89' lang='lat' dir='ltr'>XII.</span> <span class='ocrx_word' id='word_1_9' title='bbox 1590 150 1645 188; x_wconf 79' lang='lat'>29</span> 
     </span>
    </p>
   </div>
   <div class='ocr_carea' id='block_1_2' title="bbox 0 256 1705 1821">
    <p class='ocr_par' dir='ltr' id='par_1_2' title="bbox 0 256 1705 1821">
     <span class='ocr_line' id='line_1_2' title="bbox 55 256 1690 325; baseline -0.006 -14"><span class='ocrx_word' id='word_1_10' title='bbox 55 259 206 311; x_wconf 78' lang='grc' dir='ltr'>εἰδότα</span> <span class='ocrx_word' id='word_1_11' title='bbox 240 258 326 323; x_wconf 86' lang='grc' dir='ltr'>τὴν</span> <span class='ocrx_word' id='word_1_12' title='bbox 364 257 648 325; x_wconf 83' lang='grc' dir='ltr'>τριπόθητον</span> <span class='ocrx_word' id='word_1_13' title='bbox 687 257 879 323; x_wconf 85' lang='grc' dir='ltr'>ὑγίειαν·</span> <span class='ocrx_word' id='word_1_14' title='bbox 931 257 1051 307; x_wconf 78' lang='grc' dir='ltr'>οὕτω</span> <span class='ocrx_word' id='word_1_15' title='bbox 1091 258 1167 306; x_wconf 79' lang='grc' dir='ltr'>καὶ</span> <span class='ocrx_word' id='word_1_16' title='bbox 1206 261 1301 309; x_wconf 82' lang='grc' dir='ltr'>τοῖς</span> <span class='ocrx_word' id='word_1_17' title='bbox 1338 257 1580 308; x_wconf 81' lang='grc' dir='ltr'>Ἰουδαίοις</span> <span class='ocrx_word' id='word_1_18' title='bbox 1620 256 1690 305; x_wconf 77' lang='grc' dir='ltr'>ὁΙ)</span> 
     </span>
     <span class='ocr_line' id='line_1_3' title="bbox 58 337 1646 408; baseline -0.003 -16"><span class='ocrx_word' id='word_1_19' title='bbox 58 341 230 408; x_wconf 85' lang='grc' dir='ltr'>Κύριος</span> <span class='ocrx_word' id='word_1_20' title='bbox 259 339 563 408; x_wconf 84' lang='grc' dir='ltr'>δύσχρηστός</span> <span class='ocrx_word' id='word_1_21' title='bbox 592 363 661 394; x_wconf 87' lang='grc' dir='ltr'>τις</span> <span class='ocrx_word' id='word_1_22' title='bbox 687 339 844 401; x_wconf 84' lang='grc' dir='ltr'>ἐδόκει,</span> <span class='ocrx_word' id='word_1_23' title='bbox 871 338 1020 389; x_wconf 87' lang='grc' dir='ltr'>καίτοι</span> <span class='ocrx_word' id='word_1_24' title='bbox 1046 341 1129 402; x_wconf 80' lang='grc' dir='ltr'>τῆς</span> <span class='ocrx_word' id='word_1_25' title='bbox 1155 339 1391 404; x_wconf 83' lang='grc' dir='ltr'>σωτηρίας</span> <span class='ocrx_word' id='word_1_26' title='bbox 1420 337 1646 405; x_wconf 82' lang='grc' dir='ltr'>ὑπάρχων</span> 
     </span>
     <span class='ocr_line' id='line_1_4' title="bbox 54 419 1315 490; baseline -0.003 -15"><span class='ocrx_word' id='word_1_27' title='bbox 54 424 296 489; x_wconf 82' lang='grc' dir='ltr'>πρύτανις.</span> <span class='ocrx_word' id='word_1_28' title='bbox 344 425 397 475; x_wconf 84' lang='grc' dir='ltr'>ου’</span> <span class='ocrx_word' id='word_1_29' title='bbox 424 423 517 490; x_wconf 76' lang='grc' dir='ltr'>γὰρ</span> <span class='ocrx_word' id='word_1_30' title='bbox 543 421 600 486; x_wconf 80' lang='grc' dir='ltr'>ἧν</span> <span class='ocrx_word' id='word_1_31' title='bbox 626 423 782 476; x_wconf 78' lang='grc' dir='ltr'>αὐτοῖς</span> <span class='ocrx_word' id='word_1_32' title='bbox 807 420 861 472; x_wconf 80' lang='grc' dir='ltr'>τὸ</span> <span class='ocrx_word' id='word_1_33' title='bbox 888 419 1127 486; x_wconf 76' lang='grc' dir='ltr'>σώζεσθαι</span> <span class='ocrx_word' id='word_1_34' title='bbox 1154 421 1315 488; x_wconf 85' lang='grc' dir='ltr'>φίλον.</span> 
     </span>
     <span class='ocr_line' id='line_1_5' title="bbox 129 502 1642 570; baseline -0.003 -13"><span class='ocrx_word' id='word_1_35' title='bbox 129 507 448 557; x_wconf 81' lang='grc' dir='ltr'>Ἀπέστειλαν</span> <span class='ocrx_word' id='word_1_36' title='bbox 487 505 535 556; x_wconf 76' lang='grc' dir='ltr'>δὲ</span> <span class='ocrx_word' id='word_1_37' title='bbox 575 504 717 556; x_wconf 79' lang='grc' dir='ltr'>αὐτὸν</span> <span class='ocrx_word' id='word_1_38' title='bbox 756 503 998 567; x_wconf 72' lang='grc' dir='ltr'>δεδεμένον</span> <span class='ocrx_word' id='word_1_39' title='bbox 1036 503 1154 569; x_wconf 82' lang='grc' dir='ltr'>πρὸς</span> <span class='ocrx_word' id='word_1_40' title='bbox 1187 502 1412 570; x_wconf 80' lang='grc' dir='ltr'>Καϊάφαν</span> <span class='ocrx_word' id='word_1_41' title='bbox 1441 502 1524 553; x_wconf 81' lang='grc' dir='ltr'>τὸν</span> <span class='ocrx_word' id='word_1_42' title='bbox 1557 504 1642 567; x_wconf 82' lang='grc' dir='ltr'>ἀρ·</span> 
     </span>
     <span class='ocr_line' id='line_1_6' title="bbox 11 581 1647 656; baseline -0.002 -18"><span class='ocrx_word' id='word_1_43' title='bbox 11 588 225 656; x_wconf 86' lang='grc' dir='ltr'>5χιερέα.</span> <span class='ocrx_word' id='word_1_44' title='bbox 288 585 329 649; x_wconf 65' lang='grc' dir='ltr'>ἧν</span> <span class='ocrx_word' id='word_1_45' title='bbox 372 585 417 640; x_wconf 55' lang='grc' dir='ltr'>δὲ</span> <span class='ocrx_word' id='word_1_46' title='bbox 460 588 683 656; x_wconf 77' lang='grc' dir='ltr'>Καϊάφας</span> <span class='ocrx_word' id='word_1_47' title='bbox 728 593 744 638; x_wconf 83' lang='grc' dir='ltr'>ὁ</span> <span class='ocrx_word' id='word_1_48' title='bbox 785 588 1136 653; x_wconf 71' lang='grc' dir='ltr'>συμβουλεύσας</span> <span class='ocrx_word' id='word_1_49' title='bbox 1180 588 1271 640; x_wconf 72' lang='grc' dir='ltr'>τοῖς</span> <span class='ocrx_word' id='word_1_50' title='bbox 1314 581 1540 639; x_wconf 58' lang='grc' dir='ltr'>Ἰουάαίοις</span> <span class='ocrx_word' id='word_1_51' title='bbox 1585 584 1647 636; x_wconf 71' lang='grc' dir='ltr'>’ότι</span> 
     </span>
     <span class='ocr_line' id='line_1_7' title="bbox 55 667 1650 740; baseline -0.001 -19"><span class='ocrx_word' id='word_1_52' title='bbox 55 671 268 740; x_wconf 70' lang='grc' dir='ltr'>συμφέρει</span> <span class='ocrx_word' id='word_1_53' title='bbox 310 670 382 723; x_wconf 61' lang='grc' dir='ltr'>ἐ’να</span> <span class='ocrx_word' id='word_1_54' title='bbox 421 670 632 740; x_wconf 75' lang='grc' dir='ltr'>ανθρωπον</span> <span class='ocrx_word' id='word_1_55' title='bbox 673 668 903 721; x_wconf 72' lang='grc' dir='ltr'>ἀποθανεῖν</span> <span class='ocrx_word' id='word_1_56' title='bbox 942 667 1046 737; x_wconf 71' lang='grc' dir='ltr'>ὑπὲρ</span> <span class='ocrx_word' id='word_1_57' title='bbox 1084 670 1154 720; x_wconf 77' lang='grc' dir='ltr'>τοῧ</span> <span class='ocrx_word' id='word_1_58' title='bbox 1195 670 1324 721; x_wconf 65' lang='grc' dir='ltr'>λαοῦ.</span> <span class='ocrx_word' id='word_1_59' title='bbox 1380 667 1650 732; x_wconf 85' lang='grc' dir='ltr'>τεθήρευται</span> 
     </span>
     <span class='ocr_line' id='line_1_8' title="bbox 54 750 1649 818; baseline -0.001 -14"><span class='ocrx_word' id='word_1_60' title='bbox 54 752 139 817; x_wconf 78' lang='grc' dir='ltr'>μὲν</span> <span class='ocrx_word' id='word_1_61' title='bbox 165 755 246 805; x_wconf 77' lang='grc' dir='ltr'>οὖν</span> <span class='ocrx_word' id='word_1_62' title='bbox 273 753 348 805; x_wconf 80' lang='grc' dir='ltr'>διὰ</span> <span class='ocrx_word' id='word_1_63' title='bbox 374 756 456 817; x_wconf 82' lang='grc' dir='ltr'>τῆς</span> <span class='ocrx_word' id='word_1_64' title='bbox 478 753 617 804; x_wconf 72' lang='grc' dir='ltr'>’Ἅννα</span> <span class='ocrx_word' id='word_1_65' title='bbox 644 752 934 818; x_wconf 82' lang='grc' dir='ltr'>δυστεχνίας,</span> <span class='ocrx_word' id='word_1_66' title='bbox 963 753 1038 801; x_wconf 81' lang='grc' dir='ltr'>καὶ</span> <span class='ocrx_word' id='word_1_67' title='bbox 1074 754 1156 815; x_wconf 87' lang='grc' dir='ltr'>τῆς</span> <span class='ocrx_word' id='word_1_68' title='bbox 1183 750 1439 817; x_wconf 78' lang='grc' dir='ltr'>ὑπουργίας</span> <span class='ocrx_word' id='word_1_69' title='bbox 1466 754 1560 801; x_wconf 82' lang='grc' dir='ltr'>τῶν</span> <span class='ocrx_word' id='word_1_70' title='bbox 1587 754 1649 803; x_wconf 79' lang='grc' dir='ltr'>εἰς</span> 
     </span>
     <span class='ocr_line' id='line_1_9' title="bbox 55 831 1649 900; baseline -0.001 -14"><span class='ocrx_word' id='word_1_71' title='bbox 55 842 195 887; x_wconf 83' lang='grc' dir='ltr'>τοῦτο</span> <span class='ocrx_word' id='word_1_72' title='bbox 233 834 616 900; x_wconf 75' lang='grc' dir='ltr'>μεμισθωμένων,</span> <span class='ocrx_word' id='word_1_73' title='bbox 647 833 701 885; x_wconf 81' lang='grc' dir='ltr'>τὸ</span> <span class='ocrx_word' id='word_1_74' title='bbox 741 832 863 900; x_wconf 81' lang='grc' dir='ltr'>ἱερόν</span> <span class='ocrx_word' id='word_1_75' title='bbox 888 856 938 884; x_wconf 90' lang='grc' dir='ltr'>τε</span> <span class='ocrx_word' id='word_1_76' title='bbox 977 835 1052 884; x_wconf 79' lang='grc' dir='ltr'>καὶ</span> <span class='ocrx_word' id='word_1_77' title='bbox 1092 831 1228 898; x_wconf 80' lang='grc' dir='ltr'>ἅγιον</span> <span class='ocrx_word' id='word_1_78' title='bbox 1267 837 1405 895; x_wconf 79' lang='grc' dir='ltr'>θῦμα,</span> <span class='ocrx_word' id='word_1_79' title='bbox 1433 832 1649 884; x_wconf 74' lang='grc' dir='ltr'>τουτέστι</span> 
     </span>
     <span class='ocr_line' id='line_1_10' title="bbox 56 914 1689 985; baseline -0.001 -16"><span class='ocrx_word' id='word_1_80' title='bbox 56 917 283 985; x_wconf 81' lang='grc' dir='ltr'>Χριστὸς,</span> <span class='ocrx_word' id='word_1_81' title='bbox 311 917 495 984; x_wconf 81' lang='grc' dir='ltr'>ἀρκύων</span> <span class='ocrx_word' id='word_1_82' title='bbox 521 916 569 968; x_wconf 83' lang='grc' dir='ltr'>δὲ</span> <span class='ocrx_word' id='word_1_83' title='bbox 601 916 715 967; x_wconf 81' lang='grc' dir='ltr'>ε’ίσω</span> <span class='ocrx_word' id='word_1_84' title='bbox 748 914 1130 979; x_wconf 77' lang='grc' dir='ltr'>κατειλημμένος,</span> <span class='ocrx_word' id='word_1_85' title='bbox 1157 916 1231 966; x_wconf 81' lang='grc' dir='ltr'>ἐπὶ</span> <span class='ocrx_word' id='word_1_86' title='bbox 1262 915 1345 966; x_wconf 85' lang='grc' dir='ltr'>τὸν</span> <span class='ocrx_word' id='word_1_87' title='bbox 1371 918 1454 979; x_wconf 81' lang='grc' dir='ltr'>τῆς</span> <span class='ocrx_word' id='word_1_88' title='bbox 1488 916 1648 966; x_wconf 85' lang='grc' dir='ltr'>ἀδίκου</span> <span class='ocrx_word' id='word_1_89' title='bbox 1667 939 1689 967; x_wconf 89' lang='lat' dir='ltr'>c</span> 
     </span>
     <span class='ocr_line' id='line_1_11' title="bbox 0 997 1649 1069; baseline -0.002 -17"><span class='ocrx_word' id='word_1_90' title='bbox 0 1029 38 1054; x_wconf 80' lang='lat'>:0</span> <span class='ocrx_word' id='word_1_91' title='bbox 57 1004 255 1069; x_wconf 82' lang='grc' dir='ltr'>σφαγῆς</span> <span class='ocrx_word' id='word_1_92' title='bbox 304 1000 467 1067; x_wconf 80' lang='grc' dir='ltr'>ἄγεται</span> <span class='ocrx_word' id='word_1_93' title='bbox 516 999 760 1069; x_wconf 75' lang='grc' dir='ltr'>πρόξενον,</span> <span class='ocrx_word' id='word_1_94' title='bbox 807 997 909 1062; x_wconf 74' lang='grc' dir='ltr'>ἤτοι</span> <span class='ocrx_word' id='word_1_95' title='bbox 959 997 1248 1063; x_wconf 87' lang='grc' dir='ltr'>καθηγητήν·</span> <span class='ocrx_word' id='word_1_96' title='bbox 1323 997 1548 1067; x_wconf 73' lang='grc' dir='ltr'>Καϊάφας</span> <span class='ocrx_word' id='word_1_97' title='bbox 1601 997 1649 1049; x_wconf 80' lang='grc' dir='ltr'>δὲ</span> 
     </span>
     <span class='ocr_line' id='line_1_12' title="bbox 57 1080 1649 1151; baseline -0.002 -17"><span class='ocrx_word' id='word_1_98' title='bbox 57 1083 192 1138; x_wconf 76' lang='grc' dir='ltr'>οὗτος</span> <span class='ocrx_word' id='word_1_99' title='bbox 218 1082 288 1147; x_wconf 78' lang='grc' dir='ltr'>ἦν,</span> <span class='ocrx_word' id='word_1_100' title='bbox 310 1083 458 1134; x_wconf 92' lang='grc' dir='ltr'>καίτοι</span> <span class='ocrx_word' id='word_1_101' title='bbox 484 1087 542 1151; x_wconf 83' lang='grc' dir='ltr'>τῇ</span> <span class='ocrx_word' id='word_1_102' title='bbox 567 1086 651 1147; x_wconf 84' lang='grc' dir='ltr'>τῆς</span> <span class='ocrx_word' id='word_1_103' title='bbox 678 1080 934 1147; x_wconf 83' lang='grc' dir='ltr'>ἱερωσύνης</span> <span class='ocrx_word' id='word_1_104' title='bbox 961 1081 1331 1144; x_wconf 78' lang='grc' dir='ltr'>κατεστεμμένος</span> <span class='ocrx_word' id='word_1_105' title='bbox 1357 1081 1529 1148; x_wconf 84' lang='grc' dir='ltr'>χάριτι.</span> <span class='ocrx_word' id='word_1_106' title='bbox 1573 1085 1649 1132; x_wconf 86' lang='grc' dir='ltr'>καὶ</span> 
     </span>
     <span class='ocr_line' id='line_1_13' title="bbox 57 1162 1650 1235; baseline -0.003 -18"><span class='ocrx_word' id='word_1_107' title='bbox 57 1164 190 1235; x_wconf 76' lang='grc' dir='ltr'>λόγῳ</span> <span class='ocrx_word' id='word_1_108' title='bbox 229 1165 313 1230; x_wconf 80' lang='grc' dir='ltr'>μὲν</span> <span class='ocrx_word' id='word_1_109' title='bbox 345 1167 560 1235; x_wconf 88' lang='grc' dir='ltr'>φαίνεται</span> <span class='ocrx_word' id='word_1_110' title='bbox 594 1164 833 1233; x_wconf 75' lang='grc' dir='ltr'>κατάρξας</span> <span class='ocrx_word' id='word_1_111' title='bbox 871 1162 1010 1217; x_wconf 78' lang='grc' dir='ltr'>αὐτὸς</span> <span class='ocrx_word' id='word_1_112' title='bbox 1036 1166 1119 1227; x_wconf 76' lang='grc' dir='ltr'>τῆς·</span> <span class='ocrx_word' id='word_1_113' title='bbox 1145 1164 1431 1232; x_wconf 86' lang='grc' dir='ltr'>μιαιφονίας,</span> <span class='ocrx_word' id='word_1_114' title='bbox 1457 1164 1650 1230; x_wconf 81' lang='grc' dir='ltr'>ἀπαρχὴ</span> 
     </span>
     <span class='ocr_line' id='line_1_14' title="bbox 59 1244 1652 1313; baseline -0.002 -14"><span class='ocrx_word' id='word_1_115' title='bbox 59 1246 108 1299; x_wconf 77' lang='grc' dir='ltr'>δὲ</span> <span class='ocrx_word' id='word_1_116' title='bbox 149 1250 224 1299; x_wconf 83' lang='grc' dir='ltr'>καὶ</span> <span class='ocrx_word' id='word_1_117' title='bbox 259 1249 402 1299; x_wconf 83' lang='grc' dir='ltr'>αὐτοῦ</span> <span class='ocrx_word' id='word_1_118' title='bbox 441 1248 611 1300; x_wconf 69' lang='grc' dir='ltr'>λοιπὸν</span> <span class='ocrx_word' id='word_1_119' title='bbox 649 1247 795 1300; x_wconf 77' lang='grc' dir='ltr'>ἁλοὺς</span> <span class='ocrx_word' id='word_1_120' title='bbox 835 1252 918 1297; x_wconf 85' lang='grc' dir='ltr'>τοῦ</span> <span class='ocrx_word' id='word_1_121' title='bbox 959 1244 1279 1310; x_wconf 87' lang='grc' dir='ltr'>τολμήματος.</span> <span class='ocrx_word' id='word_1_122' title='bbox 1337 1246 1516 1313; x_wconf 84' lang='grc' dir='ltr'>δέχεται</span> <span class='ocrx_word' id='word_1_123' title='bbox 1558 1245 1652 1312; x_wconf 79' lang='grc' dir='ltr'>γὰρ</span> 
     </span>
     <span class='ocr_line' id='line_1_15' title="bbox 59 1327 1654 1395; baseline -0.001 -14"><span class='ocrx_word' id='word_1_124' title='bbox 59 1331 300 1394; x_wconf 71' lang='grc' dir='ltr'>δεδεμένον</span> <span class='ocrx_word' id='word_1_125' title='bbox 337 1329 420 1382; x_wconf 80' lang='grc' dir='ltr'>τὸν</span> <span class='ocrx_word' id='word_1_126' title='bbox 449 1331 655 1395; x_wconf 83' lang='grc' dir='ltr'>Ἰησοῦν,</span> <span class='ocrx_word' id='word_1_127' title='bbox 688 1331 763 1380; x_wconf 77' lang='grc' dir='ltr'>καὶ</span> <span class='ocrx_word' id='word_1_128' title='bbox 801 1327 984 1394; x_wconf 77' lang='grc' dir='ltr'>καρπὸν</span> <span class='ocrx_word' id='word_1_129' title='bbox 1022 1327 1186 1394; x_wconf 79' lang='grc' dir='ltr'>ὥσπερ</span> <span class='ocrx_word' id='word_1_130' title='bbox 1224 1327 1328 1379; x_wconf 79' lang='grc' dir='ltr'>τινὰ</span> <span class='ocrx_word' id='word_1_131' title='bbox 1367 1331 1450 1392; x_wconf 83' lang='grc' dir='ltr'>τῆς</span> <span class='ocrx_word' id='word_1_132' title='bbox 1488 1330 1654 1380; x_wconf 85' lang='grc' dir='ltr'>ἑαυτοῦ</span> 
     </span>
     <span class='ocr_line' id='line_1_16' title="bbox 0 1409 1651 1476; baseline -0.004 -10"><span class='ocrx_word' id='word_1_133' title='bbox 0 1437 40 1476; x_wconf 78' lang='grc'>[5</span> <span class='ocrx_word' id='word_1_134' title='bbox 61 1415 342 1476; x_wconf 78' lang='grc' dir='ltr'>συμβουλῆς</span> <span class='ocrx_word' id='word_1_135' title='bbox 379 1415 454 1463; x_wconf 80' lang='grc' dir='ltr'>καὶ</span> <span class='ocrx_word' id='word_1_136' title='bbox 488 1417 584 1464; x_wconf 83' lang='grc' dir='ltr'>τῶν</span> <span class='ocrx_word' id='word_1_137' title='bbox 623 1412 831 1463; x_wconf 86' lang='grc' dir='ltr'>ἀνοσίων</span> <span class='ocrx_word' id='word_1_138' title='bbox 869 1411 1154 1475; x_wconf 84' lang='grc' dir='ltr'>σκεμμάτων</span> <span class='ocrx_word' id='word_1_139' title='bbox 1189 1411 1213 1460; x_wconf 83' lang='grc' dir='ltr'><em>ὁ</em></span> <span class='ocrx_word' id='word_1_140' title='bbox 1250 1411 1451 1464; x_wconf 88' lang='grc' dir='ltr'>δείλαιος</span> <span class='ocrx_word' id='word_1_141' title='bbox 1487 1409 1651 1474; x_wconf 87' lang='grc' dir='ltr'>ἐποιή-</span> 
     </span>
     <span class='ocr_line' id='line_1_17' title="bbox 61 1492 1655 1557; baseline -0.001 -13"><span class='ocrx_word' id='word_1_142' title='bbox 61 1517 185 1545; x_wconf 88' lang='grc' dir='ltr'>σατο</span> <span class='ocrx_word' id='word_1_143' title='bbox 235 1493 289 1545; x_wconf 79' lang='grc' dir='ltr'>τὸ</span> <span class='ocrx_word' id='word_1_144' title='bbox 340 1492 532 1547; x_wconf 87' lang='grc' dir='ltr'>πάντων</span> <span class='ocrx_word' id='word_1_145' title='bbox 584 1494 655 1546; x_wconf 80' lang='grc' dir='ltr'>ὅτι</span> <span class='ocrx_word' id='word_1_146' title='bbox 710 1493 927 1557; x_wconf 87' lang='grc' dir='ltr'>μάλιστα</span> <span class='ocrx_word' id='word_1_147' title='bbox 976 1498 1071 1544; x_wconf 79' lang='grc' dir='ltr'>τῶν</span> <span class='ocrx_word' id='word_1_148' title='bbox 1123 1497 1279 1544; x_wconf 81' lang='grc' dir='ltr'>κακῶν</span> <span class='ocrx_word' id='word_1_149' title='bbox 1330 1493 1655 1543; x_wconf 82' lang='grc' dir='ltr'>ἀνοσιώτατον</span> 
     </span>
     <span class='ocr_line' id='line_1_18' title="bbox 61 1573 1653 1644; baseline -0.001 -17"><span class='ocrx_word' id='word_1_150' title='bbox 61 1579 233 1643; x_wconf 83' lang='grc' dir='ltr'>δρᾶμα.</span> <span class='ocrx_word' id='word_1_151' title='bbox 283 1578 332 1628; x_wconf 91' lang='grc' dir='ltr'>τί</span> <span class='ocrx_word' id='word_1_152' title='bbox 367 1577 461 1644; x_wconf 80' lang='grc' dir='ltr'>γὰρ</span> <span class='ocrx_word' id='word_1_153' title='bbox 496 1577 554 1628; x_wconf 80' lang='grc' dir='ltr'>ἂν</span> <span class='ocrx_word' id='word_1_154' title='bbox 592 1576 769 1643; x_wconf 89' lang='grc' dir='ltr'>γένοιτο</span> <span class='ocrx_word' id='word_1_155' title='bbox 809 1579 893 1641; x_wconf 84' lang='grc' dir='ltr'>τῆς</span> <span class='ocrx_word' id='word_1_156' title='bbox 931 1578 1004 1627; x_wconf 83' lang='grc' dir='ltr'>ἐπὶ</span> <span class='ocrx_word' id='word_1_157' title='bbox 1039 1577 1240 1644; x_wconf 73' lang='grc' dir='ltr'>Χριστῷ</span> <span class='ocrx_word' id='word_1_158' title='bbox 1276 1576 1561 1635; x_wconf 77' lang='grc' dir='ltr'>δυσσεβείας</span> <span class='ocrx_word' id='word_1_159' title='bbox 1599 1573 1653 1626; x_wconf 83' lang='grc' dir='ltr'>τὸ</span> 
     </span>
     <span class='ocr_line' id='line_1_19' title="bbox 62 1659 476 1728; baseline 0 -17"><span class='ocrx_word' id='word_1_160' title='bbox 62 1659 446 1728; x_wconf 84' lang='grc' dir='ltr'>δυσαχθέστερον</span> <span class='ocrx_word' id='word_1_161' title='bbox 463 1682 476 1722; x_wconf 84' lang='lat'>3</span> 
     </span>
     <span class='ocr_line' id='line_1_20' title="bbox 1678 1780 1705 1821; baseline 0 0"><span class='ocrx_word' id='word_1_162' title='bbox 1678 1780 1705 1821; x_wconf 91' lang='lat' dir='ltr'>d</span> 
     </span>
    </p>
   </div>
   <div class='ocr_carea' id='block_1_3' title="bbox 56 1835 1728 1896">
    <p class='ocr_par' dir='ltr' id='par_1_3' title="bbox 56 1835 1728 1896">
     <span class='ocr_line' id='line_1_21' title="bbox 56 1835 1728 1896; baseline -0.002 -16"><span class='ocrx_word' id='word_1_163' title='bbox 56 1838 317 1881; x_wconf 82' lang='grc' dir='ltr'>Ἠκολούθει</span> <span class='ocrx_word' id='word_1_164' title='bbox 357 1839 403 1882; x_wconf 73' lang='grc' dir='ltr'>δὲ</span> <span class='ocrx_word' id='word_1_165' title='bbox 444 1841 505 1894; x_wconf 80' lang='grc' dir='ltr'>τῷ</span> <span class='ocrx_word' id='word_1_166' title='bbox 537 1840 680 1882; x_wconf 76' lang='grc' dir='ltr'>ἸΗσοῡ</span> <span class='ocrx_word' id='word_1_167' title='bbox 720 1839 866 1889; x_wconf 79' lang='grc' dir='ltr'>Σίμων</span> <span class='ocrx_word' id='word_1_168' title='bbox 904 1839 1069 1896; x_wconf 70' lang='grc' dir='ltr'>Πέτρος</span> <span class='ocrx_word' id='word_1_169' title='bbox 1108 1838 1177 1879; x_wconf 76' lang='grc' dir='ltr'>καὶ</span> <span class='ocrx_word' id='word_1_170' title='bbox 1213 1839 1236 1881; x_wconf 85' lang='grc' dir='ltr'>ὁ</span> <span class='ocrx_word' id='word_1_171' title='bbox 1275 1837 1409 1879; x_wconf 67' lang='grc' dir='ltr'>ἄλλος</span> <span class='ocrx_word' id='word_1_172' title='bbox 1447 1835 1655 1886; x_wconf 52' lang='grc' dir='ltr'>μοιΘΗτείε.</span> <span class='ocrx_word' id='word_1_173' title='bbox 1682 1849 1728 1888; x_wconf 88' lang='lat'>15</span> 
     </span>
    </p>
   </div>
   <div class='ocr_carea' id='block_1_4' title="bbox 0 1951 1886 2839">
    <p class='ocr_par' dir='ltr' id='par_1_4' title="bbox 0 1951 1660 2346">
     <span class='ocr_line' id='line_1_22' title="bbox 0 1951 1657 2022; baseline -0.002 -18"><span class='ocrx_word' id='word_1_174' title='bbox 0 1979 45 2005; x_wconf 82' lang='lat'>20</span> <span class='ocrx_word' id='word_1_175' title='bbox 140 1953 558 2018; x_wconf 85' lang='grc' dir='ltr'>Κατεπτοημένων,</span> <span class='ocrx_word' id='word_1_176' title='bbox 600 1956 662 2008; x_wconf 85' lang='grc' dir='ltr'>ὡς</span> <span class='ocrx_word' id='word_1_177' title='bbox 702 1953 931 2022; x_wconf 89' lang='grc' dir='ltr'>φαίνεται,</span> <span class='ocrx_word' id='word_1_178' title='bbox 972 1957 1067 2004; x_wconf 83' lang='grc' dir='ltr'>τῶν</span> <span class='ocrx_word' id='word_1_179' title='bbox 1106 1952 1274 2018; x_wconf 83' lang='grc' dir='ltr'>ἑτέρων</span> <span class='ocrx_word' id='word_1_180' title='bbox 1315 1955 1541 2015; x_wconf 83' lang='grc' dir='ltr'>μαθητῶν</span> <span class='ocrx_word' id='word_1_181' title='bbox 1581 1951 1657 2000; x_wconf 78' lang='grc' dir='ltr'>καὶ</span> 
     </span>
     <span class='ocr_line' id='line_1_23' title="bbox 63 2031 1657 2105; baseline -0.003 -18"><span class='ocrx_word' id='word_1_182' title='bbox 63 2035 149 2101; x_wconf 74' lang='grc' dir='ltr'>τὴν</span> <span class='ocrx_word' id='word_1_183' title='bbox 179 2036 444 2102; x_wconf 90' lang='grc' dir='ltr'>παραυτίκα</span> <span class='ocrx_word' id='word_1_184' title='bbox 484 2041 577 2088; x_wconf 84' lang='grc' dir='ltr'>τῶν</span> <span class='ocrx_word' id='word_1_185' title='bbox 617 2036 872 2105; x_wconf 84' lang='grc' dir='ltr'>φονώντων</span> <span class='ocrx_word' id='word_1_186' title='bbox 911 2033 1341 2102; x_wconf 86' lang='grc' dir='ltr'>διαδιδρασκόντων</span> <span class='ocrx_word' id='word_1_187' title='bbox 1379 2031 1540 2099; x_wconf 83' lang='grc' dir='ltr'>ὀργὴν,</span> <span class='ocrx_word' id='word_1_188' title='bbox 1573 2034 1657 2096; x_wconf 84' lang='grc' dir='ltr'>τῆς</span> 
     </span>
     <span class='ocr_line' id='line_1_24' title="bbox 65 2114 1652 2187; baseline -0.003 -18"><span class='ocrx_word' id='word_1_189' title='bbox 65 2122 126 2172; x_wconf 77' lang='grc' dir='ltr'>εἷς</span> <span class='ocrx_word' id='word_1_190' title='bbox 153 2117 370 2185; x_wconf 81' lang='grc' dir='ltr'>Χριστὸν</span> <span class='ocrx_word' id='word_1_191' title='bbox 397 2117 584 2183; x_wconf 83' lang='grc' dir='ltr'>ἀγάπης</span> <span class='ocrx_word' id='word_1_192' title='bbox 611 2120 635 2170; x_wconf 85' lang='grc' dir='ltr'>ὁ</span> <span class='ocrx_word' id='word_1_193' title='bbox 666 2117 823 2187; x_wconf 72' lang='grc' dir='ltr'>Πέτρος</span> <span class='ocrx_word' id='word_1_194' title='bbox 854 2118 1074 2187; x_wconf 79' lang='grc' dir='ltr'>ἐξέχεται,</span> <span class='ocrx_word' id='word_1_195' title='bbox 1103 2116 1396 2182; x_wconf 85' lang='grc' dir='ltr'>θερμοτέροις</span> <span class='ocrx_word' id='word_1_196' title='bbox 1423 2116 1491 2165; x_wconf 76' lang='grc' dir='ltr'>ἀεὶ</span> <span class='ocrx_word' id='word_1_197' title='bbox 1524 2114 1652 2179; x_wconf 78' lang='grc' dir='ltr'>κινή-</span> 
     </span>
     <span class='ocr_line' id='line_1_25' title="bbox 66 2195 1659 2268; baseline -0.003 -18"><span class='ocrx_word' id='word_1_198' title='bbox 66 2223 187 2264; x_wconf 89' lang='grc' dir='ltr'>μασι</span> <span class='ocrx_word' id='word_1_199' title='bbox 225 2199 343 2265; x_wconf 80' lang='grc' dir='ltr'>πρὸς</span> <span class='ocrx_word' id='word_1_200' title='bbox 380 2206 519 2250; x_wconf 82' lang='grc' dir='ltr'>τοῦτο</span> <span class='ocrx_word' id='word_1_201' title='bbox 563 2200 765 2266; x_wconf 71' lang='grc' dir='ltr'>βαδίζων</span> <span class='ocrx_word' id='word_1_202' title='bbox 805 2202 880 2251; x_wconf 81' lang='grc' dir='ltr'>καὶ</span> <span class='ocrx_word' id='word_1_203' title='bbox 918 2198 1260 2268; x_wconf 72' lang='grc' dir='ltr'>ῥιψοκινδύνως</span> <span class='ocrx_word' id='word_1_204' title='bbox 1300 2195 1543 2259; x_wconf 78' lang='grc' dir='ltr'>ἀκολουθεῖ,</span> <span class='ocrx_word' id='word_1_205' title='bbox 1583 2197 1659 2247; x_wconf 80' lang='grc' dir='ltr'>καὶ</span> 
     </span>
     <span class='ocr_line' id='line_1_26' title="bbox 67 2277 1660 2346; baseline -0.003 -13"><span class='ocrx_word' id='word_1_206' title='bbox 67 2281 121 2333; x_wconf 82' lang='grc' dir='ltr'>τὸ</span> <span class='ocrx_word' id='word_1_207' title='bbox 166 2285 261 2332; x_wconf 81' lang='grc' dir='ltr'>τῶν</span> <span class='ocrx_word' id='word_1_208' title='bbox 297 2281 630 2345; x_wconf 85' lang='grc' dir='ltr'>ἐκβησομένων</span> <span class='ocrx_word' id='word_1_209' title='bbox 671 2281 1047 2333; x_wconf 88' lang='grc' dir='ltr'>κατασκέπτεται</span> <span class='ocrx_word' id='word_1_210' title='bbox 1091 2279 1249 2346; x_wconf 85' lang='grc' dir='ltr'>πέρας,</span> <span class='ocrx_word' id='word_1_211' title='bbox 1290 2277 1571 2332; x_wconf 87' lang='grc' dir='ltr'>συνθεόντός</span> <span class='ocrx_word' id='word_1_212' title='bbox 1611 2301 1660 2329; x_wconf 87' lang='grc' dir='ltr'>τε</span> 
     </span>
    </p>

    <p class='ocr_par' dir='ltr' id='par_1_5' title="bbox 0 2361 1662 2761">
     <span class='ocr_line' id='line_1_27' title="bbox 0 2361 1661 2433; baseline -0.001 -18"><span class='ocrx_word' id='word_1_213' title='bbox 0 2387 47 2426; x_wconf 86' lang='lat'>25</span> <span class='ocrx_word' id='word_1_214' title='bbox 68 2364 193 2433; x_wconf 75' lang='grc' dir='ltr'>αὐτῷ</span> <span class='ocrx_word' id='word_1_215' title='bbox 231 2365 306 2414; x_wconf 80' lang='grc' dir='ltr'>καὶ</span> <span class='ocrx_word' id='word_1_216' title='bbox 346 2362 420 2415; x_wconf 76' lang='grc' dir='ltr'>διὰ</span> <span class='ocrx_word' id='word_1_217' title='bbox 459 2367 540 2427; x_wconf 83' lang='grc' dir='ltr'>τῆς</span> <span class='ocrx_word' id='word_1_218' title='bbox 579 2363 688 2427; x_wconf 84' lang='grc' dir='ltr'>’ίσης</span> <span class='ocrx_word' id='word_1_219' title='bbox 726 2364 974 2427; x_wconf 81' lang='grc' dir='ltr'>εὐτολμίας</span> <span class='ocrx_word' id='word_1_220' title='bbox 1014 2366 1077 2416; x_wconf 75' lang='grc' dir='ltr'>εἷς</span> <span class='ocrx_word' id='word_1_221' title='bbox 1117 2363 1282 2424; x_wconf 84' lang='grc' dir='ltr'>ὁμοίαν</span> <span class='ocrx_word' id='word_1_222' title='bbox 1321 2361 1661 2422; x_wconf 72' lang='grc' dir='ltr'>ἀναβαίνοντος</span> 
     </span>
     <span class='ocr_line' id='line_1_28' title="bbox 67 2443 1662 2515; baseline -0.002 -18"><span class='ocrx_word' id='word_1_223' title='bbox 67 2446 165 2515; x_wconf 74' lang='grc' dir='ltr'>ἕξιν</span> <span class='ocrx_word' id='word_1_224' title='bbox 197 2451 280 2497; x_wconf 85' lang='grc' dir='ltr'>τοῦ</span> <span class='ocrx_word' id='word_1_225' title='bbox 305 2446 461 2513; x_wconf 84' lang='grc' dir='ltr'>ἑτέρου</span> <span class='ocrx_word' id='word_1_226' title='bbox 493 2445 713 2513; x_wconf 80' lang='grc' dir='ltr'>μαθητοῦ·</span> <span class='ocrx_word' id='word_1_227' title='bbox 768 2446 989 2511; x_wconf 85' lang='grc' dir='ltr'>Ἰωάννης</span> <span class='ocrx_word' id='word_1_228' title='bbox 1017 2444 1065 2496; x_wconf 80' lang='grc' dir='ltr'>δὲ</span> <span class='ocrx_word' id='word_1_229' title='bbox 1097 2444 1231 2498; x_wconf 75' lang='grc' dir='ltr'>οὗτος</span> <span class='ocrx_word' id='word_1_230' title='bbox 1261 2443 1331 2509; x_wconf 79' lang='grc' dir='ltr'>ἦν,</span> <span class='ocrx_word' id='word_1_231' title='bbox 1360 2445 1385 2494; x_wconf 83' lang='grc' dir='ltr'>ὁ</span> <span class='ocrx_word' id='word_1_232' title='bbox 1413 2445 1546 2494; x_wconf 79' lang='grc' dir='ltr'>τοῦδε</span> <span class='ocrx_word' id='word_1_233' title='bbox 1579 2448 1662 2494; x_wconf 84' lang='grc' dir='ltr'>τοῦ</span> 
     </span>
     <span class='ocr_line' id='line_1_29' title="bbox 68 2524 1661 2598; baseline -0.003 -19"><span class='ocrx_word' id='word_1_234' title='bbox 68 2527 192 2579; x_wconf 87' lang='grc' dir='ltr'>θείου</span> <span class='ocrx_word' id='word_1_235' title='bbox 239 2527 618 2594; x_wconf 87' lang='grc' dir='ltr'>συγγράμματος</span> <span class='ocrx_word' id='word_1_236' title='bbox 670 2529 898 2598; x_wconf 85' lang='grc' dir='ltr'>θεοφιλὴς</span> <span class='ocrx_word' id='word_1_237' title='bbox 942 2527 1088 2581; x_wconf 77' lang='grc' dir='ltr'>ὅντως</span> <span class='ocrx_word' id='word_1_238' title='bbox 1133 2526 1428 2593; x_wconf 78' lang='grc' dir='ltr'>δημιουργός.</span> <span class='ocrx_word' id='word_1_239' title='bbox 1496 2524 1661 2577; x_wconf 77' lang='grc' dir='ltr'>ἑαυτὸν</span> 
     </span>
     <span class='ocr_line' id='line_1_30' title="bbox 67 2608 1660 2679; baseline 0.001 -19"><span class='ocrx_word' id='word_1_240' title='bbox 67 2609 162 2676; x_wconf 79' lang='grc' dir='ltr'>γὰρ</span> <span class='ocrx_word' id='word_1_241' title='bbox 188 2608 306 2661; x_wconf 78' lang='grc' dir='ltr'>εἶναί</span> <span class='ocrx_word' id='word_1_242' title='bbox 327 2615 451 2679; x_wconf 88' lang='grc' dir='ltr'>φησι</span> <span class='ocrx_word' id='word_1_243' title='bbox 483 2609 565 2661; x_wconf 78' lang='grc' dir='ltr'>τὸν</span> <span class='ocrx_word' id='word_1_244' title='bbox 593 2610 749 2677; x_wconf 81' lang='grc' dir='ltr'>ἕτερον</span> <span class='ocrx_word' id='word_1_245' title='bbox 774 2610 989 2679; x_wconf 77' lang='grc' dir='ltr'>μαθητὴν,</span> <span class='ocrx_word' id='word_1_246' title='bbox 1016 2609 1228 2676; x_wconf 76' lang='grc' dir='ltr'>ὀνομάζει</span> <span class='ocrx_word' id='word_1_247' title='bbox 1253 2608 1301 2660; x_wconf 78' lang='grc' dir='ltr'>δὲ</span> <span class='ocrx_word' id='word_1_248' title='bbox 1328 2610 1411 2660; x_wconf 77' lang='grc' dir='ltr'>οὐκ</span> <span class='ocrx_word' id='word_1_249' title='bbox 1437 2610 1660 2674; x_wconf 80' lang='grc' dir='ltr'>ἐναργῶς,</span> 
     </span>
     <span class='ocr_line' id='line_1_31' title="bbox 69 2688 1660 2761; baseline -0.002 -19"><span class='ocrx_word' id='word_1_250' title='bbox 69 2693 390 2760; x_wconf 86' lang='grc' dir='ltr'>φιλοκομπίας</span> <span class='ocrx_word' id='word_1_251' title='bbox 435 2691 682 2761; x_wconf 78' lang='grc' dir='ltr'>ὑπόληψιν</span> <span class='ocrx_word' id='word_1_252' title='bbox 719 2693 1104 2759; x_wconf 88' lang='grc' dir='ltr'>παραιτούμενος,</span> <span class='ocrx_word' id='word_1_253' title='bbox 1145 2693 1221 2742; x_wconf 76' lang='grc' dir='ltr'>καὶ</span> <span class='ocrx_word' id='word_1_254' title='bbox 1260 2691 1314 2742; x_wconf 85' lang='grc' dir='ltr'>τὸ</span> <span class='ocrx_word' id='word_1_255' title='bbox 1354 2694 1505 2742; x_wconf 80' lang='grc' dir='ltr'>δοκεῖν</span> <span class='ocrx_word' id='word_1_256' title='bbox 1544 2688 1660 2741; x_wconf 76' lang='grc' dir='ltr'>εἶναι</span> 
     </span>
    </p>

    <p class='ocr_par' dir='ltr' id='par_1_6' title="bbox 1 2772 1886 2839">
     <span class='ocr_line' id='line_1_32' title="bbox 1 2772 1886 2839; baseline -0.002 -14"><span class='ocrx_word' id='word_1_257' title='bbox 1 2800 52 2836; x_wconf 84' lang='lat'>30</span> <span class='ocrx_word' id='word_1_258' title='bbox 69 2779 164 2825; x_wconf 85' lang='grc' dir='ltr'>τῶν</span> <span class='ocrx_word' id='word_1_259' title='bbox 189 2774 356 2826; x_wconf 79' lang='grc' dir='ltr'>ἄλλων</span> <span class='ocrx_word' id='word_1_260' title='bbox 382 2776 430 2826; x_wconf 88' lang='grc' dir='ltr'>ἐν</span> <span class='ocrx_word' id='word_1_261' title='bbox 455 2774 689 2839; x_wconf 84' lang='grc' dir='ltr'>ἀμείνοσι,</span> <span class='ocrx_word' id='word_1_262' title='bbox 719 2780 813 2827; x_wconf 84' lang='grc' dir='ltr'>τῶν</span> <span class='ocrx_word' id='word_1_263' title='bbox 842 2775 969 2826; x_wconf 78' lang='grc' dir='ltr'>ἰδίων</span> <span class='ocrx_word' id='word_1_264' title='bbox 1003 2772 1342 2838; x_wconf 87' lang='grc' dir='ltr'>ἐνθυμημάτων</span> <span class='ocrx_word' id='word_1_265' title='bbox 1369 2775 1431 2827; x_wconf 87' lang='grc' dir='ltr'>ὡς</span> <span class='ocrx_word' id='word_1_266' title='bbox 1466 2773 1653 2838; x_wconf 88' lang='grc' dir='ltr'>ποῤῥω-</span> <span class='ocrx_word' id='word_1_267' title='bbox 1679 2787 1886 2823; x_wconf 86' lang='lat' dir='ltr'><strong>a1022A.</strong></span> 
     </span>
    </p>
   </div>
   <div class='ocr_carea' id='block_1_5' title="bbox 122 2963 1613 3015">
    <p class='ocr_par' dir='ltr' id='par_1_7' title="bbox 122 2963 1613 3015">
     <span class='ocr_line' id='line_1_33' title="bbox 122 2963 1613 3015; baseline -0.005 -11"><span class='ocrx_word' id='word_1_268' title='bbox 122 2977 153 3013; x_wconf 90' lang='lat'>7.</span> <span class='ocrx_word' id='word_1_269' title='bbox 181 2967 255 3014; x_wconf 80' lang='grc' dir='ltr'>τῆς]</span> <span class='ocrx_word' id='word_1_270' title='bbox 279 2973 316 3010; x_wconf 78' lang='lat'>-†-</span> <span class='ocrx_word' id='word_1_271' title='bbox 337 2971 396 3003; x_wconf 85' lang='grc' dir='ltr'>τοῦ</span> <span class='ocrx_word' id='word_1_272' title='bbox 415 2969 481 3004; x_wconf 86' lang='lat' dir='ltr'>Ed.</span> <span class='ocrx_word' id='word_1_273' title='bbox 499 2970 609 3005; x_wconf 82' lang='lat' dir='ltr'>invito</span> <span class='ocrx_word' id='word_1_274' title='bbox 629 2970 670 3005; x_wconf 88' lang='grc' dir='ltr'>Ε.</span> <span class='ocrx_word' id='word_1_275' title='bbox 803 2972 836 3005; x_wconf 85' lang='grc'>8.</span> <span class='ocrx_word' id='word_1_276' title='bbox 860 2968 1118 3015; x_wconf 83' lang='grc' dir='ltr'>μεμισθωμένον</span> <span class='ocrx_word' id='word_1_277' title='bbox 1137 2968 1177 3002; x_wconf 87' lang='grc' dir='ltr'>Ε.</span> <span class='ocrx_word' id='word_1_278' title='bbox 1302 2978 1356 3012; x_wconf 89' lang='lat'>19.</span> <span class='ocrx_word' id='word_1_279' title='bbox 1382 2963 1550 3008; x_wconf 77' lang='grc' dir='ltr'>ἡκολούθη</span> <span class='ocrx_word' id='word_1_280' title='bbox 1571 2963 1613 2997; x_wconf 85' lang='grc' dir='ltr'>Ε.</span> 
     </span>
    </p>
   </div>
  </div>
 </body>
</html>
