2012 3272
122 154 146 194 i.
171 157 206 195 8.
439 154 506 194 IN
548 152 889 194 EPISTOLAM
932 152 1013 192 AD
1058 151 1388 193 HEBRAEOS.
1622 152 1675 190 37

1680 152 1703 189 Q(

1731 216 1821 257 [¹09
1840 214 1916 255 Μ-]

375 328 489 384 Πρὸς
528 327 574 369 δὲ
612 328 685 369 τὸν
722 327 821 371 Υἷόν
852 328 906 369 ‘O
946 329 1097 385 θρόνος
1136 343 1224 378 σου,
1262 329 1284 367 ὁ
1321 326 1443 368 Θεόε.
1728 338 1748 369 8

197 453 309 503 Πῶς
353 451 434 500 οῦν
479 451 561 501 οὐκ
613 450 842 501 ἀσύνετον
888 452 964 501 καὶ
1013 449 1169 516 θρασὺ
1220 448 1274 499 τὸ
1321 447 1709 514 περιεργάζεσθαι

122 531 285 599 φύσιν,
313 531 368 581 δι’
396 532 450 596 ἧς
484 531 543 582 τὰ
581 531 737 583 πάντα
774 531 998 599 παρήχθη
1025 533 1143 598 πρὸς
1180 532 1397 600 ὕπαρξιν,
1423 530 1510 595 τὴν
1536 531 1709 598 χρόνου

121 613 297 667 παντὸς
337 614 701 680 πρεσβυτέραν;
761 613 989 680 γεγόνασι
1040 614 1133 680 γὰρ
1180 616 1233 664 δι’
1282 616 1437 677 αὐτῆς,
1481 616 1556 664 καὶ
1607 614 1711 664 ἔστι

81 719 103 757 5
123 695 214 762 πρὸ
245 695 422 749 παντὸς
457 700 621 749 αἰῶνος
648 697 672 746 ὁ
701 698 750 746 ἐκ
777 700 902 746 Θεοῦ
930 696 1121 762 Πατρὸς
1150 696 1322 762 Λόγος·
1375 697 1484 746 ἀλλ’
1515 699 1556 746 οἱ
1583 695 1707 746 πάν-

122 784 291 840 τολμοι
327 783 671 844 κατηγοροῦσιν
697 779 839 828 αὐτοῦ
877 777 931 828 τὸ
971 778 1207 845 νεώτερον,
1235 780 1310 828 καὶ
1346 778 1542 843 γενητὸν
1569 777 1712 828 αὐτὸν

123 857 242 910 εἶναι’
281 864 450 928 φασιν·
514 860 596 910 οὐκ
640 858 809 913 εἰδότες
854 859 924 910 ὅτι
969 865 1064 913 τοῖς
1110 866 1192 910 τοῦ
1233 861 1387 926 Ἁγίου
1436 859 1711 922 Πνεῦματος

123 942 451 1009 ἀντιφέρονται
492 939 668 1006 λόγοις·
727 943 781 991 δι’
823 942 965 992 αὐτοῦ
1003 940 1088 1005 μὲν
1132 941 1225 1008 γὰρ
1270 944 1560 1005 πεποιῆσθαι
1604 942 1709 995 τοῦς
1730 956 1913 997 Suprai.2.

123 1022 293 1077 αἶῶνάς
321 1028 475 1092 φασιν
500 1027 542 1074 οἱ
570 1029 830 1077 λαλοῦντες
856 1025 904 1074 ἐν
928 1023 1182 1087 Πνεῦματι·
1232 1027 1274 1075 οἱ
1300 1022 1348 1074 δὲ
1373 1022 1570 1088 γενητὸν
1597 1021 1711 1073 εἶναι

58 1136 106 1160 10
125 1105 486 1173 διισχυρίζονται
511 1104 594 1156 τὸν
613 1106 821 1157 ἐπέκεινα
848 1107 922 1156 καὶ
946 1112 1027 1157 νοῦ
1053 1108 1126 1157 καὶ
1155 1105 1317 1172 λόγου,
1337 1109 1412 1156 καὶ
1437 1105 1538 1156 οὐδ’
1567 1106 1709 1156 ἐκεῖνο

125 1187 337 1255 δέχονται
365 1187 483 1238 κατὰ
510 1193 634 1239 νοῦν·
689 1189 743 1238 οὐ
770 1186 863 1254 γὰρ
890 1190 937 1238 ἐν
961 1187 1118 1257 χρόνῳ
1144 1187 1310 1253 γε’γονε
1343 1186 1499 1254 πατὴρ
1524 1189 1548 1238 ὁ
1575 1187 1710 1250 Θεὸς,

125 1271 236 1320 ἀλλ’
264 1269 322 1334 ἧν
347 1270 420 1320 ἀεί
441 1292 490 1320 τε
518 1273 593 1320 καὶ
621 1270 669 1319 ἐν
704 1272 844 1337 ἀρχῇ·
892 1269 1058 1320 τούτου
1085 1270 1132 1321 δὲ
1164 1271 1310 1323 οὕτως
1349 1269 1550 1336 ἔχοντος,
1576 1268 1712 1320 πᾶσά
1729 1279 1804 1313 110
1826 1278 1887 1313 M·

124 1375 225 1405 πως
265 1350 446 1417 ἀνάγκη
488 1351 845 1420 συνυφεστοῖναι
872 1356 990 1402 νοεῖν
1015 1350 1098 1402 τὸν
1124 1351 1254 1414 Υὶὸν,
1290 1352 1365 1402 ἵνα
1407 1353 1482 1401 καὶ
1521 1353 1712 1414 ἀληθῶς

127 1432 314 1501 ὑπάρχῃ
350 1431 507 1497 πατὴρ
545 1434 570 1482 ό
602 1431 737 1486 Θεός.
795 1434 892 1484 ἐπεὶ
931 1433 1302 1495 διδασκέτωσαν,
1343 1437 1381 1483 εἰ
1409 1431 1568 1498 Λόγος
1610 1435 1713 1483 ἐστὶ

59 1540 107 1578 15
127 1521 208 1566 τοῦ
234 1513 425 1580 Πατρός
452 1516 476 1564 ὁ
503 1513 617 1568 Υἱὸς
643 1516 717 1564 καὶ
744 1516 896 1582 σοφία
923 1516 997 1564 καὶ
1029 1514 1221 1577 δύναμις
1257 1516 1333 1565 καὶ
1368 1513 1610 1582 χαρακτὴρ
1638 1517 1714 1565 καὶ

128 1596 425 1662 ἀπαύγασμα
471 1599 554 1659 τῆς
592 1595 904 1649 ὑποστάσεως
949 1597 1105 1657 αὐτοῦ,
1139 1601 1271 1650 ποῖος
1312 1594 1370 1659 ἧν
1411 1597 1503 1662 ἄρα
1547 1596 1714 1662 χρόνος

127 1679 233 1729 καθ’
269 1677 321 1728 ὃν
359 1676 417 1741 ἧν
455 1678 630 1744 ἄλογος
675 1679 700 1728 ὁ
742 1676 926 1743 Πατὴρ,
967 1678 1054 1744 οὐχ
1099 1676 1390 1745 ὑπάρχοντος
1436 1683 1520 1728 τοῦ
1558 1681 1710 1740 Υἱοῦ;

127 1759 244 1811 πότε
283 1759 330 1810 δὲ
368 1758 423 1824 ἧν
463 1759 571 1826 δίχα
601 1762 684 1822 τῆς
723 1762 887 1811 ἑαυτοῦ
926 1759 1103 1826 σοφίας
1143 1760 1171 1823 ἡ
1213 1762 1295 1823 τῆς
1337 1759 1514 1828 σοφίας
1547 1762 1714 1824 πηγή;

127 1840 241 1892 πότε
268 1839 316 1891 δὲ
343 1840 580 1904 δυνάμεως
606 1841 713 1908 δίχα
736 1863 747 1902 ;
789 1841 904 1893 πότε
932 1841 979 1891 δὲ
1007 1842 1090 1892 οὐκ
1115 1841 1173 1905 ἧν
1198 1843 1246 1892 ἐν
1274 1845 1384 1910 Θεῷ
1410 1840 1464 1891 τὸ
1491 1841 1713 1906 ἀπαύγα-

61 1954 110 1979 20
129 1945 234 1986 σμα
259 1925 341 1987 τῆς
368 1923 510 1991 δόξης
537 1924 710 1985 αὐτοῦς
752 1923 908 1987 ἢπῶς
948 1924 1029 1973 οὐκ
1067 1921 1123 1973 ἂν
1152 1923 1220 1988 εἴη
1257 1921 1350 1973 σὺν
1387 1923 1514 1991 αὐτῷ
1553 1946 1602 1973 τε
1641 1925 1717 1973 καὶ

128 2006 177 2055 ἐν
202 2006 328 2073 αὐτῷ
358 2008 575 2069 διηνεκῶς
613 2006 638 2055 ὃ
679 2004 922 2072 χαρακτὴρ
961 2006 1133 2067 αὐτοῦ;
1177 2009 1213 2055 εἰ
1239 2003 1324 2068 μὲν
1361 2005 1442 2055 οῦν
1478 2006 1526 2054 ἐν
1560 2004 1716 2074 χρόνῳ

128 2092 276 2137 ταῦτα
314 2086 518 2152 γέγονεν,
545 2087 627 2137 οὐκ
661 2086 718 2150 ἦν
744 2087 836 2152 ἄρα
871 2085 1028 2151 πατὴρ
1054 2091 1165 2152 πρὶν
1203 2086 1409 2151 γε’νηται,
1438 2086 1616 2151 ἄλογος
1656 2085 1715 2150 ἧν

130 2169 206 2218 καὶ
245 2167 443 2236 ἄσοφος,
482 2170 557 2218 καὶ
595 2167 736 2234 ἰσχὺν
774 2169 856 2218 οὐκ
897 2168 1031 2234 ἔχων,
1066 2166 1362 2234 χαρακτῆρός
1400 2190 1450 2217 τε
1491 2168 1600 2234 δίχα
1640 2169 1716 2217 καὶ

130 2248 521 2314 ἀπαυγάσματος.
592 2250 703 2299 ἀλλ’
747 2247 873 2312 οἶμαι
916 2255 1055 2299 τοῦτο
1103 2247 1217 2298 εἶναι
1262 2247 1496 2308 δυσσεβὲς
1532 2251 1717 2310 ἐννοεῖν,

65 2354 112 2393 25
132 2333 207 2381 καὶ
245 2334 325 2395 τῆς
367 2331 590 2381 ἀνωτάτω
631 2331 913 2392 δυσσεβείας
949 2330 1189 2398 ἀπόδειξιν
1234 2330 1343 2396 ἔχει·
1394 2331 1462 2380 ἀεὶ
1502 2329 1549 2380 δὲ
1595 2329 1652 2394 ἧν
1691 2331 1716 2380 ὁ

181 2508 213 2532 2.
240 2496 339 2534 Quae
364 2496 600 2542 sequebantur
622 2498 660 2532 in
686 2497 782 2531 Maio
806 2496 1129 2541 Ἀνοηταίνουσι-ὁ
1151 2496 1336 2542 χαρακτήρ,
1357 2503 1480 2542 utpote
1505 2509 1547 2531 ex
1572 2497 1717 2532 homilia

133 2543 320 2588 desumpta
336 2544 425 2577 inter
437 2544 661 2578 homiliarum
674 2544 870 2588 fragmenta
883 2544 1160 2578 collocabuntur.
1218 2543 1307 2589 πῶς]
1321 2547 1380 2578 τοῦ
1394 2545 1496 2578 αὐτοῦ
1509 2545 1546 2578 in
1559 2545 1716 2588 margine

132 2590 277 2634 apponit
292 2590 341 2628 b.‚
359 2590 521 2623 homiliae
539 2591 775 2635 fragmentum
793 2591 884 2624 finiri
908 2591 1080 2633 indicans,
1098 2591 1134 2624 in
1159 2591 1316 2634 margine
1342 2603 1386 2630 a.,
1404 2591 1524 2624 charta
1549 2592 1716 2625 crassiore

132 2642 264 2680 operto,
281 2636 349 2681 legi
366 2642 479 2680 potest
498 2637 558 2670 nil.
779 2649 813 2679 4.
839 2638 922 2681 ἕστη
941 2637 975 2671 b.
1198 2636 1231 2671 6.
1255 2637 1357 2671 αὐτὸν
1374 2634 1473 2681 εἶναι]
1494 2637 1594 2670 αὐτὸν
1613 2638 1716 2671 αὐτοῦ

134 2682 148 2727 (
159 2683 298 2716 ταύτὸν
322 2681 425 2726 εἶναι)
444 2683 477 2716 b.
507 2682 626 2728 [αὐτοῦ
652 2695 714 2727 pro
731 2680 815 2717 εἶναι
832 2695 905 2717 non
921 2695 1010 2723 raro,
1031 2683 1208 2727 exemplar
1225 2695 1330 2717 suum
1350 2684 1406 2716 vix
1424 2684 1556 2727 legens,
1576 2683 1717 2717 exhibet

133 2728 244 2763 codex
261 2728 316 2762 hic
335 2729 394 2768 b.;
421 2728 464 2763 de
488 2741 559 2774 quo
583 2741 698 2763 errore
722 2729 966 2763 animadvertit
985 2730 1114 2771 Maius,
1135 2729 1193 2764 Cr.
1213 2741 1364 2763 errorem
1390 2741 1465 2762 esse
1487 2730 1657 2774 opinans:
1683 2735 1718 2763 at

133 2774 180 2808 ita
198 2786 316 2809 revera
332 2774 385 2820 b.]
516 2787 548 2820 9.
574 2776 678 2809 αὐτοῦ
695 2787 758 2820 pro
776 2774 857 2810 εἶναι
875 2776 924 2815 b.‚
943 2775 1021 2809 vide
1038 2779 1159 2809 notam
1176 2775 1452 2820 praecedentem.
1584 2788 1638 2809 10.
1663 2776 1717 2808 καὶ

135 2823 193 2855 νοῦ
219 2821 271 2855 καὶ
296 2822 403 2866 λόγου
428 2832 459 2855 a.
485 2824 596 2855 καινοῦ
619 2823 727 2866 λόγου
744 2822 779 2856 b.
798 2822 851 2856 καὶ
868 2824 927 2856 νοῦ
943 2823 1050 2867 λόγον
1066 2822 1148 2867 (Sic)
1166 2821 1233 2857 Ed.
1285 2822 1409 2856 Statim
1435 2822 1488 2855 καὶ
1513 2822 1630 2855 omisit
1649 2821 1717 2854 Ed.

135 2865 205 2901 οὐδ’
223 2868 293 2902 a.b.
312 2868 389 2901 οὐδὲ
409 2866 467 2900 Cr.
485 2867 580 2901 unde
599 2867 729 2901 Maius.
806 2868 919 2902 ἐκείνω
937 2868 1017 2911 (sic)
1037 2868 1072 2903 b.
1305 2879 1361 2902 22.
1387 2868 1446 2901 οὐκ
1466 2866 1521 2912 ἧν]
1542 2868 1664 2900 οὐκοῦν
1680 2867 1716 2900 b.

136 2913 309 2958 γεγένηται
329 2914 469 2957 (forte-
479 2913 559 2957 πρίν
574 2928 614 2958 γε
630 2913 782 2959 γένηται)
796 2914 831 2949 b.
