2017 3252
291 111 367 144 614
827 109 1038 145 INDEX
1098 111 1339 147 RERUM.

288 230 409 277 Alapa
429 229 581 265 Christo
610 230 696 266 data
722 229 967 278 ignominiam
990 243 1055 278 per

343 300 537 341 peccatum
559 302 725 330 nostram
748 295 858 330 solvit
882 297 984 331 1026
1008 307 1038 330 e.

288 358 434 394 Altaria
454 359 527 394 duo
550 359 690 395 Christi
710 360 789 407 typi
812 361 903 396 391.

288 423 435 459 Altiora
474 424 655 459 curiosius
694 436 768 459 non
812 424 1053 459 scrutandum

344 490 416 524 471
442 501 473 529 c,
506 490 582 525 603
605 488 639 531 d,
672 488 720 523 iii.
743 490 832 530 469,
857 490 945 529 552,
976 489 1055 523 vide

342 552 576 594 Difficiliora‚
598 553 837 588 Abscondita.

290 620 309 635 ‘⁶
329 618 357 652 A
381 617 522 664 meipso
542 616 637 652 facio
658 617 749 652 nihil
764 616 782 630 '’
807 630 872 665 per
893 618 1052 653 illustra-

344 681 486 717 tionem
509 684 601 718 525.

288 746 411 782 Amen
438 746 541 782 laicis
566 748 851 794 pronuntiatum
882 747 1053 783 sacerdo-

342 816 423 846 tum
470 811 643 859 precibus
690 812 1054 848 consummationem

342 875 496 923 praebet
517 876 560 912 M
584 880 633 913 70
657 876 712 925 [p.
736 878 845 924 296}

289 938 410 975 Amor
429 940 548 976 virtus
568 941 709 989 optima
734 944 808 978 194
830 954 850 977 a
905 941 1054 977 Amoris

343 1009 400 1040 est
414 1004 572 1041 inimicis
587 1006 961 1054 persecutoribusque
980 1019 1053 1042 non

344 1070 532 1111 resistere,
555 1071 621 1106 sed
642 1071 782 1106 evitare
804 1072 879 1107 271
904 1083 932 1106 c.

288 1134 410 1169 Amor
429 1134 499 1170 Dei
519 1148 595 1170 non
615 1135 650 1170 in
673 1135 796 1171 verbis
824 1135 935 1171 meris
962 1148 1051 1171 con-

343 1204 417 1235 stat
449 1201 526 1236 807
548 1212 566 1235 c
582 1200 638 1236 de
677 1200 942 1235 mandatorum
977 1212 1053 1235 ser-

342 1264 442 1299 vatio
465 1266 541 1301 833
563 1277 584 1300 a
626 1265 799 1312 primum,
832 1265 868 1300 in
894 1265 1054 1312 proximi

342 1334 470 1364 tamen
492 1341 618 1365 amore
640 1329 829 1377 perficitur
851 1331 928 1366 888
950 1329 986 1365 d.

288 1393 407 1428 Amor
444 1393 632 1430 fraternus
669 1394 757 1430 facit
795 1399 837 1430 ut
876 1407 920 1430 ea
957 1406 1052 1442 quae

343 1457 418 1493 sint
464 1458 621 1494 aliorum
669 1471 892 1506 quaeramus
956 1461 1047 1500 842,

347 1526 423 1560 887
445 1536 465 1558 a
477 1523 500 1558 b
515 1523 539 1558 d
577 1523 708 1559 Amori
723 1523 888 1559 fraterno
902 1535 1051 1570 compa-

342 1594 423 1625 rata
442 1588 572 1623 mundi
592 1588 713 1636 gloria
732 1588 823 1623 nihil
848 1590 948 1624 1019
967 1600 987 1623 c
1000 1588 1037 1624 d.

290 1652 414 1690 Amor
435 1652 578 1689 Christi
607 1665 697 1701 erga
721 1666 789 1689 nos
811 1654 888 1690 883
911 1653 934 1688 d
969 1665 1051 1700 per-

341 1718 472 1760 fectus,
496 1718 576 1765 quis
599 1720 676 1754 886
700 1717 734 1760 d,
758 1719 835 1754 888
859 1731 891 1754 a.

288 1782 535 1819 Amorrhaeis
554 1782 780 1830 longanimis
801 1783 903 1819 Deus
925 1784 1001 1819 594
1020 1793 1052 1817 e.

286 1847 440 1894 Ἀνδρεία
459 1859 523 1883 seu
543 1859 656 1895 agere
677 1846 831 1883 viriliter
853 1850 929 1884 314
949 1861 979 1886 e.

289 1910 464 1960 Angelus
489 1924 626 1947 nomen
652 1924 727 1947 non
757 1924 905 1959 semper
925 1926 1053 1949 essen-

342 1977 444 2018 tiam,
474 1976 539 2012 sed
577 1975 793 2012 missionem
832 1976 970 2013 indicat
1002 1980 1047 2014 61

346 2041 369 2076 d
383 2053 416 2077 e.

289 2106 426 2153 Angeli
455 2106 598 2141 cultum
629 2105 832 2153 spiritalem
854 2106 935 2142 Deo
960 2107 1050 2142 offe-

341 2177 429 2206 runt
452 2172 527 2207 633
546 2183 565 2206 c
581 2170 605 2205 (1
648 2182 806 2218 corpora
832 2171 958 2206 tenuia
984 2171 1049 2207 ha-

341 2236 433 2272 bent
469 2235 513 2271 M
545 2237 594 2272 63
631 2235 685 2282 [p.
709 2235 803 2282 283]

342 2300 488 2336 coelum
519 2300 784 2335 ascendentem
819 2300 1052 2349 proclamant

342 2370 380 2400 et
399 2364 611 2400 collaudant
635 2366 710 2400 764
731 2364 787 2400 ab
802 2377 833 2400 c.

288 2428 459 2476 Angelus
499 2429 559 2475 qui
598 2428 777 2464 Ecclesiis
820 2434 969 2476 praeest
1015 2434 1051 2465 et

854 2234 976 2271 Deum
1014 2235 1051 2271 in

343 2492 646 2540 liturgizantibus
673 2498 897 2540 cooperatur
918 2495 994 2529 638
1017 2506 1049 2533 a,

343 2557 386 2593 cf.
411 2556 452 2592 M
475 2558 527 2592 63
561 2557 612 2604 [p.
633 2558 743 2603 283].

288 2620 428 2657 Anima
457 2626 586 2657 sancta
615 2626 652 2656 et
677 2621 738 2668 pia
757 2634 821 2656 vas
842 2621 1051 2668 preciosum

342 2699 408 2734 per
454 2698 633 2733 magnum
678 2685 919 2721 Sacerdotem
968 2685 1050 2722 Deo

343 2751 444 2787 Patri
473 2751 642 2787 oblatum
668 2753 743 2787 319
765 2750 788 2786 d
804 2763 823 2786 e
853 2750 1051 2798 spiritusve

345 2828 389 2851 co
410 2816 610 2856 robustior,
629 2828 701 2863 quo
718 2815 899 2851 infirmior
916 2828 1050 2863 corpus

344 2879 387 2915 M
411 2881 460 2915 96
484 2881 537 2929 [p.
557 2880 666 2927 348]

1761 123 1887 147 ALAPA

1126 230 1285 267 Animas
1306 237 1391 268 ante
1412 245 1569 280 corpora
1591 232 1770 276 extitisse,
1793 245 1885 268 vane

1179 302 1310 344 putant
1351 296 1519 332 nonnulli
1551 299 1598 333 78
1654 297 1827 332 refutatio
1866 310 1885 332 e

1179 361 1333 396 diversis
1355 360 1424 397 SS.
1447 360 1659 409 Scripturae
1680 361 1885 396 rationibus

1181 427 1322 466 79-86‚
1359 427 1451 467 588,
1483 428 1572 467 589,
1605 425 1648 461 cf.
1680 425 1722 461 M
1748 427 1809 466 12,
1836 428 1883 461 76

1180 488 1231 540 [p.
1247 493 1321 527 308
1341 491 1415 535 fin.‚
1432 488 1525 541 309]
1556 492 1678 526 anima
1707 503 1781 525 non
1813 491 1885 538 spi-

1180 554 1344 591 raculum
1367 556 1464 591 vitae
1484 557 1561 591 822
1583 555 1606 591 b
1620 568 1652 591 e.

1125 619 1283 655 Animus
1312 619 1419 656 fortis
1456 620 1801 668 imperterritusque
1831 625 1884 656 te-

1177 684 1322 720 nendus
1345 686 1416 721 761
1441 685 1465 720 b
1481 685 1504 720 d
1522 697 1551 721 e.

1123 749 1301 785 Animum
1331 756 1369 786 et
1398 762 1462 786 cor
1482 749 1624 785 Christi
1649 749 1887 797 evangelium

1177 815 1408 862 portantium
1439 814 1597 850 deficere
1627 826 1703 849 non
1723 818 1885 862 oportet,

1177 879 1321 915 etiamsi
1346 879 1484 927 ingrati
1511 878 1585 914 siut
1605 878 1628 914 ii
1650 877 1782 926 quibus
1807 877 1884 925 opi-

1178 943 1345 979 tulantur
1366 946 1439 980 901
1464 944 1497 979 b.

1124 1008 1307 1044 Anomaei
1326 1008 1504 1044 haeretici
1526 1009 1601 1044 832
1623 1007 1659 1043 b.

1124 1079 1145 1093 “
1167 1071 1271 1109 Ante
1329 1078 1477 1120 tempus
1495 1072 1516 1085 ''
1565 1071 1622 1117 (S.
1643 1071 1782 1107 Matth.
1811 1071 1882 1107 viii.

1182 1141 1246 1184 29)
1297 1137 1342 1173 de
1390 1136 1662 1173 Incarnationis
1716 1142 1885 1184 tempore

1181 1204 1257 1239 560
1279 1214 1311 1238 a.

1125 1266 1379 1302 Antichristus
1401 1268 1477 1302 262
1500 1266 1570 1308 bc,
1594 1265 1637 1301 M
1660 1268 1721 1301 44.

1123 1329 1309 1378 Apostoli,
1345 1336 1385 1366 ut
1423 1330 1523 1366 orbis
1560 1335 1742 1366 terrarum
1778 1342 1883 1377 prae-

1177 1401 1359 1443 ceptores,
1422 1394 1615 1431 Christum
1671 1394 1883 1441 exemplum

1176 1460 1316 1496 habent
1339 1462 1411 1496 197
1434 1473 1456 1496 a
1488 1459 1657 1495 omnium
1684 1458 1745 1506 qui
1768 1458 1885 1494 futuri

1176 1530 1302 1561 essent
1354 1524 1543 1560 Ecclesiae
1601 1528 1884 1571 praeceptorum

1177 1595 1288 1639 typus
1318 1591 1394 1626 292
1417 1589 1485 1631 cd,
1512 1590 1587 1625 383
1611 1588 1635 1623 d
1680 1587 1882 1635 Apostolo-

1176 1667 1260 1691 rum
1280 1653 1624 1702 prophetarumque
1646 1652 1753 1688 labor
1773 1665 1882 1696 unus,

1175 1720 1298 1756 honor
1325 1718 1542 1765 fructusque
1572 1717 1780 1753 communis
1805 1719 1882 1754 200

1177 1784 1201 1820 (1
1221 1796 1241 1820 e
1297 1783 1444 1820 vocatio
1480 1784 1557 1819 640
1589 1782 1652 1818 ab
1707 1781 1884 1829 Apostoli

1177 1848 1370 1884 Christum

1176 1913 1266 1949 abc
1321 1912 1488 1959 corporis
1530 1911 1672 1947 Christi
1715 1910 1883 1946 membra

1175 1977 1393 2026 principalia
1413 1979 1489 2013 994
1512 1988 1531 2012 e
1568 1988 1644 2011 non
1662 1975 1775 2011 iidem
1796 1979 1882 2010 ante

1176 2048 1213 2078 et
1242 2048 1327 2090 post
1357 2041 1520 2089 Spiritus
1541 2039 1668 2077 Sancti
1693 2040 1881 2075 dationem

1179 2109 1276 2144 1031
1301 2107 1325 2142 d
1380 2111 1605 2154 potestatem
1644 2109 1882 2152 peccatorum

1174 2171 1486 2207 remittendorum
1520 2176 1632 2217 atque
1666 2168 1879 2204 retinendo-

1174 2248 1271 2281 rum,
1292 2241 1470 2283 tanquam
1499 2234 1641 2282 Spiritu
1663 2234 1800 2269 Sancto
1825 2233 1879 2268 in-

1174 2300 1332 2336 habitati
1352 2299 1540 2348 accipiunt
1563 2301 1661 2334 1101
1682 2298 1705 2335 b
1719 2311 1738 2334 c
1752 2298 1790 2335 d.

1121 2365 1388 2414 Apostolorum
1409 2363 1529 2399 officia
1548 2365 1648 2399 1094
1664 2376 1683 2399 e
1714 2366 1881 2411 potestas

1174 2429 1266 2466 nihil
1286 2429 1364 2465 sine
1384 2429 1536 2464 Christo
1562 2429 1662 2463 1116
1684 2439 1715 2463 a.

1120 2493 1307 2542 Apostoli,
1339 2492 1496 2540 operarii
1527 2497 1563 2527 et
1595 2491 1673 2527 sine
1703 2491 1878 2538 eloquen-

1174 2559 1236 2600 tia,
1262 2562 1380 2593 totam
1402 2558 1630 2592 Graecorum
1661 2555 1879 2603 sapienti-am

1430 1860 1540 1895 saepe
1605 1846 1765 1882 confessi
1805 1849 1825 1883 7
1833 1847 1881 1882 72

1174 2626 1389 2658 everterunt
1408 2621 1456 2657 iii.
1479 2623 1570 2657 471.

1120 2688 1229 2735 Aqua
1241 2692 1278 2722 et
1293 2686 1457 2734 sanguis,
1473 2685 1717 2721 sanctificatio
1730 2686 1832 2720 1096
1847 2696 1877 2720 a.

1120 2750 1326 2787 Arbitrium
1346 2750 1502 2786 liberum
1521 2751 1569 2786 63
1588 2762 1620 2793 a,
1646 2751 1719 2785 155
1735 2749 1772 2791 b,
1802 2750 1877 2785 346

1174 2828 1205 2860 c,
1227 2817 1303 2851 394
1320 2815 1356 2855 d,
1379 2818 1455 2851 453
1478 2827 1508 2855 e,
1531 2817 1623 2854 454.
1649 2816 1724 2850 730
1746 2826 1778 2855 e,
1801 2814 1876 2848 814

1175 2893 1206 2925 a,
1232 2882 1308 2916 822
1330 2892 1362 2921 e,
1394 2881 1469 2915 857
1493 2892 1522 2923 c,
1548 2881 1625 2915 900
1647 2879 1682 2919 d,
1709 2879 1781 2914 901
1808 2877 1878 2917 ad,
