1981 3267
17 1140 91 1171 ⁷7·

274 141 329 180 66
676 141 726 183 Β.
757 140 1030 181 CYRILLI
1070 139 1450 181 ALEXANDR.
1714 137 1798 178 xix.
1818 148 1857 190 7.

276 248 565 314 ἐγκλήματα,
607 249 864 301 Ἰουδαϊκὸν
902 250 1028 300 ε”στω
1066 249 1120 299 τὸ
1161 248 1354 315 θράσος,
1394 251 1470 300 καὶ
1509 246 1563 300 τὸ
1609 250 1692 312 τῆς
1736 269 1860 311 μιαι-

277 332 446 399 φονίας
471 334 535 385 εἷς
563 332 681 395 ὑμᾶς
707 331 874 385 αὐτοὺς
899 330 1152 399 τετράφθω
1179 329 1339 381 κακόν.
1390 334 1427 381 εἰ
1455 329 1596 394 νόμος
1621 330 1724 380 ἐστὶ
1749 328 1859 394 παρ’

281 415 401 477 ὑμῖν,
428 414 453 464 ὁ
477 417 659 467 ποιναῖς
684 418 783 466 ταῖς
815 414 935 463 οὕτω
969 413 1232 466 πανδείνοις
1271 414 1501 465 ὑποτιθεὶς
1539 411 1622 463 τὸν
1646 411 1859 477 ἡμαρτη-

279 494 394 546 κότα
419 494 578 558 μηδὲν,
606 496 630 545 ὀ
658 493 871 560 κολάζων
896 493 979 544 τὸν
1003 494 1287 555 ἀνυπαίτιον,
1310 493 1596 560 πραττέσθω
1623 495 1699 543 καὶ
1725 497 1864 542 τοῦτο

279 577 334 627 δι’
364 577 505 638 ὑμῶν,
543 575 630 642 ἐγῶ
668 579 751 640 τῆς
787 577 862 626 ἐπὶ
900 574 1052 645 τούτῳ
1090 574 1357 638 συμπνοίας
1388 575 1470 625 οὑκ
1499 574 1737 643 ἀνέξομαι.
1789 574 1905 630 καὶ5

278 661 411 708 ταυτὶ
449 657 535 720 μὲν
573 655 632 707 ἂν
671 656 811 708 οἴοιτό
849 679 918 710 τις
956 656 1102 725 τυχὸν
1139 655 1222 708 τὸν
1249 655 1468 707 Πιλάτου
1503 660 1662 707 εἰπεῖν·
1716 655 1866 705 ὠδίνει

280 738 372 805 γάρ
406 762 507 792 πως
537 739 561 789 ὁ
599 739 709 805 παρ’
745 740 887 790 αὐτοῦ
927 737 1074 804 λόγος
1114 743 1209 789 τῶν
1249 738 1472 789 τοιούτων
1510 736 1595 802 τὴν
1635 736 1861 805 ἔμφασιν.

235 831 261 871 b
282 821 607 886 καταπλαγείη
639 821 683 871 δ’
725 821 783 871 ἄν
815 844 885 874 τις
925 822 1011 871 κάν
1049 821 1200 889 τούτῳ
1236 819 1293 884 δὴ
1331 820 1480 871 πάλιν
1505 818 1591 883 τὴν
1628 823 1724 870 τῶν
1747 820 1864 869 Ἰου-

283 904 423 954 δαίων
465 903 819 970 ἀναισχυντίαν,
861 903 958 954 ἐπεὶ
999 901 1114 966 μηδὲ
1153 900 1323 968 ἀνδρὸς
1361 903 1652 967 ἀλλογενοῦς
1694 903 1867 951 δικαιο-

284 986 467 1051 κρισίας
513 984 834 1052 αἰσχύνονται,
878 984 1026 1035 καίτοι
1070 988 1153 1035 τοῦ
1198 984 1322 1034 θείου
1367 983 1511 1046 νόμου
1556 984 1661 1049 περὶ
1713 983 1868 1033 αὐτῶν
1887 1004 1936 1030 10

562 1073 589 1095 cc
608 1065 628 1084 Γ]

62 1088 144 1120 Mal.
158 1089 190 1120 ii.
286 1065 522 1134 εἰρηκότος
631 1070 724 1116 Οτι
758 1067 892 1133 χείλη
932 1065 1084 1131 ἱερέως
1123 1063 1388 1133 φυλάξεται
1420 1066 1591 1131 κρίσιν,
1617 1066 1692 1116 καὶ
1725 1062 1869 1127 νόμον

287 1155 314 1177 “
340 1148 678 1214 ἐκζητήσουσιν
707 1149 755 1198 ἐκ
781 1146 1021 1211 στόματος
1047 1147 1232 1197 αὐτοῦ.”

246 1308 598 1365 γἈΠεκρίθΗσαν
636 1308 754 1362 αὐτῷ
793 1306 832 1349 οἱ
867 1305 1071 1349 Ἰουδαῖοι
1100 1304 1255 1356 “Ημεῖε
1291 1308 1421 1356 νόμον
1458 1306 1624 1362 ἔχομεν,
1661 1306 1729 1346 καὶ
1763 1307 1868 1348 κατὰ

246 1406 270 1434 e
355 1392 427 1434 τὸν
471 1392 601 1440 νόμον
647 1392 767 1440 ἡμῶν
812 1390 980 1447 ὀφείλει
1025 1388 1273 1442 ἀποθανεῖν,
1317 1392 1383 1433 ὅτι
1432 1388 1521 1432 υἶὸν
1564 1390 1674 1431 Θεοῦ
1717 1389 1870 1432 ἑαυτὸν

354 1474 569 1516 ἑποίΗσεν.
1891 1486 1939 1525 15

362 1582 718 1648 Ἐληλεγμὲνης
752 1585 902 1634 ἑώλου
934 1586 1018 1647 τῆς
1052 1584 1160 1649 παρ’
1190 1583 1344 1633 αὐτῶν
1372 1584 1420 1633 ἐν
1445 1584 1611 1649 ἀρχαῖς
1637 1585 1875 1632 συντεθει-

289 1666 429 1728 μένης
464 1666 802 1732 συκοφαντίας,
842 1668 918 1715 καὶ
956 1670 1271 1731 νεωτερισμοῦ
1304 1664 1389 1728 μὲν
1424 1664 1572 1730 ἤγουν
1605 1663 1875 1730 ἀντάρσεως·

291 1749 373 1810 τῆς
418 1745 538 1797 κατὰ
589 1753 672 1798 τοῦ
722 1748 967 1812 Καίσαρος
1011 1749 1160 1814 ἀρχῆς
1211 1747 1421 1810 οὐδεμιᾶς
1466 1746 1874 1811 ἀποδεδειγμένης·

292 1827 635 1893 ἀπεσκευάζετο
673 1828 765 1894 γὰρ
803 1828 887 1882 τὰς
927 1830 1000 1879 ἐπὶ
1045 1828 1226 1882 τούτοις
1264 1829 1412 1881 αἰτίας
1451 1827 1476 1877 ὁ
1513 1827 1685 1894 Κύριος
1723 1826 1878 1892 λέγων

68 1914 188 1996 ῗᾟὲ
191 1956 220 1988 6.
294 1917 320 1938 ‘⁶
346 1911 410 1960 ‘H
445 1911 668 1971 βασιλεία
695 1911 722 1974 ἡ
749 1909 835 1974 ἐμὴ
868 1912 950 1961 οὐκ
980 1910 1112 1961 ε”στιν
1137 1912 1186 1961 ἐκ
1212 1916 1294 1960 τοῦ
1323 1909 1507 1973 κόσμου
1533 1909 1713 1960 τούτου’
1760 1913 1798 1959 εἷ
1829 1909 1878 1959 ἐκ
1897 1932 1947 1958 20

295 2000 321 2021 “
348 1997 430 2042 τοῦ
470 1990 653 2056 κόσμου
691 1992 860 2043 τούτου
896 1991 1008 2056 ἧνὴ
1042 1992 1269 2053 βασιλεία
1307 1993 1335 2055 ἡ
1371 1989 1540 2055 ἐμὴ,οἱ
1579 1990 1802 2055 ὑπηρέται
1837 1993 1880 2041 οἱ

252 2080 323 2126 d“
351 2075 450 2138 ἐμοὶ
497 2073 779 2140 ἠγωνίζοντο
820 2073 877 2125 ἂν
920 2074 996 2125 ἵνα
1039 2072 1103 2137 μὴ
1152 2075 1408 2139 παραδοθῶ
1450 2078 1546 2126 τοῖς
1589 2073 1876 2126 Ἰουδαίοις“”

300 2155 515 2207 Πιλάτου
553 2179 602 2207 τε
639 2154 758 2223 πρὸς
789 2163 937 2208 ταῦτα
972 2154 1270 2220 καθηκόντως
1300 2177 1349 2205 τε
1381 2156 1456 2206 καὶ
1494 2153 1766 2208 ἀδεκάστως
1805 2155 1882 2204 καὶ

76 2239 182 2279 Supra

77 2293 143 2312 ver.
162 2296 190 2321 4.

298 2239 428 2289 οὔπω
467 2237 584 2304 πρὸς
623 2237 760 2306 χάριν
794 2238 1072 2305 δικάζοντος,
1101 2237 1323 2303 λέγοντός
1361 2260 1410 2287 τε
1451 2235 1702 2304 διαῤῥήδην
1734 2239 1879 2300 μηδε-

298 2320 409 2383 μίαν
435 2323 670 2385 ηὑρῆσθαι
703 2320 951 2389 πρόφασιν
977 2322 1024 2371 ἐν
1051 2321 1192 2389 αὐτῷ,
1225 2323 1468 2372 παντελῶς
1500 2317 1620 2384 πρὸς
1653 2318 1809 2383 ἕτερόν
1838 2340 1882 2368 τι
1903 2343 1952 2382 25

299 2408 655 2468 μεταχωροῦσιν
682 2406 723 2453 οἱ
749 2402 1027 2465 πάντολμοι·
1082 2403 1200 2468 νόμον
1238 2399 1331 2467 γὰρ
1367 2401 1487 2468 ἔχειν
1522 2400 1884 2467 διισχυρίζονται

302 2482 666 2549 καταδικάζοντα
701 2488 783 2534 τοῦ
811 2486 1031 2549 Σωτῆρος
1062 2483 1144 2534 τὸν
1171 2482 1391 2534 θάνατον.
1444 2484 1519 2533 καὶ
1553 2481 1621 2535 τίς
1653 2482 1678 2532 ὁ
1711 2480 1882 2545 νόμος;

303 2566 328 2614 ὁ
360 2568 456 2617 τοῖς
493 2569 876 2631 βλασφημοῦσιν
903 2565 1188 2631 ἐπαρτήσας,
1221 2567 1360 2633 φησὶ,
1398 2562 1580 2630 ζημίαν·
1624 2563 1885 2629 γέγραπται

304 2645 396 2711 γὰρ
423 2647 471 2696 ἐν
497 2645 674 2714 βιβλίῳ
705 2650 771 2714 τῷ
809 2647 1082 2716 καλουμένῳ
1111 2648 1350 2715 Λευῖτικῷ,
1378 2645 1448 2696 ὅτι
1487 2643 1604 2697 τινὲς
1642 2650 1884 2698 τελοῦντες

305 2732 366 2780 εἰς
392 2728 640 2781 Ἰουδαίους
676 2728 968 2794 ἐμαχέσαντο
1007 2726 1126 2777 κατὰ
1157 2726 1210 2777 τὸ
1249 2726 1577 2792 γεγραμμένον
1602 2727 1650 2776 ἐν
1675 2730 1733 2793 τῇ
1758 2749 1881 2792 παρ·
1903 2754 1955 2791 30

305 2812 503 2875 εμβολῇ,
530 2807 594 2858 ὧν
622 2811 646 2859 ὁ
673 2810 823 2873 ἕτερος
859 2815 941 2859 τοῦ
980 2810 1104 2859 θείου
1132 2811 1283 2874 φησιν
1307 2808 1536 2871 ὀνόματος
1570 2809 1883 2871 ἐπιμνησθεὶς,

359 2950 385 2972 ι.
413 2940 469 2981 τῆς
488 2940 668 2983 μιαιφόνου
691 2939 729 2971 Ε.
840 2950 893 2971 21.
922 2938 938 2980 ἡ
960 2938 1053 2982 prius
1072 2943 1291 2981 assumptum
1312 2949 1351 2971 ex
1374 2938 1413 2971 E.
1524 2949 1580 2980 30.
1607 2936 1778 2981 εἰρημένον
1798 2937 1837 2971 Ε.
