1981 3247
251 129 326 163 646

303 247 404 283 Deus
430 249 502 283 146
519 248 543 283 b
583 260 646 295 per
668 248 849 296 Spiritum
878 249 924 284 ad
944 261 1013 284 nos

302 312 390 347 data
423 314 496 348 147
520 325 540 347 a
588 312 751 348 motibus
780 312 884 348 venti
910 318 1011 348 tran-

303 376 532 423 quillissimis
553 382 768 424 comparata
792 380 864 413 148
887 390 918 412 c.

248 440 416 488 Regibus
438 441 497 488 qui
516 441 705 488 quondam
723 441 897 477 honorati
913 446 1012 482 sunt,

304 505 438 540 deinde
511 505 677 541 facinora
743 511 1012 552 perpetrantes,

304 569 327 603 ii
349 568 554 604 honoribus
584 570 687 617 prius
717 570 851 611 exutis,
873 582 1013 617 poenas

302 633 412 668 luunt
435 635 509 669 868
534 647 567 669 a.

249 697 541 745 Reprehendere
601 711 666 734 eos
721 699 781 746 qui
842 711 1013 735 moerore

303 776 443 811 magno
473 764 595 799 affecti
616 769 715 806 sunt,
738 777 813 800 non
834 765 1013 801 debemus

304 830 381 865 683
405 841 436 864 a.

250 892 508 940 Reprehensio
529 893 758 941 sapientibus
779 894 914 935 suavis
936 907 1013 929 ma-

302 957 348 993 lis
370 963 495 993 autem
516 959 648 994 acerba
669 960 744 994 628
767 971 799 998 e,
823 960 900 994 629
922 971 953 995 a.

249 1022 462 1070 Resurgere
492 1035 577 1058 cum
606 1022 769 1065 Christo,
802 1023 860 1069 pie
890 1023 1012 1059 vivere

304 1087 346 1121 M
373 1089 433 1123 11.

250 1151 496 1199 Resurgimus
517 1164 600 1187 cum
622 1152 840 1199 corporibus
860 1152 1011 1196 nostris,

303 1228 379 1250 non
422 1215 528 1251 novis
568 1216 789 1263 quibusdam
830 1217 1012 1264 aeriisque

304 1280 345 1315 M
370 1283 419 1316 30
441 1280 535 1322 init„
560 1280 601 1315 M
624 1282 672 1316 97
695 1282 769 1328 [pp.
791 1284 879 1322 350,
899 1283 1011 1328 351].

250 1344 469 1392 Resurgunt
499 1345 606 1393 primi
634 1346 770 1380 mortui
793 1345 1010 1387 Christiani,

303 1409 435 1444 deinde
456 1409 480 1444 ii
501 1409 564 1456 qui
584 1415 670 1445 ante
693 1410 885 1446 Christum
906 1411 1010 1447 vixe—

303 1479 392 1509 runt
412 1472 453 1508 M
479 1476 526 1510 75
552 1475 601 1521 [p.
623 1475 699 1510 305
721 1474 820 1523 init.]

250 1536 490 1573 Resurrectio
530 1538 702 1574 universa
744 1542 816 1576 173
848 1552 879 1581 e,
922 1541 1009 1581 174,

305 1605 381 1639 236
410 1603 482 1644 de,
517 1606 606 1645 435,
645 1606 720 1640 573
752 1617 771 1639 c
793 1604 828 1645 d,
869 1606 945 1641 645
977 1617 1008 1646 c,

304 1669 380 1704 827
399 1668 454 1703 ab
469 1680 500 1709 c,
522 1668 566 1703 M
581 1670 629 1705 56
655 1665 703 1719 [p.
721 1666 828 1719 266}
848 1672 896 1705 77
915 1669 1008 1710 init„

304 1734 350 1768 81
403 1731 555 1774 Christi,
588 1733 753 1768 omnium
787 1734 1010 1769 resurrectio

302 1809 368 1843 per
389 1797 565 1832 unionem
586 1803 739 1834 naturae
764 1798 1010 1834 arctissimam

304 1863 380 1896 354
403 1861 439 1901 d,
464 1864 540 1897 745
563 1862 586 1897 d
624 1863 773 1898 virtutis
797 1863 911 1898 virilis
941 1863 1008 1898 ini-

302 1924 396 1960 tium
419 1928 494 1961 756
512 1939 531 1962 e
574 1927 808 1962 Resurrectio
829 1928 876 1962 ad
895 1928 1010 1963 vitam

304 1990 394 2031 sola,
417 1990 492 2025 vita
514 1993 589 2026 354
612 2003 642 2032 e,
666 1994 754 2032 355,
778 1993 854 2027 645
876 2004 908 2033 e,
931 1994 1008 2028 654

303 2054 338 2095 b,
353 2056 429 2090 666
446 2068 478 2095 a,
495 2057 570 2091 682
586 2055 648 2096 be,
665 2058 740 2091 827
755 2056 778 2091 b
800 2062 958 2092 mortem
971 2056 1009 2091 in

303 2131 413 2154 carne
440 2132 514 2154 non
542 2120 762 2156 contradicit
782 2122 858 2157 682
874 2121 925 2156 de
963 2122 1010 2156 ad

304 2189 464 2219 mortem
481 2190 600 2220 morte
616 2185 728 2232 longe
744 2186 848 2233 pejor
866 2187 942 2222 827
958 2198 990 2221 a.

250 2248 546 2284 Resurrectionis
568 2254 675 2298 porta
695 2249 866 2285 Christus
885 2252 960 2287 402
976 2263 1008 2292 e,

309 2315 409 2349 1069
431 2314 452 2349 b
469 2326 488 2349 c
504 2314 537 2349 d.

250 2376 491 2413 Resurrectio
544 2376 684 2415 Christi
748 2379 827 2414 sola
881 2383 1010 2414 nostra

308 2454 392 2488 spes
417 2444 514 2478 1091
539 2443 562 2477 b
579 2455 609 2484 e,
635 2445 735 2479 1103
757 2455 776 2478 c
814 2456 881 2490 pro
902 2443 1009 2478 nobis

307 2509 407 2543 1097
439 2506 461 2541 d
523 2506 822 2542 Resurrectionis
861 2513 1009 2543 nostrae

303 2571 442 2618 pignus
467 2572 567 2606 1103
589 2571 623 2611 b,
645 2571 686 2606 M
712 2574 773 2611 71,
798 2574 858 2616 72,
881 2574 942 2608 74.

250 2635 548 2672 Resurrectionis
570 2635 925 2671 demonstrationem
943 2648 1008 2671 no-

303 2700 359 2736 bis
381 2700 467 2735 dare
489 2699 698 2747 properavit
715 2698 886 2735 Christus
907 2702 1003 2736 1091

303 2778 336 2807 e,
363 2767 462 2801 1092
478 2777 498 2799 a
531 2764 868 2800 demonstrationes
889 2764 1008 2799 varias

304 2830 368 2865 dat
392 2830 490 2864 1108
515 2829 537 2864 d
554 2841 585 2869 e,
607 2828 652 2864 cf.
675 2830 786 2864 1110.

251 2893 490 2930 Resurrectio
512 2893 640 2929 Lazari
661 2898 698 2929 et
716 2892 829 2928 Jaerii
852 2891 945 2927 filiae
970 2897 1007 2927 et

786 128 999 164 lNDEX
1056 128 1298 164 RERUM.

1721 143 1842 166 REGES

1136 248 1268 285 viduae
1289 249 1353 284 filii
1374 249 1671 285 Resurrectionis
1692 249 1841 286 univer-

1141 313 1227 348 salis
1247 319 1359 361 typus
1384 315 1484 350 1098
1506 314 1542 350 d.

1083 379 1409 415 Resurrectionem
1456 378 1610 421 Christi,
1668 384 1843 427 operatus

1136 449 1192 479 est
1207 443 1317 479 Pater
1338 443 1402 478 sed
1422 455 1487 490 per
1504 443 1639 478 Filium
1659 442 1700 478 M
1721 446 1764 479 11
1806 449 1844 479 et

1137 507 1317 554 Spiritum
1351 506 1531 543 Sanctum
1555 506 1661 544 M27
1711 520 1841 554 opera-

1136 577 1195 607 tus
1225 577 1281 607 est
1302 571 1388 619 Ipse
1415 571 1459 606 M
1484 574 1557 607 102
1579 572 1642 608 fin.
1673 577 1710 607 et
1733 572 1844 607 Pater

1136 641 1173 672 et
1196 636 1309 671 Filius
1330 636 1376 671 iii.
1401 638 1488 678 442,
1519 636 1564 671 cf.
1588 636 1635 672 iii.
1658 638 1734 672 380
1763 636 1841 673 init.

1136 700 1244 736 nobis
1265 700 1328 735 dat
1348 699 1520 736 Christus
1542 700 1584 735 M
1603 702 1649 736 91
1669 700 1747 737 init.

1084 764 1323 801 Resurrectio
1353 764 1400 800 ad
1427 777 1625 812 corporum
1646 765 1842 812 perfectio-

1136 842 1235 870 nem,
1257 829 1402 864 etiamsi
1420 828 1626 864 Vulnerum
1646 834 1755 876 typos
1776 842 1843 876 pro

1136 894 1243 929 nobis
1270 893 1422 929 retinuit
1443 893 1618 929 Christus
1643 896 1744 930 1105
1767 894 1844 929 d—

1141 960 1240 994 1107
1262 958 1285 993 b
1324 963 1453 993 nostra
1473 958 1518 993 ad
1540 958 1699 1006 gloriam
1720 958 1762 993 M
1781 960 1843 994 81.

1084 1025 1105 1041 “
1123 1023 1360 1058 Resurrectio
1377 1022 1499 1057 carnis
1514 1023 1535 1034 '’
1556 1022 1593 1057 in
1611 1022 1844 1058 confessione

1136 1087 1233 1128 fidei,
1255 1086 1467 1134 professum
1489 1089 1537 1123 80
1559 1086 1593 1128 d,
1616 1087 1661 1123 cf.
1684 1089 1761 1123 682
1784 1100 1814 1123 e.

1083 1154 1103 1170 “
1120 1152 1197 1186 Ros
1210 1152 1231 1164 ”
1252 1151 1322 1186 Dei
1343 1152 1509 1199 operatio
1529 1151 1721 1187 vivificans
1735 1151 1775 1187 M
1795 1154 1842 1188 75

1139 1218 1191 1264 [p.
1212 1216 1318 1262 307}

1451 1323 1476 1359 S

1083 1410 1263 1445 SABBATO
1285 1416 1436 1446 sanatus
1452 1411 1540 1457 quid
1563 1410 1703 1447 indicat
1725 1413 1801 1447 209
1823 1424 1844 1447 a

1135 1474 1172 1510 in
1205 1475 1361 1511 sabbato
1392 1475 1574 1510 mundum
1607 1488 1738 1511 curare
1768 1489 1840 1511 nou

1135 1540 1271 1575 desinit
1302 1540 1405 1576 Deus
1437 1541 1512 1576 213
1534 1540 1570 1581 b,
1602 1542 1679 1576 215
1702 1540 1759 1576 cd
1805 1540 1843 1575 in

1136 1604 1291 1640 sabbato
1340 1605 1537 1641 miseretur
1584 1605 1685 1640 Deus
1732 1604 1844 1640 Pater

1137 1672 1210 1705 221
1241 1670 1264 1705 b
1285 1682 1315 1710 c,
1354 1669 1399 1706 cf.
1433 1671 1508 1705 605
1531 1669 1555 1704 d
1612 1669 1649 1704 in
1688 1669 1842 1704 sabbato

1136 1747 1282 1775 sanans,
1304 1733 1406 1770 Patri
1426 1746 1502 1769 non
1522 1739 1709 1781 repugnat
1729 1733 1843 1769 Filius

1137 1800 1213 1835 222
1235 1799 1302 1843 ab,
1326 1800 1402 1834 419
1424 1798 1459 1839 d,
1482 1800 1559 1834 420
1582 1810 1614 1838 a,
1637 1799 1711 1834 521
1735 1798 1759 1833 d
1805 1798 1843 1833 in

1136 1863 1291 1898 sabbato
1300 1875 1443 1908 sanare,
1458 1862 1664 1909 “judicium
1673 1863 1687 1910 j
1696 1863 1842 1898 ustum”

1137 1929 1210 1963 241
1234 1927 1258 1962 b
1272 1939 1301 1963 e.

1082 1990 1288 2027 Sabbatum
1306 1993 1378 2026 211
1396 2003 1415 2026 c
1454 1991 1666 2026 institutum
1687 1991 1733 2026 ad
1749 1997 1843 2027 tem-

1133 2067 1202 2102 pus
1230 2055 1268 2090 in
1292 2054 1409 2090 Josue
1438 2056 1731 2103 praefiguratum
1763 2058 1839 2092 212

1134 2133 1155 2156 a
1192 2126 1345 2167 peccato
1384 2119 1555 2162 cessatio,
1588 2120 1633 2155 ab
1667 2119 1842 2168 operibus

1134 2184 1204 2232 piis
1223 2197 1298 2220 non
1323 2186 1399 2220 439
1422 2196 1452 2220 e.

1081 2248 1245 2285 Sabbato
1275 2261 1340 2284 cur
1369 2260 1483 2296 panes
1513 2261 1638 2284 coram
1663 2249 1744 2285 Deo
1774 2249 1842 2285 sub

1133 2313 1217 2361 lege
1255 2312 1364 2360 positi
1399 2315 1475 2349 357
1505 2325 1524 2348 c
1572 2313 1842 2349 circumcisioni

1135 2377 1233 2414 cedit
1254 2380 1331 2414 419
1353 2390 1372 2413 c
1387 2390 1406 2413 e
1444 2378 1500 2413 De
1522 2377 1687 2413 Sabbato
1708 2377 1840 2413 Domi-

1134 2455 1223 2477 num
1246 2442 1405 2489 culpare,
1427 2441 1560 2477 Mosen
1583 2454 1658 2477 non
1679 2442 1840 2489 culpare,

1134 2518 1376 2554 personarum
1398 2506 1562 2553 acceptio
1584 2507 1658 2541 421
1683 2506 1704 2541 (1
1722 2519 1741 2541 e
1780 2506 1841 2553 qui

1135 2570 1277 2618 Legem
1307 2582 1417 2618 saepe
1447 2570 1673 2618 transgressi
1703 2571 1748 2606 de
1770 2584 1841 2606 una

1134 2634 1430 2682 transgressione
1459 2634 1660 2671 Dominum
1690 2636 1840 2683 culpant

1135 2701 1211 2734 422
1229 2711 1260 2733 a.

1082 2762 1288 2799 Sabbatum
1319 2762 1475 2810 Requiei
1507 2769 1680 2799 aeternae
1713 2770 1838 2812 typus,

1135 2827 1230 2863 sicut
1255 2827 1324 2862 Dei
1351 2828 1487 2875 requiei
1518 2828 1734 2864 memoriale
1761 2831 1837 2865 424

1135 2891 1204 2933 ab,
1229 2893 1318 2932 426,
1342 2893 1416 2928 428
1438 2892 1461 2927 d
1499 2892 1545 2927 ad
1566 2906 1674 2940 quam
1697 2899 1839 2941 spectat
