2012 3272
488 137 645 177 RESP.
680 136 761 176 AD
793 135 906 175 TIB.
941 134 1289 176 SOCIOSQUE.
1598 136 1680 175 587

93 247 292 308 αἵματος
318 246 436 296 κατὰ
467 246 550 300 τὰς
588 246 796 313 γραφάς·
849 246 935 308 τὴν
974 245 1029 296 δέ
1055 268 1107 310 γε
1148 247 1403 296 ἐνωθεῖσαν
1442 246 1567 314 αὐτῷ
1605 247 1681 296 καὶ

93 329 213 379 ἰδίαν
239 329 381 379 αὐτοῦ
407 327 662 393 γενομένην
689 327 847 393 σάρκα
874 327 1162 395 ἐψυχῶσθαί
1179 332 1335 395 φαμεν
1361 329 1498 396 ψυχῇ
1526 332 1676 396 νοερᾷ.

1701 458 1722 480 a
1753 449 1834 484 391
1856 450 1905 483 A.

95 499 200 552 Πρὸς
230 500 317 542 τοὺς
348 500 551 552 λέγοντας,
574 501 633 541 ὅτι
654 501 721 541 οὐκ
744 500 945 552 ἀνελήφθη
966 502 1063 551 μετὰ
1085 503 1150 551 τῆς
1174 502 1379 550 ἑνωθείσης
1405 501 1503 555 αὐτῷ
1527 501 1680 553 σαρκὸς,
1703 508 1752 548 ς’.

208 574 251 614 ἐν
271 572 300 628 ᾧ
329 574 390 613 καὶ
411 573 507 625 πρὸς
532 574 619 616 τοὺς
641 573 845 625 λέγοντας,
867 574 926 614 ὅτι
948 574 992 613 τὸ
1015 575 1247 627 ἀναληφθὲν
1271 578 1381 624 σῶμα
1408 576 1454 630 τῇ
1478 576 1568 629 ἁγίᾳ

51 658 72 692 5
669 647 806 698 Τριάδι
829 648 1099 699 συγκέκραται.

715 767 746 803 Ε
763 767 799 803 Π
818 768 831 803 Ι
850 767 881 803 Λ
897 768 932 804 ’Υ
947 768 976 804 Σ
997 768 1007 803 1
1025 768 1069 804 Σ.

159 879 274 930 “Orc
302 879 348 930 δὲ
385 882 460 930 καὶ
485 879 732 947 ἀνελήφθη
766 879 884 944 μετὰ
923 883 1006 943 τῆς
1045 880 1298 942 ἑνωθείσης
1338 881 1463 949 αὐτῷ
1504 879 1685 945 σαρκὸς

93 966 194 1015 πῶς
237 960 294 1012 ἂν
332 961 590 1013 ἐνδοιάσειέ
630 984 731 1023 τις;
793 960 875 1012 τὸν
919 962 1013 1028 γὰρ
1052 964 1101 1012 ἐκ
1141 967 1318 1028 νεκρῶν
1356 962 1729 1028 ἐγηγερμε’νον,1)

94 1043 235 1094 αὐτὸν
254 1044 472 1108 δηλονότι
500 1044 616 1094 καθὸ
645 1048 812 1094 νοεῖται
835 1045 909 1094 καὶ
934 1044 1142 1110 πέφηνεν
1164 1044 1424 1109 ἄνθρωπος,
1447 1043 1686 1094 κεκάθικεν

29 1126 118 1175 1οὸ
148 1124 316 1191 Πατὴρ
357 1132 384 1154 “
405 1127 452 1175 ἐν
491 1125 623 1193 δεξιᾷ
660 1131 742 1176 τοῦ
782 1124 953 1191 θρόνου
994 1129 1075 1189 τῆς
1115 1126 1462 1190 μεγαλωσύνης
1504 1127 1551 1175 ἐν
1590 1130 1686 1179 τοῖς
1748 1136 1911 1210 ξῖθῑῖινὶὶί·

94 1215 120 1236 “
149 1208 396 1275 ὑψηλοῖς,”
435 1214 462 1237 “
483 1207 695 1272 ὑπεράνω
726 1206 886 1269 πάσης
912 1209 1060 1273 ἀρχῆς
1088 1209 1162 1257 καὶ
1190 1207 1410 1275 ἐξουσίας
1436 1209 1511 1257 καὶ
1539 1207 1679 1258 δυνά·
1748 1188 1865 1263 ΕῬΙιῖὶΞΪ

94 1297 121 1317 “
147 1311 266 1352 μεως
304 1291 379 1339 καὶ
410 1287 679 1354 κυριότητος
709 1291 785 1339 καὶ
819 1288 996 1342 παντὸς
1031 1288 1260 1352 ὀνόματος
1294 1289 1683 1355 ὀνομαζομένου·”
1749 1276 1800 1298 ²¹⁵

94 1371 195 1439 ἥξει
215 1370 263 1421 δὲ
284 1372 404 1422 οὕτω
431 1370 550 1421 κατά
570 1370 770 1437 καιρούς.
811 1372 886 1421 καὶ
907 1371 1094 1436 ἀρκέσει
1115 1370 1233 1436 πρὸς
1260 1377 1398 1422 τοῦτο
1419 1375 1512 1422 τῶν
1538 1371 1687 1437 ἁγίων

95 1452 316 1519 ἀγγέλων
351 1453 378 1516 ἡ
418 1452 553 1519 φωνὴ
595 1458 690 1506 τοῖς
734 1453 983 1515 θεωμένοις
1028 1451 1168 1503 αὐτὸν
1211 1454 1529 1514 ἀναβαίνοντα
1568 1453 1686 1517 μετὰ

29 1554 75 1590 15
95 1534 180 1599 τὴν
215 1536 263 1586 ἐκ
305 1539 477 1601 νεκρῶν
513 1535 794 1596 ἀναβίωσιν,
824 1535 1099 1601 ἀναφανδὸν
1131 1535 1380 1601 εἰρηκότων
1417 1543 1443 1564 “
1466 1535 1624 1588 Οὗτος
1661 1536 1685 1585 ὁ
1750 1534 1912 1618 23⁹1}ss

95 1624 122 1645 ‘⁶
147 1618 333 1680 Ἰησοῦς
359 1617 383 1667 ὁ
408 1618 697 1685 ἀναληφθεὶς
725 1616 806 1683 ἀφ’
833 1618 974 1679 ὑμῶν,
998 1617 1144 1670 οὕτως
1170 1617 1416 1667 ἐλεύσεται
1437 1615 1490 1667 ὃν
1509 1617 1686 1683 τρόπον
1706 1637 1727 1662 C

96 1705 122 1728 ‘⁶
149 1699 410 1749 ε’θεοίσασθε
452 1699 766 1764 πορευόμενον
808 1698 949 1749 αὑτὸν
989 1703 1050 1752 εἷς
1095 1698 1178 1749 τὸν
1217 1699 1464 1764 οὐρανόν.”
1520 1704 1556 1750 εἰ
1599 1698 1687 1763 μὲν

95 1781 176 1831 οὖν
214 1783 256 1831 οἱ
294 1783 376 1844 τῆς
414 1780 701 1847 ἀναλήψεως
734 1782 876 1830 αὐτοῦ
912 1780 1157 1846 γεγονότες
1191 1782 1368 1846 θεωροὶ,
1397 1781 1577 1846 γυμνὸν
1602 1784 1687 1844 τῆς

94 1862 272 1928 σαρκὸς
298 1861 380 1912 τὸν
407 1862 567 1928 Λόγον
593 1861 846 1920 τεθεάνται,
876 1863 1024 1916 οὕτως
1051 1861 1194 1912 αὐτὸν
1220 1864 1296 1912 καὶ
1322 1863 1451 1931 ἥξειν
1478 1864 1688 1914 ὑπονοεί-

27 1967 76 1991 20
95 1942 257 1994 τωσάν
281 1961 414 1997 τινες·
467 1948 504 1995 εἰ
530 1943 577 1994 δὲ
608 1942 1008 2013 πεπληροφόρηκε
1034 1943 1141 1997 τοὺς
1169 1944 1329 2008 ἁγίους
1356 1943 1679 2006 ἀποστόλους,

95 2024 149 2075 τὸ
195 2026 491 2093 ψηλαφητὸν
533 2027 689 2079 αὐτοῖς
733 2026 888 2094 δείξας
927 2030 1083 2088 σῶμα,
1119 2026 1195 2076 καὶ
1233 2027 1380 2079 οὕτως
1421 2025 1685 2094 ἀνελήφθη·

95 2107 216 2158 οὕτω
249 2106 396 2158 πάλιν
422 2107 682 2170 ἐλεύσεται,
719 2110 795 2158 καὶ
834 2109 916 2158 οὑκ
956 2105 1012 2158 ἂν
1053 2107 1369 2176 διαψεύσαιτο
1403 2113 1498 2159 τῶν
1540 2110 1688 2174 ἁγίων

96 2186 376 2251 πνευμάτων
403 2190 427 2239 ὁ
456 2188 524 2240 ἐπ’
553 2190 677 2257 αὐτῷ
706 2188 868 2253 λόγος.

144 2336 178 2370 3.
203 2325 334 2359 Totum
359 2325 426 2359 hoc
453 2326 647 2369 capitulum
674 2325 757 2359 citat
776 2324 998 2368 Nicephorus
1021 2325 1058 2359 in
1076 2324 1313 2359 Antirrhetico
1339 2331 1460 2359 contra
1479 2326 1690 2368 Eusebium,

98 2371 193 2413 (vide
220 2371 447 2416 spicilegium
467 2372 729 2405 solesmensei.
748 2372 816 2415 483
835 2371 910 2405 viro
936 2372 1129 2405 clarissimo
1149 2372 1244 2405 Dom
1268 2372 1374 2414 Pina,
1401 2372 1504 2406 hodie
1529 2385 1689 2407 reveren-

98 2417 244 2452 dissimo
272 2417 449 2452 Cardinali
477 2418 785 2474 Bibliothecaeque
809 2418 997 2451 Vaticanae
1020 2417 1291 2452 Bibliothecario
1316 2418 1466 2463 editum)
1494 2419 1560 2453 sub
1586 2420 1689 2454 titulo

98 2467 165 2498 Τοῦ
182 2465 285 2498 αὐτοῦ
302 2465 338 2498 ἐκ
364 2469 430 2499 τῶν
448 2464 639 2499 ἐπιλύσεων
664 2468 730 2498 τῶν
754 2464 1056 2509 προσενεχθεισῶν
1079 2464 1235 2499 πεύσεων
1259 2467 1306 2511 τῷ
1333 2466 1422 2510 αὐτῷ
1449 2466 1610 2522 μακαρίῳ
1621 2471 1688 2500 Κυ-

98 2511 208 2556 ρίλλῳ
228 2511 321 2556 παρὰ
347 2512 497 2557 τιβερίου
524 2512 678 2545 διακόνου
703 2511 757 2544 καὶ
782 2514 848 2545 τῶν
872 2511 1080 2556 ἀδελφῶν,’
1063 2526 1098 2545 εν
1123 2512 1330 2564 κεφαλαίοις
1351 2511 1410 2552 ιβ,
1440 2512 1475 2545 ἐκ
1504 2514 1564 2546 τοῦ
1591 2527 1688 2547 εκτου

99 2557 287 2602 κεφαλαίου
304 2559 389 2600 πρὸς
405 2558 482 2593 τοὺς
499 2563 564 2592 etc.
664 2557 695 2589 s·
711 2558 747 2591 in
765 2569 836 2601 mg.
856 2557 997 2602 leposui
1014 2570 1055 2591 ex
1075 2558 1207 2592 ratione
1221 2563 1257 2597 Γ,
1273 2558 1334 2603 qui
1352 2557 1408 2592 hie
1425 2564 1541 2592 tamen
1560 2559 1690 2593 omittit

98 2603 237 2637 favente
261 2610 294 2638 et
320 2604 521 2648 Nicephoro
548 2615 654 2648 supra
671 2604 730 2638 cit.
756 2619 771 2637 ε
798 2603 939 2637 exhibet
957 2605 987 2637 A
1006 2616 1078 2648 mg.
1163 2604 1251 2654 αὐτῷ
1280 2607 1323 2638 A.
1329 2604 1375 2638 D.
1395 2604 1544 2648 Niceph.
1566 2605 1642 2649 Mig
1647 2617 1690 2638 ne

98 2651 201 2684 αὐτοῦ
219 2650 286 2684 Ed.
353 2650 496 2695 σαρκὸς]
521 2655 557 2691 -1-
579 2652 596 2684 ὁ
615 2651 766 2695 Χριστὸς
784 2650 933 2695 Niceph.
978 2650 1139 2684 Statim'
1122 2665 1157 2684 εν
1174 2648 1200 2697 ᾦ
1218 2639 1365 2685 accessit
1382 2662 1423 2684 ex
1441 2651 1484 2684 A.
1489 2656 1524 2685 Γ.
1538 2618 1688 2694 Nicegph.

101 2696 133 2730 6.
161 2696 254 2730 edidi
271 2708 313 2730 ex
330 2697 362 2730 A
379 2708 452 2741 mg.
471 2702 506 2731 Γ.
526 2698 650 2741 κεφαλ.
669 2711 721 2731 κα.
741 2696 808 2731 Ed.
980 2709 1012 2741 9.
1040 2698 1164 2732 νοεῖται
1182 2712 1235 2731 και
1252 2697 1403 2741 πέφηνεν
1419 2697 1486 2731 hoc
1504 2697 1626 2731 ordine
1643 2698 1687 2730 A.

100 2742 514 2788 Νἰοθ[)11.ἰίνθρωπος]
539 2748 575 2783 -1-
596 2744 696 2778 αὐτὸς
714 2743 863 2788 Niceph.
981 2754 1033 2788 13.
1059 2758 1095 2778 τε
1114 2755 1177 2788 pro
1195 2744 1231 2778 δέ
1251 2743 1571 2788 Niceph.15.
1598 2757 1687 2786 ειρη-

100 2790 207 2822 κότων
224 2790 307 2823 Α.Γ.
326 2789 477 2833 Niceph.
495 2790 654 2830 βοώντων
673 2790 718 2824 D.
738 2789 805 2823 Ed.
922 2790 976 2824 16.
1003 2789 1101 2825 οὗτος
1119 2789 1437 2835 Niceph.17.
1464 2790 1690 2832 πορευόμενον

101 2835 201 2869 αὐτὸν
217 2835 284 2870 hoc
302 2835 423 2869 ordine
437 2837 479 2870 A.
579 2837 632 2870 18.
650 2838 828 2881 γεγονότες
846 2836 965 2880 θεωροὶ
979 2836 1046 2870 hoc
1064 2836 1240 2870 ordineA.
1256 2836 1343 2870 Nice
1348 2835 1406 2880 [111.
1504 2845 1558 2868 21.
1577 2835 1690 2878 δείξας

102 2885 200 2924 σῶμα
217 2881 284 2916 hoc
302 2881 424 2915 ordine
442 2884 485 2916 A.
505 2881 655 2926 Nlceph.
894 2893 950 2927 23.
977 2884 1174 2925 πνευμάτων
1193 2883 1236 2917 Α.
1243 2883 1288 2917 D.
1307 2882 1498 2926 πατέρων(ἓ
1504 2880 1515 2924 )
1538 2880 1689 2926 Niceph.

102 2928 296 2972 Πνεύματος
313 2928 429 2973 (Αγίου
448 2933 482 2963 Γ.
502 2928 708 2963 ἀποστόλων
726 2928 994 2962 mendosissime
1013 2929 1080 2964 Ed.

834 2998 950 3036 41³2
