2012 3272
481 143 557 183 DE
590 141 941 183 DOGMATUM
974 142 1323 183 SOLUTIONE.
1613 145 1694 183 549

1759 229 1850 259 Tom.
1868 229 1910 259 vi.

1760 270 1822 311 366
1835 281 1861 302 c.

1761 315 1850 346 Aul).

317 529 591 573 ΠΡΩΤΟΝ
635 527 1047 573 ΚΕΦΑΛΑΙΟΝ
1089 529 1131 573 Ε
1143 527 1489 572 ΠΙΛΥΣΕΩΣ

155 690 448 749 Δογματικῶν
474 685 730 751 ζητημάτων
754 687 1052 750 προτεθέντων
1076 689 1137 745 τῷ
1163 686 1401 747 ἁγιωτάτῳ
1428 687 1652 751 Κυρίλλῳ.

109 884 159 923 Εἰ
189 884 209 923 ὁ
241 883 304 923 ἐπὶ
333 881 490 923 πάντων
514 882 618 923 Θεὸς
647 886 798 935 χεῖρας,
821 882 953 931 πόδας,
977 881 1220 933 ὀφθαλμοὺς,
1246 879 1325 920 ὦτά
1349 897 1391 920 τε
1414 880 1476 920 καὶ
1504 880 1696 932 πτέρυγας
1720 877 1779 922 Α’.

184 957 290 1010 ἔχειν
314 956 387 997 ὑπὸ
420 959 486 1006 τῆς
517 955 624 999 θείας
655 959 807 1008 γραφῆς
839 956 1137 1006 ὀνομαζόμενος,
1171 956 1268 995 οὕτω
1300 957 1388 1006 παρ’
1410 955 1515 1005 ἡμῶν
1542 955 1698 1007 ὀφείλει

67 1043 89 1081 5
185 1034 374 1080 νοεῖσθαι,
389 1031 456 1072 οὐκ
477 1032 766 1083 ἆνθρωποειὸὣς
782 1030 832 1072 ὡς
852 1029 914 1070 ἐπὶ
934 1030 1113 1080 σώματος
1129 1033 1206 1069 τῶν
1221 1033 1353 1080 μελῶν
1367 1028 1695 1080 λαμβανομένων·

184 1105 390 1156 ἀσώματος
422 1104 506 1157 γάρ·
551 1106 656 1145 ἀλλὰ
686 1105 808 1147 καθώς
840 1105 947 1145 ἐστιν
968 1104 1117 1151 οὐσίας,
1142 1105 1238 1144 οὕτω
1262 1104 1323 1144 καὶ
1345 1104 1393 1143 τὰ
1415 1102 1610 1156 λεχθέντα
1631 1104 1698 1152 τῆς

184 1178 319 1220 οὐσίας
339 1179 450 1228 ὄντα,
472 1177 573 1230 μέλη
595 1181 681 1219 θεῖα
703 1178 764 1219 καὶ
789 1178 884 1218 αὐτὰ
907 1179 1003 1218 κατὰ
1023 1178 1093 1228 τὴν
1114 1177 1254 1218 οὐσίαν
1274 1177 1453 1230 ὑπάρχει.

729 1333 1074 1370 ΕΠΙΛΎΣΙΣ.
1714 1384 1735 1410 C

181 1442 251 1489 ΟΙ
286 1437 456 1507 φρενὸς
489 1437 618 1491 ὄντες
644 1439 693 1488 ἐν
722 1440 870 1507 καλῶ,
897 1440 972 1488 καὶ
998 1443 1093 1491 τοῖς
1119 1439 1224 1503 περὶ
1249 1440 1332 1501 τῆς
1359 1436 1561 1504 ἀῤῥήτου
1587 1435 1693 1487 θεό-

40 1546 88 1571 10
105 1543 243 1584 τητος
268 1520 430 1585 λόγοις
457 1520 625 1588 ἰσχνὸν
644 1520 834 1573 ἐνιέντες
861 1522 943 1582 τῆς
963 1521 1139 1571 ἑαυτῶν
1166 1520 1368 1574 διανοίας
1394 1519 1477 1570 τὸν
1503 1520 1693 1587 ὀφθαλ-

104 1600 208 1665 μὸν,
229 1604 404 1668 ὁρῶσιν
428 1601 572 1666 αὐτὴν
597 1601 774 1655 παντὸς
800 1600 884 1664 μὲν
911 1601 1220 1669 ὑπάρχουσαν
1246 1600 1454 1652 ἐπέκεινα
1480 1606 1690 1666 γενητοῦ,

105 1686 519 1753 ὑπερανίσχουσαν
545 1685 593 1736 δὲ
630 1687 704 1736 καὶ
739 1684 917 1738 παντὸς
956 1685 1162 1754 ὀξύτητα
1198 1690 1280 1736 νοῦ
1321 1687 1395 1735 καὶ
1423 1685 1692 1754 φαντασίας

105 1770 376 1831 σωματικῆς
421 1768 541 1833 πέρα
583 1790 632 1818 τε
677 1768 827 1818 οὖσαν
866 1772 1128 1825 παντελῶς,
1177 1769 1252 1817 καὶ
1296 1766 1419 1817 καθά
1463 1771 1616 1835 φησιν
1668 1768 1692 1817 ὁ

101 1848 355 1918 πάνσοφος
383 1853 580 1904 Παῦλος
617 1857 643 1878 “
662 1854 765 1918 φῶς
797 1852 1021 1900 οἰκοῦσαν
1047 1847 1351 1915 ἀπρόσιτον.”
1403 1852 1439 1899 εὶ
1467 1847 1516 1899 δὲ
1545 1846 1691 1914 ἀπρό-
1710 1855 1738 1896 (1
1757 1856 1915 1930 ξέἳὶῐΠ-νί,

40 1954 86 1993 15
104 1931 240 1982 σιτόν
280 1933 382 1982 ἐστι
420 1931 473 1982 τὸ
500 1933 604 1997 περὶ
637 1931 781 1995 αὐτὴν
808 1936 924 1998 φῶς,
964 1935 1064 1985 πῶς
1099 1929 1157 1981 ἂν
1197 1930 1342 1995 αὐτὴν
1382 1931 1698 1996 καταθρήσειέ

103 2034 201 2075 τις;
251 2013 493 2075 βλέπομεν
528 2012 621 2079 γὰρ
662 2020 690 2043 “
709 2015 757 2063 ἐν
796 2012 1017 2082 ἐσόπτρῳ
1058 2014 1133 2064 καὶ
1164 2013 1417 2078 αἰνίγματι,
1448 2015 1524 2063 καὶ
1552 2012 1691 2078 γινώ-
1751 2020 1870 2094 ΞῙΞΟῙΥΞ

105 2101 132 2123 “
157 2117 337 2158 σκομεν
368 2096 417 2145 ἐκ
451 2095 666 2161 με’ρους-”
720 2097 824 2146 ἐστι
861 2096 1017 2146 τοίνυν
1056 2094 1313 2158 ἀσώματον
1352 2099 1598 2148 παντελῶς
1636 2093 1691 2145 τὸ

103 2179 236 2239 θεῖον,
264 2176 450 2227 ἄποσον
476 2198 526 2227 τε
553 2178 628 2226 καὶ
656 2176 889 2242 ἀμέγεθες,
918 2179 993 2226 καὶ
1028 2177 1111 2226 οὐκ
1146 2177 1194 2226 ἐν
1221 2176 1326 2227 ε’ίδει
1364 2175 1686 2246 περιγράπτῳ.

153 2341 182 2373 1,
203 2341 234 2365 2.
261 2330 315 2365 Ita
331 2331 375 2364 A.
393 2329 568 2366 ἐπιλύσεις
593 2331 803 2376 δογματικῶν
829 2332 1022 2375 ζητημάτων
1046 2333 1210 2375 κυρίλλου
1235 2346 1294 2366 του
1318 2330 1506 2377 ἁγιωτάτου
1530 2331 1685 2378 ἀρχιεπι-

103 2379 235 2412 σκόπου
257 2377 495 2422 ἀλεξανδρείας
516 2377 779 2421 ἐπιζητηθέντων
795 2379 886 2422 παρὰ
903 2379 1052 2422 τιβερίου
1070 2379 1224 2412 διακόνου
1242 2379 1294 2412 καὶ
1311 2380 1369 2422 τῆς
1391 2378 1626 2422 ἀδελφότητος
1645 2380 1685 2415 C.

101 2427 161 2458 τοῦ
187 2424 289 2457 αὐτοῦ
315 2425 398 2458 κατὰ
427 2423 767 2468 ἇνθρωπομορφιτῶν
791 2425 837 2459 D.
860 2426 1047 2477 κεφαλαιον
1064 2439 1084 2458 α
1104 2425 1137 2458 D
1164 2437 1235 2470 mg.
1266 2425 1332 2459 Ed.
1384 2425 1514 2459 Partim
1542 2427 1625 2460 citat
1652 2433 1686 2461 et

102 2470 275 2505 Johannis
295 2470 528 2505 Caesariensis
547 2470 627 2505 Des.
647 2471 758 2505 Cone.
777 2471 896 2505 Chalc
915 2472 1114 2505 citationem
1137 2471 1364 2506 introducens
1391 2471 1445 2505 his
1471 2472 1598 2513 verbis,
1625 2476 1685 2506 τοῦ

101 2518 202 2551 αὐτοῦ
228 2517 390 2560 κυρίλλου
407 2517 473 2551 ἀπὸ
490 2519 547 2561 τῆς
570 2518 800 2562 πραγματείας
825 2519 882 2561 τῆς
898 2532 974 2563 περι
993 2519 1170 2563 δογμάτων
1187 2517 1389 2558 ἐπιλύσεως,
1407 2518 1444 2562 ἧς
1461 2518 1480 2562 ἡ
1498 2519 1586 2563 α’ρχὴ
1604 2520 1685 2565 (Sic)

98 2561 139 2597 O
153 2564 207 2598 ἐπὶ
223 2564 356 2598 πάντων
374 2565 459 2598 Θεὸς
474 2565 592 2609 χεῖρας
604 2564 711 2599 πόδας
727 2564 929 2609 ὀφθαλμοὺς
946 2564 1014 2598 ὦτά
1025 2580 1061 2598 τε
1075 2565 1128 2598 καὶ
1145 2564 1314 2610 πτέρυγας
1330 2566 1420 2610 ἔχειν
1437 2565 1502 2599 ὑπὸ
1519 2567 1577 2609 τῆς
1595 2566 1686 2602 θείας

99 2610 245 2669 γραφῆς
255 2610 461 2654 ὀνομάζεται.
644 2621 689 2655 3-
667 2611 723 2644 -8
753 2611 849 2645 Haec
867 2617 1047 2656 assumpta
1064 2623 1105 2645 ex
1123 2612 1167 2645 A.
1173 2612 1212 2645 C.
1393 2624 1425 2654 4.
1452 2612 1522 2657 ἔχει
1541 2613 1623 2656 (sic)
1643 2613 1683 2647 C.

101 2657 135 2691 6.
161 2655 245 2690 καθο
263 2655 302 2690 C.
450 2669 502 2690 10.
528 2659 600 2692 ταῖς
616 2658 724 2691 αυτῶν
740 2657 900 2694 διανοίαις
915 2661 982 2692 τῶν
998 2657 1188 2703 ὀφθαλμῶν
1205 2657 1289 2702 (sic)
1280 2657 1352 2699 )C.
1500 2670 1513 2692 Ι
1524 2670 1552 2692 1.
1578 2659 1666 2703 ὑπάρ

100 2717 234 2748 χουσαν
251 2708 473 2747 assumptum
489 2715 529 2737 ex
548 2704 589 2737 A.
595 2703 635 2737 C.
641 2704 686 2737 D.
872 2715 925 2738 12.
950 2704 1096 2748 ὀξύτητα
1113 2707 1156 2738 Α.
1161 2704 1202 2738 C.
1208 2705 1252 2738 D.
1272 2704 1437 2747 ὀξυτάτου
1456 2705 1523 2738 Ed.
1596 2707 1683 2748 φαν-

101 2749 222 2784 τασίας
239 2750 430 2793 σωματικῆς
446 2749 512 2803 hoe
530 2750 651 2784 ordine
667 2751 710 2784 A.
716 2749 756 2784 C.
915 2750 968 2785 16.
992 2752 1044 2784 καὶ
1063 2750 1176 2795 prius]
1201 2754 1238 2791 -Ι-
1259 2751 1294 2784 ἐν
1312 2751 1378 2784 Ed.
1397 2750 1438 2785 δι’
1460 2751 1500 2785 C.
1519 2757 1684 2784 neutrum

101 2794 232 2829 habent
248 2797 292 2829 A.
299 2796 344 2829 D.
653 2804 705 2841 1.7
733 2797 807 2831 Ino.
826 2797 941 2831 citatio
958 2797 980 2831 J
984 2797 1132 2831 ohannis
1152 2797 1386 2832 Caesariensis
1405 2809 1467 2841 pro
1485 2797 1685 2830 defensione

104 2840 212 2876 Cone.
233 2841 529 2876 Chalcedonensis
553 2842 590 2876 in
613 2841 702 2877 Cod.
722 2843 757 2877 S.
777 2843 888 2878 Marci
906 2844 1060 2878 Venetiis
1082 2845 1146 2889 165
1172 2844 1232 2878 fol.
1253 2853 1304 2888 15.
1322 2843 1401 2878 vide
1424 2855 1530 2887 supra
1551 2855 1584 2886 p.
1599 2842 1682 2887 476.

104 2886 256 2932 [signavi
282 2887 336 2933 n.]
426 2888 606 2932 ἀσώματον
631 2891 804 2925 παντελῶς
829 2891 867 2924 τὸ
893 2890 984 2925 θεῖον
1007 2891 1050 2925 Α
1056 2890 1096 2925 C.
1101 2903 1135 2925 n.
1162 2892 1200 2924 τὸ
1227 2890 1278 2925 θε
1268 2905 1316 2924 ιον
1341 2890 1521 2931 ἀσώματον
1547 2889 1592 2923 D
1618 2889 1684 2923 Ed,

106 2935 159 2968 18.
185 2934 349 2980 ἇμέγεθον
366 2947 401 2970 11.
474 2937 703 2981 περιγραπτόν
719 2947 755 2970 11.
