1997 3262
119 205 193 239 107
218 203 277 238 M.

841 667 1340 733 OYRILLI

634 850 1092 888 ARCHIEPISCOPI
1136 849 1547 885 ALEXANDRINI

715 1019 1466 1083 OOMMENTARIORUM

562 1205 637 1253 IN
681 1204 1075 1254 EPISTOLAM
1118 1203 1216 1250 AD
1265 1202 1640 1251 HEBRAEOS

320 1349 754 1399 FRAGMENTA
798 1348 988 1408 QUOT
1028 1346 1367 1395 REPERIRI
1411 1346 1852 1396 POTUERUNT.

627 1557 1008 1599 PRAEFATION
1012 1557 1067 1598 IS
1110 1557 1554 1598 FRAGMENTUM.

373 1687 652 1736 ΓΕΓΟΝΕ
690 1683 738 1735 δὲ
773 1684 897 1752 αὐτῷ
929 1684 1004 1733 καὶ
1032 1682 1227 1751 σφόδρα
1252 1682 1408 1751 σοφὸς
1435 1684 1460 1733 ὁ
1486 1685 1568 1746 τῆς
1596 1681 1882 1750 ὑφηγήσεως

299 1765 473 1832 τρόπος
512 1768 586 1816 καὶ
617 1763 743 1816 πολὺ
776 1764 832 1828 δὴ
872 1769 1058 1818 λεπτῶς
1096 1766 1172 1815 καὶ
1210 1764 1481 1832 εὐμηχάνως
1516 1763 1879 1827 ἐσκευασμένος.

299 1848 672 1898 διαποικίλλεται
709 1845 802 1912 γὰρ
829 1846 878 1897 ἔκ
903 1869 951 1896 τε
980 1850 1180 1909 νομικῶν
1208 1844 1499 1912 γραμμάτων
1525 1846 1601 1895 καὶ
1626 1867 1881 1908 πνευματι-

297 1933 392 1979 κῶν
442 1930 629 1978 ἐννοιῶν
678 1929 753 1978 καὶ
803 1930 886 1990 τῆς
936 1931 1030 1977 τῶν
1081 1926 1228 1992 ἁγίων
1268 1931 1529 1994 προφητῶν
1579 1925 1884 1992 πολυτρόπου

297 2007 707 2075 προαναῤῥήσεως,
735 2010 810 2058 καὶ
848 2006 1030 2061 σκοπὸς
1062 2008 1187 2077 αὐτῷ
1226 2007 1533 2076 καταδιδάξαι
1563 2010 1780 2074 πανταχῆ
1809 2009 1883 2058 καὶ
1903 2024 1925 2063 5

298 2090 560 2141 ἀναπείθειν
600 2088 706 2142 τοὺς
745 2089 1096 2157 ἐντευξομένους
1135 2089 1205 2140 ὅτι
1243 2089 1378 2140 τύποι
1415 2089 1501 2153 μὲν
1538 2088 1664 2153 ἦσαν
1703 2087 1763 2139 τὰ
1809 2088 1885 2140 διὰ

301 2171 547 2224 Μωυσέως
582 2169 668 2234 τὴν
694 2173 776 2234 τῆς
813 2170 1034 2231 ἀληθείας
1062 2171 1288 2221 ὠδίνοντα
1323 2170 1533 2233 δύναμιν,
1560 2168 1757 2234 ἀλήθεια
1785 2169 1833 2220 δὲ
1858 2170 1883 2220 ὁ

345 2323 556 2366 Fragmenta
578 2322 662 2356 haec
687 2327 770 2356 sunt
792 2321 918 2366 partim
937 2321 1144 2366 deprompta
1161 2333 1179 2355 e
1197 2321 1346 2355 Niketae
1365 2320 1625 2365 (Heracleensis
1643 2320 1735 2354 illius
1754 2326 1883 2354 metro-

298 2370 458 2413 politani)
478 2369 620 2408 Catena‚
638 2380 656 2402 e
674 2380 742 2413 qua
756 2368 864 2402 edidit
883 2368 919 2402 S.
940 2367 1060 2413 Cyrilli
1077 2368 1272 2412 fragmenta
1290 2368 1342 2401 vir
1359 2367 1584 2402 doctissimus
1603 2366 1721 2400 Maius
1739 2366 1775 2400 in
1790 2366 1882 2401 Bibl.

300 2415 402 2448 Nova
421 2415 562 2449 Patrum
580 2415 627 2448 iii.
647 2423 802 2459 107—127
831 2414 969 2458 (Codex
996 2426 1065 2458 quo
1091 2426 1178 2448 usus
1204 2415 1259 2448 ille
1285 2420 1337 2448 est
1362 2414 1395 2447 in
1418 2413 1636 2447 Bibliotheca
1655 2412 1884 2447 S.Ambrosii

300 2461 556 2494 Mediolanensi
575 2461 604 2494 E
623 2461 667 2505 63
687 2467 774 2505 part.
794 2461 855 2494 inf.
875 2466 1100 2494 conservatus
1119 2466 1239 2505 estque
1256 2460 1488 2504 bombycinus
1508 2470 1575 2492 sec.
1594 2459 1681 2492 sorte
1702 2459 1782 2498 xiii3
1817 2459 1883 2493 hoc

300 2507 413 2540 solum
435 2507 585 2540 Catenae
602 2507 708 2551 hujus
728 2507 934 2540 Niketianae
953 2506 1047 2551 quod
1066 2507 1214 2551 reperire
1231 2506 1330 2550 potui
1353 2506 1528 2550 exemplar
1546 2505 1588 2539 de
1613 2516 1705 2538 novo
1730 2516 1793 2549 pro
1818 2504 1882 2539 hac

300 2552 451 2586 editione
472 2554 614 2594 contuli,
632 2565 661 2586 a.
683 2553 849 2597 signans:
877 2554 1053 2596 exemplar
1071 2552 1254 2586 dimidium
1279 2553 1394 2585 solum
1417 2551 1600 2585 continens
1624 2552 1784 2591 alterum,
1803 2550 1882 2586 cod.

301 2598 531 2632 parisiensem
560 2599 636 2642 238,
661 2599 896 2632 membranae.
924 2610 991 2632 sec.
1018 2599 1105 2632 sorte
1129 2598 1187 2632 xii.
1205 2599 1260 2632 vel
1277 2598 1347 2632 xiii.
1371 2598 1522 2642 primum
1545 2596 1653 2630 edidit
1679 2608 1772 2631 anno
1794 2598 1881 2642 1843

303 2644 490 2678 Cramerus
516 2651 643 2686 noster,
662 2645 925 2689 fragmentaque
945 2644 1133 2688 Cyrilliana
1157 2655 1221 2688 pro
1245 2644 1309 2677 hac
1335 2644 1486 2678 editione
1511 2643 1553 2676 de
1579 2655 1671 2677 novo
1697 2643 1828 2677 contuli
1845 2643 1881 2679 b.

302 2691 481 2735 signans):
509 2691 634 2734 partim
653 2702 733 2723 vero
751 2702 768 2723 e
788 2690 876 2723 Cod.
895 2690 1040 2724 Coislin.
1061 2701 1128 2732 204
1145 2690 1292 2724 membr.
1310 2702 1378 2723 sec.
1397 2690 1486 2723 forte
1504 2689 1560 2722 xii.
1581 2689 1748 2723 catenam
1767 2689 1881 2723 diver-

302 2748 376 2770 sam
392 2737 590 2770 continente
602 2736 792 2781 eodemque
806 2735 971 2769 Cramero
989 2736 1090 2778 edita,
1106 2747 1209 2781 quem
1227 2747 1290 2781 pro
1308 2736 1371 2769 hac
1390 2736 1539 2769 editione
1554 2736 1668 2780 quoad
1686 2736 1882 2780 fragmenta

303 2782 491 2826 Cyrilliana
516 2782 558 2815 de
583 2793 675 2815 novo
701 2782 832 2815 contuli
863 2793 893 2815 c.
920 2782 1075 2824 signans.
1127 2782 1305 2816 Praeterea
1332 2788 1414 2816 sunt
1439 2783 1635 2827 fragmenta
1660 2794 1776 2826 parva,
1804 2788 1881 2816 tum

305 2829 398 2862 Maio
424 2840 533 2874 quum
554 2828 675 2872 Migne
701 2828 770 2861 fele
794 2828 895 2866 edita,
916 2839 1019 2871 parva
1039 2828 1190 2872 Syriaca,
1210 2840 1346 2862 necnon
1370 2828 1543 2861 Homiliae
1566 2828 1636 2861 duo
1655 2827 1824 2872 perfectae
1840 2834 1881 2862 ut

303 2874 441 2908 videtur
458 2875 492 2908 in
512 2874 640 2908 Codice
660 2875 801 2918 Syriaco
825 2882 947 2917 12155‚
967 2874 1026 2907 sol.
1044 2884 1213 2916 102-104.
1315 2885 1343 2908 1.
1371 2887 1388 2908 e
1407 2874 1495 2908 Cod.
1512 2874 1619 2908 Coisl.
1639 2873 1715 2908 Par.
1734 2873 1793 2907 fol.
1813 2874 1882 2919 236

306 2919 477 2965 [Cramer.
496 2933 530 2966 p.
548 2919 628 2966 115]
649 2932 753 2965 quem
772 2932 800 2954 c.
820 2920 966 2964 signavi,
986 2920 1045 2965 qui
1064 2922 1081 2954 ὁ
1098 2921 1259 2964 μακάριος
1277 2920 1312 2954 δέ
1331 2919 1501 2965 Κύριλλός
1519 2922 1608 2965 φησι
1626 2919 1827 2965 praemittit.
