2001 3257
67 533 198 582 S·.·Lu0.

67 587 121 607 vu.
141 585 193 617 37.

67 867 117 897 Ib.
133 866 202 897 viii.

68 918 120 949 43,
133 920 186 950 44-

57 1129 117 1159 Jb.
134 1130 186 1169 48.

66 2183 171 2213 Exod.

64 2227 182 2265 xii.48.

293 97 375 136 118
695 99 746 141 Β.
780 99 1058 142 CYRILLI
1097 101 1480 145 ALEXANDR.
1721 118 1791 145 xx,
1814 112 1878 155 17.

290 213 317 235 ‘⁶
345 208 454 257 ἀλλ’
473 211 513 258 οἱ
535 213 687 262 κακῶς
705 210 930 277 ἐχοντες.”
969 212 1134 261 οὐκοῦν
1151 211 1244 276 πρὸ
1263 211 1348 275 μὲν
1368 215 1451 276 τῆς
1472 211 1780 266 ἀναστάσεως
1797 215 1879 275 τῆς

291 289 341 338 ἐκ
368 294 543 355 νεκρῶν
570 292 838 359 ἀδιαφόρως
865 293 1146 358 ἐπεμίσγετο
1173 294 1361 347 δικαίοις
1389 316 1437 344 τε
1463 296 1538 344 καὶ
1566 295 1878 360 ἁμαρτωλοῖς·

292 371 521 432 ἀπεσόβει
542 372 590 422 δὲ
614 378 860 428 παντελῶς
881 372 1043 425 οὐδένα
1063 379 1158 425 τῶν
1176 375 1475 440 προσιόντων
1491 377 1630 445 αὐτῷ.
1670 377 1745 426 καὶ
1765 381 1880 441 γοῦν

246 452 273 493 b
292 455 354 505 εἰς
380 452 463 503 τὸν
490 451 615 504 οἷκον
643 461 726 505 τοῦ
744 456 1009 521 Φαρισαίου
1028 456 1404 526 κατακεκλιμὲνῳ
1430 456 1560 515 ποτὲ,
1582 457 1700 522 γυνὴ
1720 480 1880 524 παρει-

291 534 453 598 στήκει
490 535 739 599 κλαίουσα,
770 543 797 566 “
819 537 918 600 ἥτις
953 536 1010 602 ἧν
1049 538 1098 588 ἐν
1127 541 1186 605 τῇ
1225 537 1363 589 πόλει
1397 537 1719 604 ἀμαρτωλὸς,”
1757 537 1878 590 καθὰ

290 616 565 680 γέγραπται,
605 619 681 667 καὶ
726 616 811 682 τὴν
852 618 1227 688 ἀειφιλόκοσμον
1273 620 1570 671 ἀπολύσασα
1609 621 1762 688 τρίχα,
1803 622 1878 671 καὶ

289 695 427 759 μόλις
460 700 625 749 ἀνεῖσα
649 704 744 750 τῶν
770 701 980 768 ἀρχαίων
1005 705 1162 752 κακῶν
1187 702 1460 768 περιέματτε
1487 700 1594 756 τοὺς
1619 701 1781 765 πόδας,
1803 705 1878 753 καὶ

290 779 591 834 διακωλύσας
618 782 671 831 οὐ
699 782 928 848 φαίνεται·
983 782 1115 833 ἀλλά
1148 786 1223 834 καὶ
1256 783 1332 835 ὅτε
1369 789 1453 835 τοῦ
1485 784 1880 852 ἀρχισυναγώγου

291 861 344 911 τὸ
374 860 531 927 κόριον
558 864 729 928 ἐγερῶν
758 863 908 932 ἀπῄει,
937 864 1084 916 πάλιν
1109 870 1456 932 προσελθοῦσα
1483 873 1510 895 “
1531 865 1648 932 γυνὴ
1674 867 1722 916 ἐν
1747 864 1880 933 ῥύσει

293 950 320 972 “
336 943 529 1007 αἵματος
547 945 669 995 οὖσα
679 945 841 1014 ἥψατο
858 951 941 997 τοῦ
958 947 1230 1013 κρασπέδου
1239 948 1420 1010 αὐτοῦ,”
1441 950 1516 998 καὶ
1532 947 1880 1015 χαλεπαίνοντα

291 1023 376 1088 μὲν
403 1026 616 1090 οὐδαμῶς
649 1027 925 1093 εὑρήσομεν,
955 1027 1105 1094 λόγου
1132 1027 1181 1078 δὲ
1218 1033 1409 1092 μᾶλλον
1435 1029 1579 1094 αὐτὴν
1605 1029 1881 1098 ἀξιώσαντα

292 1114 519 1174 χρηστοῦ·
568 1115 594 1138 “
615 1109 836 1177 Θύγατερ
877 1109 985 1177 γὰρ,
1025 1110 1131 1179 ἔφη,
1171 1111 1199 1175 ἡ
1241 1111 1402 1165 πίστις
1442 1135 1534 1163 σου
1571 1111 1762 1162 σέσωκέ
1797 1135 1876 1174 σε,

252 1209 274 1236 e
294 1196 319 1217 ‘⁶
345 1189 546 1255 πορεύου
571 1194 632 1244 εἷς
659 1191 889 1257 εἷρήνην.”
937 1191 1068 1242 ἀλλὰ
1097 1191 1200 1243 τότε
1225 1191 1310 1255 μὲν
1337 1197 1653 1256 οἰκονομικῶς,
1682 1196 1758 1244 καὶ
1784 1199 1880 1248 τοῖς

291 1272 572 1337 ἀκαθάρτοις
598 1273 664 1323 ε”τι
694 1275 769 1323 καὶ
802 1273 1165 1337 μεμολυσμένον
1191 1273 1355 1342 ἔχουσι
1381 1277 1456 1326 καὶ
1484 1279 1627 1338 σῶμα
1653 1278 1727 1326 καὶ
1755 1282 1878 1339 νοῦν,

290 1354 618 1409 ἀδιακωλύτως
647 1355 759 1424 ε”ξῆν
785 1357 861 1406 καὶ
893 1357 1033 1420 αὐτῆς
1060 1359 1142 1419 τῆς
1169 1357 1305 1422 ἁγίας
1335 1355 1569 1407 ἅπτεσθαι
1594 1358 1772 1423 σαρκὸς
1797 1363 1880 1409 τοῦ

291 1437 510 1502 Σωτῆρος
555 1436 686 1501 ἡμῶν
730 1441 961 1503 Χριστοῦ,
1005 1439 1080 1488 καὶ
1127 1436 1320 1503 ἁπάσης
1364 1439 1581 1504 εὐλογίας
1623 1439 1879 1490 ἀπολαύειν

290 1520 371 1579 τῆς
397 1519 506 1584 παρ’
534 1519 693 1570 αὐτοῦ·
739 1518 895 1584 ἐπειδὴ
922 1519 970 1571 δὲ
997 1518 1083 1583 τὴν
1110 1521 1217 1571 καθ’
1246 1520 1367 1584 ἡμᾶς
1398 1520 1664 1586 πληρώσας
1697 1525 1874 1573 οἰκονο-

290 1599 414 1662 μίαν,
450 1602 524 1651 καὶ
564 1601 706 1652 αὐτὸν
741 1601 953 1664 ὑπέμεινε
989 1600 1071 1653 τὸν
1106 1601 1315 1667 σταυρὸν
1349 1604 1426 1653 καὶ
1461 1600 1544 1653 τόν
1575 1605 1647 1654 ἐπὶ
1684 1607 1878 1672 σταυρῷ

292 1680 509 1745 θάνατον,
536 1683 707 1744 ἀνεβίω
734 1706 784 1734 τε
813 1682 976 1747 πάλιν,
1003 1686 1078 1734 καὶ
1106 1682 1310 1735 θανάτου
1336 1685 1576 1749 κρείττονα
1600 1684 1686 1749 τὴν
1709 1686 1879 1736 οἰκείαν

292 1762 442 1830 φύσιν
482 1764 766 1829 ἀποδεικνὺς,
805 1765 1071 1817 ἀποκωλύει
1113 1765 1298 1829 λοιπὸν,
1337 1768 1413 1816 καὶ
1456 1767 1543 1834 οὐχ
1584 1768 1775 1829 ἑτοίμως
1813 1767 1879 1818 ἔτι

291 1845 524 1913 χαρίζεται
566 1852 660 1900 τοῖς
703 1853 990 1914 προσιοῦσιν
1040 1849 1165 1918 αὐτῷ
1210 1847 1263 1898 τὸ
1310 1850 1384 1899 καὶ
1426 1849 1569 1913 αὐτῆς
1615 1851 1697 1913 τῆς
1741 1850 1879 1915 ἁγίας

290 1926 527 1979 ἅπτεσθαι
561 1928 752 1995 σαρκὸς,
780 1930 928 1981 τύπον
954 1935 1053 1984 ταῖς
1085 1930 1238 1996 ἁγίαις
1272 1931 1543 1994 ἐκκλησίαις
1575 1933 1651 1982 καὶ
1677 1936 1744 2000 τῴ
1769 1933 1876 1982 καθ’

244 2016 272 2056 d
291 2009 456 2060 ἑαυτὸν
481 2011 727 2081 μυστηρίῳ
756 2011 810 2063 τὸ
845 2016 1043 2078 πρᾶγμα
1078 2013 1231 2074 τιθεὶς,
1260 2010 1314 2063 ὃν
1339 2016 1414 2062 καὶ
1451 2012 1589 2066 αὐτὸς
1620 2012 1729 2076 ἡμῖν
1754 2014 1778 2063 ὁ
1805 2012 1880 2064 διὰ

290 2097 374 2142 τοῦ
408 2092 666 2160 πανσόφου
708 2092 953 2147 Μωυσέως
990 2093 1159 2159 ἐδήλου
1199 2093 1351 2157 νόμος,
1388 2093 1463 2145 ὅτε
1504 2096 1579 2145 καὶ
1622 2099 1685 2149 εἷς
1726 2093 1879 2146 εἰκόνα

290 2177 507 2239 Χριστοῦ
537 2174 753 2227 διετύπου
781 2175 1055 2243 σφάζεσθαι
1089 2176 1172 2227 τὸν
1208 2176 1372 2239 ἀμνόν·
1417 2183 1445 2205 “
1471 2181 1565 2231 πᾶς
1598 2176 1690 2243 γάρ
1727 2182 1878 2247 φησιν

291 2263 318 2284 “
343 2257 653 2322 ἀπερίτμητος
698 2259 781 2307 οὐκ
822 2258 970 2308 ε”δεται
1011 2258 1089 2308 ἀπ’
1136 2259 1319 2320 αὐτοῦ,”
1363 2259 1678 2325 ἀπερίτμητον
1722 2259 1878 2325 λέγων

289 2338 371 2388 τὸν
398 2338 680 2405 ἀκάθαρτον.
735 2339 997 2406 ἀκάθαρτος
1034 2340 1081 2390 δὲ
1112 2338 1232 2391 κατά
1258 2363 1310 2405 γε
1349 2339 1434 2405 τὴν
1464 2341 1633 2391 οἰκείαν
1666 2341 1816 2409 φύσιν
1848 2341 1876 2405 ἡ

290 2419 597 2486 ἀνθρωπότης
635 2422 771 2471 νοοῖτ’
812 2419 870 2471 ἂν
908 2421 1106 2475 εἰκότως.
1155 2422 1205 2473 τί
1238 2421 1331 2488 γὰρ
1372 2424 1399 2487 ἡ
1439 2422 1691 2488 ἀνθρώπου
1731 2421 1877 2492 φύσις

291 2505 352 2555 ὡς
387 2501 506 2568 πρὸς
541 2502 627 2566 τὴν
659 2504 862 2553 ἐνοῦσαν
900 2505 966 2572 τῷ
998 2507 1107 2572 Θεῷ
1144 2504 1475 2570 καθαρότητα;
1531 2508 1602 2555 δεῖ
1629 2510 1877 2572 τοιγαροῦν

1899 557 1922 595 5

1903 968 1952 993 10

1899 1789 1951 1814 20

291 2585 373 2634 οὐκ
417 2583 753 2650 ἀπεριτμήτους
794 2585 874 2648 ἔτι,
918 2585 1176 2648 τουτέστιν,
1220 2586 1512 2652 ἀκαθάρτους
1554 2585 1875 2653 τυγχάνοντας
1897 2605 1949 2641 30

342 2770 396 2804 18.
422 2768 495 2814 ἐπὶ]
517 2773 553 2810 -1-
575 2771 621 2816 τῴ
642 2769 669 2803 I.
884 2780 938 2803 21.
964 2768 1078 2814 ἁγίας]
1104 2773 1139 2810 -ξ-
1160 2769 1263 2804 αὐτοῦ
1280 2781 1311 2803 a.
1527 2779 1582 2803 22.
1609 2771 1669 2803 τοῦ
1686 2767 1758 2803 καθ’
1776 2769 1878 2804 αὐτὸν

290 2816 479 2860 μυστηρίου
500 2815 526 2849 Ι.
546 2828 576 2850 a.
767 2826 821 2860 23.
847 2816 947 2851 αὐτὸς
965 2815 1041 2859 ἡμῖν
1057 2822 1280 2860 assumptum
1299 2828 1339 2850 ex
1359 2816 1400 2850 E.
1593 2826 1648 2858 24.
1666 2815 1828 2859 μωυσέως
1848 2816 1876 2850 Ι.

289 2863 443 2906 μωυσέος
462 2863 503 2898 Ε.
695 2863 749 2896 28.
777 2862 875 2896 vooir'
896 2863 971 2896 E.I.
990 2874 1020 2896 a.
1039 2865 1149 2897 νοοῖτο
1168 2862 1235 2898 Ed.
1425 2874 1481 2907 30.
1504 2862 1554 2896 ἔτι
1572 2868 1651 2907 post
1669 2862 1877 2907 ἀκαθάρτους

292 2915 529 2954 transponunt
549 2909 576 2944 I.
596 2922 626 2943 a.
