2012 3272
137 133 178 173 ii.
200 148 238 188 9.
482 135 550 175 IN
587 135 929 176 EPISTOLAM
966 135 1048 175 AD
1088 135 1419 176 HEBRAEOS.
1638 136 1721 175 389

137 242 184 292 δὲ
231 243 340 292 λίαν
391 243 415 292 ὁ
467 243 718 296 θεσπέσιος
770 247 966 297 Παῦλος
1024 246 1098 294 καὶ
1148 244 1449 309 περιίστησιν
1500 201 1837 308 εῦτε’χνως[1ῐ4
1852 200 1936 241 Μ’]

136 324 422 387 νενοσηκότα
449 324 508 375 τὰ
543 326 648 376 καθ’
678 326 798 388 ἡμᾶς
831 328 894 378 εὶς
928 324 1178 389 καινότητα
1213 323 1288 375 διὰ
1315 328 1545 390 Χριστοῦ·
1587 320 1719 385 καινὴ
1743 338 1845 369 200r.
1859 349 1889 369 v.

136 405 229 470 γὰρ
256 407 406 458 κτίσις
439 404 497 456 τὰ
530 407 579 456 ἐν
615 407 738 475 αὐτῷ
774 408 849 456 καὶ
884 405 943 456 τὰ
977 404 1063 470 μὲν
1095 407 1268 472 ἀρχαῖα
1298 408 1528 471 παρῆλθε,
1556 404 1719 469 γε’γονε
1742 389 1793 421 1⁷⁰

136 487 183 538 δὲ
209 488 364 538 πάντα
390 486 539 537 καινά·
592 485 730 538 τοῦτό
766 495 889 554 φησι
926 490 1000 537 καὶ
1037 488 1091 537 δι’
1121 486 1220 540 ἑνὸς
1257 491 1351 537 τῶν
1376 490 1638 553 προφητῶν
1664 485 1719 536 τὸ

93 572 115 609 5
139 573 332 632 Πνεῦμα
383 567 438 619 τὸ
480 567 654 632 “Ἀγιον
700 576 725 597 “
747 568 932 633 Θάρσει
984 567 1118 630 Σιὼν,
1165 566 1230 631 μὴ
1280 568 1623 634 παρείσθωσαν
1674 570 1719 617 αἱ
1738 574 1837 648 {gp}
1859 574 1903 605 iii.

135 658 162 679 “
188 650 336 717 χεῖρές
363 669 470 701 σου·
515 650 688 716 Κύριος
714 651 739 699 ὁ
766 648 887 702 Θεός
920 672 1013 700 σου
1051 651 1099 699 ἐν
1129 655 1206 699 σοὶ
1234 651 1440 702 δυνατῶς
1466 648 1632 699 σῶσαί
1662 671 1719 698 σε
1784 641 1791 653 ’
1833 627 1860 657 7·

136 739 163 761 ‘⁴
190 733 264 782 καὶ
290 734 546 782 ἀνακαινιεῖ
566 753 622 781 σε
649 732 696 781 ἐν
722 734 780 796 τῇ
807 730 1047 795 ἀγαπήσει
1075 731 1264 780 αὐτοῦ.”

209 813 489 881 Ἀποφαίνει
515 813 670 863 τοίνυν
697 813 721 862 ὁ
750 815 946 865 Παῦλος
973 811 1176 877 γυμνοὺς
1201 812 1321 875 ἡμᾶς
1355 815 1438 875 τῆς
1470 811 1612 880 δόξης
1638 814 1722 876 τῆς

134 893 286 945 πάλαι
312 894 646 959 δεδωρημένης·
691 893 765 945 διὰ
801 894 940 945 τοῦτό
972 899 1098 960 φησι
1126 901 1152 922 “
1174 897 1280 944 Νῦν
1307 893 1354 944 δὲ
1382 895 1512 944 οὔπω
1540 895 1720 959 ὁρῶμεν
1739 909 1847 950 Supra

69 990 117 1015 10
136 982 162 1005 “
190 977 315 1045 αὐτῷ
345 975 403 1026 τὰ
432 976 588 1027 πάντα
621 975 1019 1040 ὑποτεταγμενα.”
1073 977 1149 1025 καὶ
1184 976 1236 1025 οῦ
1264 974 1414 1039 δήπου
1441 979 1722 1042 φρονοῦμεν,
1740 954 1849 984 vene.

136 1056 254 1123 ὀρθὰ
280 1062 468 1125 φρονεῖν
494 1058 714 1124 ᾑρημένοι
745 1059 850 1122 περὶ
877 1056 977 1110 ἑνὸς
1003 1056 1254 1123 ἀνθρώπου
1287 1055 1346 1107 τὰ
1380 1055 1532 1107 τοιάδε
1565 1058 1724 1121 λέγειν

136 1138 290 1202 αὑτὸν,
338 1140 447 1190 ἀλλ’
497 1142 558 1192 ὡς
602 1141 650 1190 ἐν
695 1140 759 1190 ἑνὶ
803 1138 1051 1208 προσώπῳ
1100 1138 1183 1189 τὸν
1229 1139 1437 1190 καθόλου
1478 1139 1725 1202 σημαίνων

136 1221 399 1286 ἄνθρωπον,
444 1222 756 1284 σεσυλῆσθαί
799 1226 952 1287 φησιν
997 1219 1138 1270 αὐτὸν
1183 1223 1264 1284 τῆς
1309 1220 1462 1271 πάλαι
1507 1221 1726 1283 δοθείσης

136 1303 345 1355 εὐκλείας
389 1301 474 1366 τὴν
518 1303 721 1371 μέθεξιν.
785 1305 861 1353 καὶ
903 1303 1016 1353 ποία
1062 1324 1131 1355 τις
1177 1304 1307 1353 ἐστὶν
1346 1302 1374 1365 ἡ
1419 1307 1502 1352 τοῦ
1546 1300 1724 1354 παντὸς

71 1400 118 1438 15
138 1381 286 1448 λόγου
312 1383 592 1448 κατασκευὴ,
619 1384 668 1434 τί
695 1383 742 1435 δὲ
778 1383 832 1434 τὸ
868 1386 950 1447 τῆς
985 1385 1218 1450 εὐτεχνίας
1254 1383 1581 1449 συμπέρασμα
1609 1386 1721 1433 διει-

136 1469 240 1515 πεῖν
266 1467 536 1529 ἀναγκαῖον.
593 1465 844 1533 ἀποφαίνει
878 1465 971 1530 γὰρ
1006 1468 1089 1528 τῆς
1128 1465 1269 1533 δόξης
1307 1463 1610 1531 ἡμαρτηκότα
1650 1465 1726 1515 διὰ

136 1544 223 1608 τὴν
267 1547 315 1596 ἐν
359 1545 517 1609 Ἀδὰμ
560 1544 840 1612 παράβασιν
884 1547 958 1596 ἵνα
1008 1548 1083 1596 καὶ
1129 1545 1212 1596 τὸν
1255 1548 1337 1609 τῆς
1377 1546 1724 1614 ἐπαναλήψεως

138 1626 449 1696 ἀφηγήσηται
482 1627 658 1694 τρόπον
693 1630 769 1678 καὶ
807 1626 882 1678 οἶά
919 1651 988 1681 τις
1026 1626 1084 1689 ἧν
1118 1626 1305 1696 ἐμφάνῃ
1331 1627 1417 1691 τὴν
1442 1633 1525 1678 τοῦ
1561 1628 1724 1692 γένους

137 1709 373 1776 πτωχείαν
434 1709 508 1759 ἵνα
565 1709 693 1777 δείξῃ
754 1708 902 1760 πάλιν
957 1709 1040 1760 τὸν
1091 1709 1147 1760 δι’
1199 1709 1253 1760 οῦ
1310 1710 1720 1772 πεπλουτίσμεθα.

70 1815 120 1840 20
138 1790 432 1856 προσεπάγει
474 1789 567 1857 γὰρ
609 1790 743 1844 εὐθύς
788 1798 815 1820 “
837 1789 938 1841 Τὸν
976 1789 1025 1841 δὲ
1064 1790 1223 1857 βραχύ
1261 1813 1306 1841 τι
1343 1789 1453 1856 παρ’
1489 1789 1724 1856 ἀγγέλους

140 1879 165 1901 “
190 1872 522 1936 ἠλαττωμένον
546 1873 788 1936 βλέπομεν
813 1874 1003 1936 Ἰησοῦν
1030 1872 1105 1923 διὰ
1138 1870 1193 1922 τὸ
1229 1871 1426 1936 πάθημα
1460 1878 1543 1923 τοῦ
1575 1872 1720 1923 θανά-

139 1960 167 1982 “
192 1976 274 2003 του
313 1953 430 2022 δόξῃ
469 1955 546 2004 καὶ
583 1959 695 2022 τιμῇ
735 1954 1169 2022 ἐστεφανωμε’νον·”
1209 1952 1330 2008 Θεὸς
1364 1953 1456 2019 γὰρ
1487 1953 1552 2005 ὧν
1579 1953 1724 2022 φύσει

139 2034 261 2085 καθὰ
287 2034 564 2089 πλειστάκις
591 2036 835 2101 εἰρήκαμεν
862 2037 886 2085 ὁ
913 2037 963 2086 ἐκ
990 2039 1114 2086 Θεοῦ
1142 2034 1314 2099 Λόγος,
1336 2038 1535 2098 καθῆκεν
1560 2034 1724 2086 ἑαυτὸν

140 2119 202 2169 εἱς
236 2115 433 2166 κε’νωσιν
457 2118 533 2167 καὶ
568 2116 877 2184 κεχρημάτικε
911 2118 1015 2180 μεθ’
1046 2117 1178 2180 ἡμῶν
1204 2118 1266 2170 ὥς
1293 2116 1541 2181 ἄνθρωπος
1565 2116 1724 2184 βραχὺ

73 2220 121 2259 25
140 2199 248 2263 παρ’
295 2197 545 2263 ἀγγέλους,
590 2198 665 2248 ἵνα
709 2201 785 2249 καὶ
830 2198 1031 2262 ὑπήκοος
1075 2196 1283 2263 γεγονώς
1327 2201 1394 2266 τῷ
1444 2199 1601 2264 Πατρὶ
1649 2201 1723 2249 καὶ
1741 2214 1829 2246 Phil.
1842 2215 1875 2246 ii.
1888 2215 1919 2247 8.

139 2280 275 2346 με’χρι
316 2278 536 2342 θανάτου,
579 2279 696 2348 δόξῃ
738 2282 814 2331 καὶ
856 2283 968 2347 τιμῇ
1009 2278 1304 2347 στεφανώσῃ
1348 2278 1434 2343 τὴν
1472 2279 1724 2346 ἀνθρώπου

141 2360 304 2428 φύσιν,
349 2363 411 2415 ὡς
458 2360 520 2415 εἷς
564 2361 621 2430 ἐξ
666 2362 798 2425 ἡμῶν
824 2360 1204 2429 στεφανούμενος
1256 2360 1403 2411 καίτοι
1454 2364 1537 2424 τῆς
1582 2360 1724 2430 δόξης

143 2442 316 2508 Κύριος
342 2441 420 2494 ὧν.

216 2528 275 2574 Εἰ
300 2523 348 2575 δὲ
374 2524 430 2588 δή
457 2547 524 2578 τις
551 2524 683 2590 λε’γοι
717 2523 903 2588 μνήμης
933 2524 1010 2574 καὶ
1045 2525 1307 2587 ἐπισκοπῆς
1333 2523 1568 2592 ἠξιῶσθαι
1594 2523 1726 2590 παρὰ

74 2628 124 2665 30
142 2610 224 2656 τοῦ
260 2609 385 2656 Θεοῦ
412 2605 574 2671 Λόγου
611 2606 692 2657 τὸν
734 2608 784 2656 ἐκ
821 2608 904 2669 τῆς
941 2606 1077 2672 ἁγίας
1114 2605 1351 2671 παρθένου
1388 2604 1725 2670 γεγεννημένον

142 2686 408 2753 ἄνθρωπον,
436 2687 772 2753 εὐεργετῆσθαί
803 2709 852 2737 τε
888 2686 1030 2737 αὐτὸν
1064 2689 1139 2737 καὶ
1172 2687 1404 2755 ἠξιῶσθαι
1440 2690 1574 2750 τιμῆς
1610 2685 1724 2752 ὑπὲρ

143 2769 261 2819 ἰδίαν
295 2769 458 2837 φύσιν,
490 2772 761 2832 κατακομιεῖ
793 2767 877 2831 μὲν
910 2766 1075 2834 ὥσπερ
1113 2772 1175 2821 εἷς
1213 2771 1304 2834 γῆν
1336 2774 1418 2819 τοῦ
1457 2769 1720 2834 μυστηρίου

727 2917 760 2951 6.
788 2915 951 2961 δυνατῶς]
973 2916 1026 2951 Ita
1044 2915 1133 2952 Cod-
