2012 3272
632 697 1132 763 CYRILLI

421 881 879 918 ARCHIEPISCOPI
925 880 1337 916 ALEXANDRINI

241 1081 723 1129 FRAGMENTA
783 1081 990 1140 QUOT
1051 1080 1518 1129 SUPERSUNT

355 1226 429 1274 IN
477 1226 869 1275 EPISTOLAM
919 1226 1015 1272 AD
1065 1225 1419 1274 ROMANOS.

141 1415 371 1463 Fragmenta
398 1415 488 1452 haec
518 1419 608 1453 sunt
638 1416 778 1464 partim
807 1415 1034 1464 deprompta
1060 1428 1080 1451 e
1106 1415 1190 1452 Cat.
1211 1415 1249 1451 in
1272 1414 1369 1451 Bibl.
1390 1413 1576 1451 Vaticana
1605 1427 1676 1452 sec.

87 1470 152 1515 xii,
174 1483 194 1506 e
214 1482 290 1518 qua
309 1469 509 1518 descripsit
530 1468 726 1518 ediditque
745 1470 959 1517 fragmenta
980 1469 1027 1506 D.
1043 1468 1179 1518 Cyrilli
1199 1468 1259 1505 vir
1279 1467 1520 1506 doctissimus
1537 1468 1617 1505 Mai
1636 1469 1676 1505 in

87 1523 186 1560 Bibl.
204 1524 303 1562 Nov.
318 1523 477 1561 Patrum
497 1523 547 1560 iii.
570 1532 667 1571 1—47
692 1522 769 1574 (eui
782 1523 948 1560 Catenae
964 1522 1143 1560 convenit
1164 1523 1283 1559 codex
1305 1525 1434 1560 noster
1449 1522 1677 1560 Bodleianus

87 1577 133 1614 E.
154 1577 192 1613 ii.
219 1590 266 1614 20
293 1577 417 1626 capita
445 1576 573 1626 priora
602 1581 685 1614 octo
714 1576 912 1614 continens
941 1581 979 1613 et
1007 1590 1027 1614 e
1056 1576 1195 1614 Codice
1225 1575 1417 1613 Gaditano
1448 1576 1674 1625 descriptus,

87 1630 269 1668 Cramero
289 1636 420 1669 nostro
436 1644 536 1668 anno
561 1633 661 1676 1844
683 1630 823 1681 editus)
841 1643 848 1667 :
878 1630 1023 1679 partim
1042 1643 1131 1667 vero
1152 1643 1171 1667 e
1192 1630 1271 1667 cod.
1295 1629 1515 1667 Monacensi
1537 1630 1573 1681 (e
1594 1643 1675 1679 cap.

87 1684 151 1721 vii.
176 1693 195 1732 7
228 1684 448 1734 incipiente)
472 1697 561 1731 412,
597 1684 686 1721 olim
720 1684 960 1734 Augustano,
993 1685 1291 1730 membranaceo,
1327 1696 1396 1721 see.
1433 1683 1473 1720 xi
1507 1688 1675 1729 exarato,

88 1737 270 1776 Cramero
298 1738 516 1788 supradicto
541 1743 578 1775 et
598 1738 681 1787 ipso
703 1738 815 1775 edito.
873 1738 1031 1776 Codices
1058 1738 1134 1775 duo
1160 1737 1399 1786 posteriores,
1422 1737 1675 1774 Bodleianum

88 1805 224 1841 nempe
243 1796 281 1829 et
302 1792 568 1829 Monaeensem
594 1805 662 1840 pro
682 1791 752 1829 hae
779 1792 947 1830 editione
978 1791 1120 1829 iterum
1150 1791 1307 1838 contuli,
1327 1804 1490 1841 quorum
1510 1791 1677 1840 priorem

89 1846 121 1882 B
141 1845 300 1894 signavi,
320 1846 486 1883 alterum
506 1846 553 1883 A.

142 1899 213 1937 Est
243 1899 283 1936 in
313 1899 410 1937 Bibl.
439 1899 637 1949 Imperiali
661 1899 871 1937 Viennensi
905 1899 1068 1946 [Nessel.
1094 1900 1178 1937 166.
1213 1899 1347 1936 Lamb.
1380 1900 1450 1946 46]
1486 1899 1678 1949 fragmen-

87 1957 173 1991 tum
202 1957 355 1991 catenae
386 1954 495 2000 (folia
516 1956 565 2002 69
587 1953 856 2002 complectens)
878 1953 1022 1991 Niketa
1042 1953 1141 1991 forte
1167 1957 1330 1990 auctore.
1390 1952 1520 2000 Quum
1550 1956 1678 1990 autem

88 2007 139 2044 D.
162 2006 296 2056 Cyrilli
315 2007 427 2057 plura
446 2008 494 2044 ad
514 2021 628 2057 opera
647 2007 721 2044 alia
740 2007 852 2056 plane
871 2020 938 2056 per
941 2007 1076 2053 tinent,
1097 2006 1273 2056 reliqua
1263 2020 1303 2043 1n
1324 2006 1422 2043 ealce
1442 2006 1609 2044 exhibui

143 2061 191 2097 In
209 2074 287 2098 ver.
317 2074 326 2097 1
354 2074 373 2098 e
393 2061 475 2100 Cat.
494 2061 631 2098 Vienn.
654 2061 717 2098 fol.
741 2063 762 2098 8
785 2075 820 2098 v.
853 2061 916 2098 Καὶ
935 2063 1093 2097 δοῦλον*
1077 2064 1195 2097 εαυτὸν
1214 2062 1389 2107 ὀνομάζει
1384 2060 1502 2108 Ιησοῦ
1524 2062 1678 2108 Χριστοῦ

89 2116 133 2152 ὧς
159 2119 245 2151 Θεοῦ
274 2117 356 2151 κατὰ
383 2115 492 2162 φύσιν
518 2117 578 2151 κᾶν
606 2118 648 2152 ὡς
678 2115 851 2162 ἅνθρωπος
879 2116 1016 2162 λέγηται
1041 2118 1202 2162 Χριστός·
1243 2116 1318 2150 ἔστι
1345 2116 1411 2162 γὰρ
1440 2116 1492 2150 καὶ
1518 2116 1553 2150 ἐν
1578 2116 1678 2161 σαρκὶ

88 2170 302 2215 πεφηνὼς,”
282 2185 365 2216 οπερ
388 2185 427 2214 ην
446 2171 498 2205 καί
527 2171 600 2205 ἐστι
624 2171 676 2204 καὶ
704 2170 813 2213 ἕσται,
834 2170 930 2212 Θεὸς,
952 2169 1012 2203 κᾶν
1040 2169 1068 2204 εἷ
1096 2172 1205 2204 νοοῖτο
1227 2169 1414 2215 ἅνθρωπος.
1448 2169 1680 2215 ἐπιμαρτυρῶν

90 2222 148 2258 οῦν
176 2224 265 2271 αὐτῷ
290 2225 348 2268 τῆς
376 2225 458 2258 κατὰ
487 2223 595 2270 φύσιν
623 2224 778 2267 θεότητος
805 2224 843 2257 τὸ
871 2223 1064 2268 περιφανὲς,
1095 2223 1218 2258 δοῦλον
1247 2223 1362 2256 ἑαυτὸν
1391 2222 1542 2266 ὀνομάζει
1559 2219 1679 2269 Ἰησοῦ

91 2278 256 2324 Χριστοῦ,
275 2277 449 2312 τουτέστιν
469 2278 503 2312 ἐν
522 2277 710 2322 ἀνθρωπεία
729 2278 845 2322 μορφῇ
866 2277 1040 2322 πεφηνότα
1061 2273 1146 2325 (Sic)
1166 2279 1226 2311 τοῦ
1245 2278 1468 2321 Μονογενοῦς.

144 2342 164 2366 e
184 2329 245 2366 fol.
269 2342 328 2366 10.
350 2329 402 2364 *H
424 2332 547 2375 κλητὸν
569 2331 685 2365 ἑαυτὸν
712 2332 817 2370 καλεῖ,
838 2328 890 2364 ἵνα
915 2328 1009 2373 μήτις
1038 2329 1112 2373 ε’ίπῃ
1143 2329 1194 2365 ὅτι
1222 2330 1406 2373 αὐτόμολος
1434 2327 1537 2372 ἢλθεν
1565 2329 1612 2365 εἷς
1638 2330 1678 2363 τὸ

90 2385 148 2428 τῆς
166 2384 361 2429 ἀποστολῆς
380 2384 484 2429 ὄνομα
503 2383 555 2419 καὶ
574 2386 697 2430 χρῆμα,
719 2385 825 2431 ἑαυτῷ
844 2383 904 2428 τὴν
922 2383 1019 2428 τιμὴν
1037 2384 1193 2429 ἁρπάσας
1220 2384 1263 2419 ὡς
1290 2384 1320 2417 οἱ
1348 2384 1523 2429 λεγόμενοι
1548 2383 1679 2428 ψευδο-

90 2438 261 2483 πρόφηται
288 2438 365 2484 περὶ
394 2439 438 2472 ὧν
460 2437 584 2483 ἐλέχθη
615 2437 685 2471 Οὐκ
713 2437 904 2472 ἀπέστελον
933 2437 1011 2472 τοὺς
1038 2436 1218 2482 προφήτας
1249 2437 1301 2471 καὶ
1331 2435 1600 2482 αὐτοΓὲτρεχον,
1621 2436 1679 2470 οὐκ

91 2490 244 2535 ἐλάλησα
271 2492 356 2537 πρὸς
383 2492 504 2527 αὐτοὺς
531 2492 583 2525 καὶ
609 2491 703 2525 αὐτοὶ
730 2489 973 2536 προεφήτευον,
994 2489 1084 2524 ἀλλὰ
1103 2491 1234 2534 κληθεὶς
1255 2491 1320 2525 ὑπὸ
1340 2492 1399 2524 τοῦ
1419 2489 1612 2534 Πνεύματος
1633 2490 1680 2526 εἷς

92 2543 297 2589 ἀποστολήν.

146 2609 166 2633 e
185 2596 248 2634 fol.
271 2609 330 2632 12.
362 2598 425 2632 Καὶ
452 2598 540 2642 τάχα
569 2596 782 2644 εὖαγγελιον
800 2598 890 2632 Θεοῦ
919 2597 1012 2643 λέγει
1040 2596 1197 2632 τουτέστι
1225 2599 1387 2643 Χριστοῦ·
1417 2596 1586 2640 ὀνομάσας
1612 2596 1679 2642 γὰρ

93 2652 241 2696 Χριστὸν
258 2651 403 2695 Ἰησοῦν,
424 2651 463 2685 τὸ
483 2651 534 2686 εντ’
553 2652 654 2685 αυτὸν
673 2650 823 2697 κήρυγμα
841 2650 1056 2717 εὖαῖγέλιον
1076 2652 1166 2686 Θεοῦ
1186 2652 1303 2717 φησιν.

147 2702 195 2738 ΙΙΙ
214 2716 289 2740 ver.
317 2715 335 2739 2
358 2716 377 2739 e
398 2702 460 2739 fol.
485 2715 527 2739 12
549 2716 583 2740 V.
625 2705 688 2739 Καὶ
716 2705 755 2738 οὐ
783 2705 986 2749 πρόσφατόν
1015 2719 1090 2739 εστι
1119 2705 1157 2739 τὸ
1186 2705 1240 2739 ε’πὶ
1268 2707 1315 2751 τῷ
1343 2706 1483 2751 Χριστῷ
1513 2701 1677 2748 κήρυγμα,

92 2758 309 2803 τετηρημένον
328 2758 364 2792 δὲ
384 2759 551 2802 μᾶλλον
536 2773 580 2793 ως
607 2758 642 2792 ε’ν
659 2759 852 2803 προγνώσει
872 2758 1005 2803 Πατρὸς
1031 2772 1083 2792 και
1107 2758 1159 2792 διὰ
1180 2759 1295 2803 φωνῆς
1323 2758 1425 2803 ἁγίων
1443 2758 1679 2802 προεπηγγελ-

93 2809 200 2853 μένον,
221 2811 256 2844 ἐν
282 2812 445 2857 ψαλμοῖς,
473 2811 510 2845 ἐν
532 2808 644 2856 ἡσαΐᾳ,
667 2811 702 2845 ἐν
728 2811 938 2857 εὐαγγελίοις
966 2811 1020 2845 διὰ
1047 2814 1105 2845 τοῦ
1126 2810 1289 2857 Γαβριὴλ.
1328 2809 1585 2856 προεπὴγγελτο
1613 2809 1680 2854 γὰρ

95 2863 146 2896 καὶ
163 2866 394 2910 προανεφώνει
414 2866 431 2897 ὁ
452 2865 536 2900 Θεὸς
558 2865 617 2908 τὴν
634 2867 694 2899 τοῦ
712 2867 864 2910 Χριστοῦ
885 2864 1052 2910 γέννησιν,
1074 2865 1126 2899 καὶ
1154 2864 1262 2900 πολὺς
1290 2862 1329 2907 ἦν
1357 2864 1433 2910 περὶ
1463 2864 1563 2897 αὐτοῦ
1589 2862 1679 2906 παρὰ

95 2917 164 2951 τοῖς
182 2917 288 2962 ἁγίοις
306 2916 498 2963 προφήταις
517 2919 633 2964 λόγος.

150 2967 197 3003 In
216 2981 290 3005 ver.
317 2982 337 3016 3
365 2983 384 3006 e
405 2969 468 3006 fol.
498 2979 556 3015 15.
598 2972 661 3005 Καὶ
690 2972 748 3006 τὰς
777 2974 842 3005 τῶν
870 2971 1226 3017 μεμυσταγωγημένων
1255 2970 1392 3009 ἐννοίας,
1425 2969 1462 3002 οὐ
1494 2969 1591 3013 μέχρι
1623 2968 1681 3011 τῆς
