2012 3272
88 122 156 162 vii.
181 134 247 163 21.
419 122 487 163 IN
524 123 870 163 EPISTOLAM
906 123 989 163 AD
1028 123 1335 164 ROMANOS.
1590 124 1673 164 207

87 231 204 282 ὅσον
243 230 352 295 ἧκεν
377 232 437 284 εἵς
463 256 516 298 γε
552 232 606 283 Τὸ
634 234 759 301 αὐτῷ
798 236 981 294 δοκοῦν)
1008 232 1064 296 ἧν
1093 233 1149 283 ἂν
1177 233 1268 302 ἔξω
1309 234 1383 283 καὶ
1424 232 1671 298 ἁμαρτίας·
1714 188 1784 229 [23
1802 186 1883 228 M]

85 313 238 377 ἐπειδὴ
265 313 314 364 δὲ
347 313 698 384 δυσδιάφυκτον
726 314 940 378 ὑπομένει
970 315 1266 384 πλεονεξίαν,
1295 316 1362 380 ε’ίη
1389 313 1447 365 ἀν
1475 314 1674 377 εἰκότως,

86 398 168 447 οὐκ
210 397 352 447 αὐτοῦ
393 396 450 459 δὴ
490 401 693 460 μᾶλλον,
733 396 862 448 ἀλλὰ
908 403 991 448 τοῦ
1029 403 1422 451 πλεονεκτοῦντος
1461 399 1489 461 ἡ
1529 398 1669 448 αἰτία·

85 479 307 547 ταύτῃτοί
338 484 490 546 φησιν
520 484 569 528 Ei
599 477 692 530 ὃὲῧ
729 483 771 530 οὐ
808 478 916 530 θέλω
954 479 1055 545 ἐγω,
1093 482 1211 531 τοῦτο
1251 480 1376 538 ποιῶ,
1408 479 1546 530 οὐκέτι
1586 478 1674 545 ἐγῶ

45 574 66 611 5
89 562 427 631 κατεργαζομαι
456 561 575 621 αὐτὶ,
602 564 712 611 ἀλλ’
740 587 761 621 η
791 563 970 612 οἰκοδο-α
998 563 1036 612 ἐν
1064 562 1157 629 ἐμοὶ
1187 566 1408 629 ἁμαρτία.

161 643 299 694 Ε’ίποι
339 642 387 693 δὲ
415 643 473 692 ὀίν
511 666 580 697 τις
611 641 743 709 ςΑρα
776 643 818 694 εἴ
845 666 965 698 τινες
1004 648 1098 694 τῶν
1124 644 1380 710 ἀλιτηρίων
1411 643 1673 710 βαρβάρων

85 724 281 790 πόλινῆ
314 726 475 793 χώραν
509 725 914 793 καταδῃώσαντες,
942 724 1041 776 εἶτα
1076 725 1385 792 δορυκτήτους
1416 731 1510 777 τῶν
1550 728 1668 777 ἐνοι-

85 807 291 859 κούντων
332 806 518 861 ἑλόντες
560 807 688 861 τινὰς
731 806 813 858 τὸν
851 810 934 871 τῆς
979 809 1192 861 δουλείας
1233 809 1388 859 αὐτῶν
1430 811 1674 860 ἐπιτιθεῖεν

86 889 239 956 ζυγόν·
295 893 337 940 οἱ
380 890 428 940 δὲ
468 895 608 940 τοῦτο
648 888 935 943 πεπονθότες
984 891 1046 943 ὡς
1089 891 1145 958 ἐξ
1183 891 1439 956 ἀναγκαίου
1481 893 1674 954 δεσμοῖς

19 991 68 1017 10
85 978 178 1027 τοῖς
209 977 303 1023 τῶν
337 972 632 1038 κρατούντων
659 971 820 1022 ε’ίκοιεν
846 970 1018 1035 νόμοις,
1046 972 1213 1036 μώμου
1251 974 1326 1023 καὶ
1358 976 1549 1042 γραφῆς
1585 970 1672 1023 εἶεν

85 1053 143 1104 ἂν
171 1054 306 1123 ἄξιοι,
336 1054 406 1105 ὅτι
444 1053 561 1117 μήτε
594 1054 807 1115 ἀμείνους
846 1056 927 1117 τῆς
966 1053 1173 1120 ἀνάγκης
1204 1057 1309 1117 εἰσὶ,
1336 1056 1451 1120 μήτε
1490 1055 1584 1120 μὴν
1618 1054 1672 1106 τὸ

84 1137 261 1204 σφίσιν
288 1137 441 1190 αὐτοῖς
476 1135 562 1200 ἡδὺ
598 1137 907 1202 διαπεραίνειν
934 1135 1273 1201 σπουδάζουσι,
1300 1139 1382 1201 τῆς
1415 1142 1510 1188 τῶν
1535 1160 1668 1189 τετυ-

83 1217 382 1284 ραννηκότων
417 1217 747 1283 ἀλογήσαντες
784 1219 1038 1287 ἐξουσίαςς
1089 1220 1200 1269 ἀλλ’
1229 1221 1312 1270 οὐκ
1345 1217 1403 1270 ἂν
1438 1217 1571 1282 οἶμαί
1603 1243 1674 1274 τις

85 1299 250 1353 αὐτοὺς
277 1299 463 1353 εἰκότως
491 1299 863 1364 διαμωμήσαιτο.
906 1301 959 1351 οὑ
986 1301 1078 1366 γὰρ
1105 1301 1213 1369 ἐξὸν
1240 1303 1455 1352 ἀνεῖσθαι
1481 1301 1673 1353 δουλεύ-

19 1400 66 1438 15
86 1404 235 1444 ουσιν,
282 1382 457 1433 εἴκουσι
509 1381 556 1432 δὲ
608 1384 670 1435 ὡς
720 1382 840 1447 ε”φην
891 1387 992 1435 ταῖς
1044 1382 1330 1447 ἀβουλήτοις
1381 1388 1668 1452 συμφοραῖς.

86 1464 309 1517 ἀλύοντες
360 1463 445 1525 μὲν
497 1462 566 1514 ὅτι
612 1467 694 1527 τῆς
740 1465 1003 1530 ἐλευθερίας
1053 1465 1342 1531 ἐστέρηνται,
1383 1469 1480 1519 τοῖς
1525 1464 1674 1531 γεμὴν

85 1545 408 1612 ἀλκιμοτέροις
435 1545 492 1614 ἐξ
527 1544 734 1611 ἀνάγκης
761 1546 1018 1609 ἡττώμενοι
1059 1549 1134 1596 καὶ
1162 1547 1248 1614 οὐχ
1275 1547 1455 1601 ἕκοντες
1481 1547 1674 1598 δουλεύ-

85 1650 234 1680 ουσιν.
283 1627 394 1678 ἀλλ’
427 1627 554 1693 ε’ίπερ
578 1629 681 1678 ἐστὶ
705 1634 844 1679 τοῦτο
883 1634 965 1679 τοῦ
992 1627 1167 1682 εἰκότος
1193 1631 1246 1679 οὐ
1285 1628 1485 1695 μακρὰν,
1517 1631 1674 1694 ἀπηλ-

86 1710 253 1777 λάχθω
298 1713 487 1776 γραφῆς
534 1711 558 1759 ὁ
604 1710 897 1775 ἀνθρώπινος
949 1715 1055 1764 νοῦς
1105 1712 1179 1761 ἐπὶ
1231 1715 1326 1764 τοῖς
1370 1713 1453 1774 τῆς
1494 1710 1674 1777 σαρκὸς

18 1814 67 1839 20
88 1791 472 1858 ἀῤῥωστήμασιν.
512 1792 623 1842 ἀλλ’
652 1790 710 1856 ἧν
741 1792 810 1842 ἐπ’
840 1793 980 1861 αὐτῷ,
1008 1794 1146 1859 φησί,
1174 1795 1250 1843 καὶ
1285 1791 1338 1844 τὸ
1375 1792 1441 1856 μὴ
1480 1793 1674 1844 ἑλέσθαι

85 1875 216 1939 δρᾶν·
271 1873 362 1973 ἔχει
407 1872 500 1940 γὰρ
541 1872 680 1927 αὐτὸς
720 1873 803 1928 τὰς
842 1878 937 1924 τῶν
981 1873 1264 1939 θελημάτων
1303 1875 1449 1939 ἡνίας.
1506 1877 1673 1926 οὐκοῦν

85 1955 209 2006 ε’στω
247 1958 323 2006 καὶ
363 1956 641 2024 πλεονεξιας
679 1956 878 2018 ἀμείνων
917 1958 993 2006 καὶ
1032 1955 1371 2022 ἀτυράννευτος
1409 1958 1672 2023 ἁμαρτίαις.

86 2040 124 2087 εἰ
167 2036 214 2088 δὲ
255 2037 511 2090 δύσοιστος
551 2060 627 2087 και
670 2038 753 2088 οὐκ
798 2036 1047 2101 εὐάντητος
1091 2038 1119 2101 ἡ
1161 2041 1244 2102 τῆς
1288 2038 1465 2104 σαρκὸς
1513 2039 1673 2107 φύσις,

88 2119 474 2187 κατεξανιστᾶσα
511 2122 577 2187 τῷ
616 2121 681 2169 νῶ
719 2118 805 2183 τὴν
840 2120 1072 2170 ἀτίθασον
1110 2119 1297 2183 ἡδονὴν,
1332 2118 1587 2186 ἀργότερος
1625 2119 1674 2171 δὲ

19 2217 67 2256 25
86 2199 202 2265 πρὸς
240 2201 506 2266 ἐπικουρίαν
533 2169 563 2250 ὁι
586 2200 743 2263 νόμος·
793 2201 846 2250 οὐ
877 2200 970 2267 γὰρ
997 2201 1090 2267 ἔχει
1122 2200 1176 2251 τὸ
1211 2201 1443 2251 δύνασθαι
1483 2207 1674 2267 νεκροῦν

86 2281 326 2348 ἁμαρτίας·
369 2282 451 2332 οὐκ
502 2280 560 2331 ἂν
602 2282 878 2346 ἐγκαλέσειέ
922 2304 991 2335 τις
1033 2283 1218 2336 δικαίως
1261 2281 1332 2333 ὅτι
1376 2282 1441 2346 μὴ
1486 2284 1576 2351 δρᾷ
1617 2281 1673 2334 τὸ

85 2363 270 2425 ἀμεῖνον
295 2361 354 2413 τὰ
378 2364 551 2430 αἰσχίω
577 2363 746 2426 μεθείς·
791 2361 878 2413 κᾶν
903 2366 940 2413 εἰ
967 2362 1064 2430 ε”χοι
1090 2359 1234 2432 τυχὸν
1259 2363 1343 2417 τὰς
1369 2368 1464 2415 τῶν
1490 2366 1538 2414 ἐν
1563 2364 1674 2428 ἡμῖν

87 2442 365 2508 θελημάτων
391 2444 533 2508 ἡνίας.

92 2587 283 2645 Εὑρίσκω
326 2589 409 2646 ἄρα
448 2589 520 2632 τὸν
559 2590 689 2638 νόμον
727 2592 790 2645 τῷ
828 2592 994 2632 θέλοντι
1031 2588 1122 2640 ἐμοὶ
1163 2588 1300 2632 Ποιεῖν
1338 2591 1386 2632 τὸ
1424 2590 1569 2641 καλὸν,
1607 2591 1740 2632 ὅτι2ι

21 2695 70 2730 30
548 2672 643 2721 ἐμοὶ
679 2672 728 2715 τὸ
767 2673 898 2714 κακὸν
936 2674 1207 2730 Παρὰκειται.

152 2771 321 2841 ”Αθρει
354 2775 410 2840 δὴ
444 2776 592 2827 πάλιν
619 2779 681 2830 ὡς
715 2781 885 2844 σοφῶς
918 2779 994 2828 καὶ
1029 2778 1255 2845 εὐτέχνως
1287 2777 1563 2845 ἀποδέχεται
1589 2775 1672 2826 τὸν

140 2898 169 2921 1.
195 2888 248 2921 καὶ
264 2899 334 2923 om.
353 2890 398 2924 A.
712 2901 746 2936 5.
772 2889 935 2936 ἁμαρτία]
957 2890 1057 2928 Quae
1075 2897 1272 2937 sequuntur
1288 2891 1331 2925 ad
1350 2892 1410 2925 fin.
1430 2890 1552 2925 scholii
1570 2890 1670 2926 nobis

91 2933 262 2977 supplevit
279 2934 312 2968 A
329 2947 387 2980 pp.
407 2935 464 2980 63,
483 2936 539 2978 64.
730 2948 786 2981 3¹·
814 2938 878 2971 Καὶ
895 2937 991 2982 ἄθρει
1009 2939 1052 2972 A.
1104 2937 1229 2972 Statim
1248 2938 1283 2972 δέ
1302 2949 1363 2982 pro
1381 2937 1420 2980 δὴ
1440 2936 1483 2971 Β.
