1981 3267
267 124 323 163 32
671 123 722 163 Β.
754 123 1030 164 CYRILLI
1072 124 1456 167 ALEXANDR.
1570 125 1685 166 xviii.
1707 125 1771 173 18,
1792 136 1854 177 19.

205 285 251 321 18
275 283 549 327 Εῖστύκεισαν
590 284 635 326 δὲ
680 283 718 325 οἷ
762 285 910 326 δοῦλοι
960 286 1028 326 καὶ
1071 284 1109 327 οἰ
1151 288 1360 344 ὑΠΗρὲται
1403 286 1636 345 ἀνθρακίαν
1678 301 1858 328 ΠεΠοιι-ι-

339 368 473 419 κότεε,
513 369 577 409 ὅτι
614 368 749 423 ψύχος
788 365 852 419 ἦν,
888 368 956 408 καὶ
991 369 1310 425 ἐθερμαίνοντο·
1360 368 1410 413 ἦν
1445 371 1491 412 δὲ
1530 369 1598 411 καὶ
1634 371 1656 414 ὀ
1693 369 1858 425 Πέτρος

223 451 252 493 d
336 451 473 493 ἑστὼς
509 451 593 499 μετ’
632 450 775 492 αὐτῶν
808 451 877 491 καὶ
915 453 1265 508 θερμαινόμενος.

346 563 482 614 Ε’ίσω
509 568 664 630 θυρῶν
690 563 870 618 ἐλάσας
898 566 922 615 ὁ
951 564 1131 630 Πέτρος
1156 568 1231 617 καὶ
1263 572 1359 620 τοῖς
1396 567 1590 620 οἰκέταις
1617 567 1852 629 ἐναπολη-

268 648 416 714 φθεὶς,
439 645 498 697 τὰ
524 647 707 696 ἐκείνων
734 649 849 712 δρᾶν
876 648 1182 714 ὑποκρίνεται,
1210 650 1358 700 καίτοι
1393 652 1451 716 τῇ
1483 649 1613 716 λύπῃ
1646 670 1849 698 κεκακω-
1875 668 1898 706 5

265 728 416 791 με’νος,
448 730 523 779 καὶ
562 729 821 779 δύσοιστον
859 729 978 796 ἔχων
1017 732 1065 780 ἐν
1104 731 1271 799 καρδίᾳ
1305 731 1391 794 τὴν
1430 731 1645 793 ἀθυμίαν,
1678 730 1752 780 ἵνα
1790 729 1856 794 μὴ

267 812 333 878 τῷ
360 815 564 879 κατηφεῖ
585 814 661 860 καὶ
686 809 1011 874 συμμεμυκότι
1038 812 1284 882 προσώπῳ
1319 813 1599 881 κατάφωρος
1635 813 1852 878 εὑρεθεὶς,

267 894 440 943 ὡσανεὶ
467 896 533 962 τῷ
560 892 814 962 κρινομένῳ
840 893 1230 960 συναλγύνεσθαι
1258 899 1428 963 φιλῶν,
1456 898 1538 958 τῆς
1564 899 1658 945 τῶν
1683 899 1857 945 ποθου-

264 973 418 1037 μένων
456 975 747 1039 ἐκπέμπηται
786 975 947 1041 θήρας.
1015 977 1245 1027 ἀπίθανον
1282 976 1376 1043 γὰρ
1415 979 1581 1040 κομιδῆ
1621 976 1674 1027 τὸ
1716 983 1857 1044 φιλο-

265 1061 461 1121 σαρκεΐν
492 1058 639 1110 οὕτως
678 1057 860 1108 οἴεσθαι
897 1056 980 1108 τὸν
1012 1058 1242 1122 μαθητὴν,
1272 1062 1335 1112 ὡς
1373 1061 1421 1109 ἐν
1452 1058 1705 1112 τοσαύταις
1741 1058 1856 1109 ὄντα
1878 1086 1927 1112 10

265 1140 590 1205 βαρυθυμίαις,
616 1143 711 1189 τῶν
737 1141 786 1190 ἐκ
820 1144 1047 1207 χειμῶνος
1082 1140 1474 1210 καταψυγμάτων
1499 1143 1855 1208 ε’κμηχανᾶσθαι

225 1220 352 1285 θτὴν
390 1222 570 1272 ἄκεσιν·
636 1222 746 1271 ἀλλ’
788 1222 886 1272 οὐδ’
919 1220 978 1272 ἂν
1012 1227 1049 1273 εἰ
1093 1226 1239 1287 μετῆν
1278 1225 1353 1274 καὶ
1391 1228 1486 1274 τῶν
1525 1223 1590 1274 ε”τι
1635 1223 1856 1289 μειζόνων

264 1305 542 1355 ἀπολαῦσαι
575 1308 814 1371 χρηστῶν,
842 1303 1102 1368 κάμνοντος
1141 1307 1262 1356 οὕτω
1297 1309 1516 1371 Χριστοῦ
1555 1310 1710 1372 τυχεῖν
1744 1306 1850 1370 ἠνέ-

263 1409 425 1454 σχετο.
493 1390 792 1449 οἰκονομικῶς
842 1384 891 1436 δὲ
941 1386 1051 1437 λίαν
1095 1390 1153 1454 τῇ
1199 1391 1293 1438 τῶν
1339 1386 1643 1454 θεραπόντων
1689 1388 1856 1457 ἀκηδίᾳ

261 1467 637 1532 συμπλάττεται,
665 1471 740 1519 καὶ
771 1470 834 1523 ὡς
868 1467 1065 1534 μηδενὸς
1100 1469 1154 1520 τὸ
1189 1469 1417 1536 παράπαν
1444 1474 1766 1524 κατωθοῦντος
1792 1474 1854 1524 εἰς
1878 1491 1924 1529 15

262 1552 466 1614 ἀθυμίαν
495 1549 555 1602 τὰ
588 1552 638 1602 ἐκ
672 1556 755 1602 τοῦ
791 1555 1019 1618 χειμῶνος
1054 1551 1362 1617 ἀποκρούεται
1398 1551 1580 1615 βλάβη,
1606 1551 1662 1602 ἵν’
1690 1551 1855 1618 ὥσπερ

261 1657 331 1687 τις
369 1638 463 1684 τῶν
500 1636 583 1697 τῆς
619 1635 763 1686 οἰκίας
808 1632 1056 1699 γνωρίμων
1097 1636 1172 1684 καὶ
1218 1633 1294 1684 διὰ
1338 1634 1506 1685 τούτου
1553 1634 1849 1697 πιστεύηται,

262 1717 513 1782 διαδράσαι
550 1739 600 1767 τε
639 1717 760 1766 οὕτω
801 1714 972 1767 λοιπὸν
1011 1718 1086 1766 καὶ
1129 1716 1184 1767 τὸ
1226 1715 1353 1782 ε’ίπερ
1397 1739 1467 1770 τις
1511 1716 1660 1781 ἔροιτο
1704 1715 1853 1767 πάλιν

263 1798 584 1864 ἀρνήσασθαι.
647 1797 757 1848 ἀλλ’
787 1798 870 1848 οὐκ
908 1796 966 1862 ἧν
998 1797 1356 1867 διαψεύσασθαι
1394 1803 1477 1849 τοῦ
1512 1800 1732 1864 Σωτῆρος
1770 1796 1852 1850 τὸν

263 1880 426 1946 λόγον.
491 1879 516 1931 ὃ
559 1878 648 1946 γὰρ
689 1879 809 1946 ε”γνω
847 1879 1036 1934 πάντως
1074 1878 1301 1945 ἐσόμενον
1341 1883 1403 1934 ὡς
1443 1878 1577 1943 Θεὸς,
1608 1885 1747 1931 τοῦτο
1784 1885 1852 1950 τῷ
1875 1906 1924 1932 20

262 1966 450 2031 μαθητῇ
479 1962 846 2030 προμεμήνυκεν.

40 2061 247 2097 1024A.a

200 2147 246 2184 19
315 2143 369 2184 ‘O
407 2141 480 2185 οὖν
518 2144 742 2201 ἀρχιερεὺς
781 2143 981 2200 ήρὼτι-ισε
1019 2144 1092 2187 τὸν
1120 2144 1288 2186 ἸΗσοῡν
1326 2143 1425 2201 Περὶ
1462 2143 1548 2185 τῶν
1586 2143 1791 2192 nonem-dm

614 2228 744 2269 αὐτοῦ
784 2228 852 2270 καὶ
890 2228 988 2286 Περὶ
1026 2233 1100 2270 τιῖιο
1138 2228 1312 2284 διδαχῆς
1350 2228 1497 2272 αὐτοῦ.

336 2344 400 2394 Ὁ
427 2343 698 2408 νομομαθὴς
732 2347 808 2395 καὶ
844 2343 1150 2408 διδάσκαλος,
1178 2342 1216 2414 ᾧ
1252 2347 1328 2395 καὶ
1362 2342 1416 2395 τὸ
1452 2347 1575 2394 θεῖον
1600 2341 1854 2409 διαγορεύει

38 2430 202 2505 ἱῡῇἓθῑή·
263 2423 481 2491 κήρυγμα
503 2428 664 2491 Κρΐμα
691 2426 867 2477 δίκαιον
892 2426 1079 2492 κρίνετε,
1101 2426 1314 2492 καθάπερ
1339 2424 1443 2477 τινὰ
1468 2430 1563 2476 τῶν
1589 2423 1853 2489 διαβοήτων
1874 2448 1923 2487 25

38 2498 172 2549 x'vi.'18.
262 2505 485 2573 ἁρπάσας
524 2512 722 2575 λῃστῶν
760 2507 843 2558 τὸν
877 2507 1069 2574 Κύριον,
1109 2508 1185 2559 διά
1222 2531 1272 2559 τε
1311 2508 1511 2573 σπείρας
1548 2511 1855 2574 στρατιωτῶν

262 2589 580 2652 ὡπλισμένων
615 2592 689 2639 καὶ
728 2590 943 2653 πληθύος
982 2591 1188 2641 ἀνοσίων
1224 2592 1479 2657 ὑπηρετῶν,
1513 2594 1607 2659 περὶ
1648 2586 1856 2651 Aahx&

261 2672 337 2722 καὶ
371 2669 573 2740 μαθητῶν
602 2672 750 2740 ἐρωτᾷ,
777 2670 862 2735 τὴν
888 2676 983 2722 τῶν
1009 2671 1322 2737 ἐγκλημάτων
1349 2672 1549 2736 ἀπορίαν
1576 2669 1652 2720 διὰ
1688 2669 1855 2721 τούτου

310 2842 343 2877 5.
370 2831 614 2877 κεκακωμένος]
636 2832 690 2866 lta
707 2835 741 2866 et
760 2831 866 2866 Cord.
886 2831 945 2866 Cr.
996 2832 1250 2877 Legendumne
1268 2832 1522 2878 κεκαρωμένος.)
1695 2842 1747 2865 12.
1774 2829 1853 2865 ἀλλ’

263 2878 333 2913 οὐδ’
352 2879 392 2914 ἂν
409 2879 438 2913 εἰ
455 2878 576 2925 μετῆν]
591 2893 647 2924 γρ.
666 2878 745 2913 ἀλλ’
765 2878 833 2914 οὐδ’
852 2879 1031 2924 ἀνειμένως
1048 2880 1101 2913 καὶ
1118 2883 1186 2913 τῶν
1202 2880 1251 2913 ἔτι
1271 2879 1297 2913 F
1313 2891 1386 2923 mg.
1404 2878 1500 2913 unde
1519 2880 1538 2897 “
1550 2878 1593 2912 al.
1611 2877 1688 2912 ἀλλ’
1708 2876 1776 2912 οὐδ’
1795 2878 1853 2912 ἄν·

263 2926 431 2971 ειμένως”
450 2926 545 2961 Aub.
564 2927 600 2960 in
618 2926 724 2960 notis.
873 2926 927 2961 18,
954 2926 1137 2972 διαδράσαι
1157 2926 1197 2960 Ε.
1216 2926 1384 2971 διαδράσῃ
1403 2925 1470 2960 Ed.
