<?xml version="1.0" encoding="UTF-8"?>
<!DOCTYPE html PUBLIC "-//W3C//DTD XHTML 1.0 Transitional//EN"
    "http://www.w3.org/TR/xhtml1/DTD/xhtml1-transitional.dtd">
<html xmlns="http://www.w3.org/1999/xhtml" xml:lang="en" lang="en">
 <head>
  <title>
</title>
<meta http-equiv="Content-Type" content="text/html;charset=utf-8" />
  <meta name='ocr-system' content='tesseract 3.04.00' />
  <meta name='ocr-capabilities' content='ocr_page ocr_carea ocr_par ocr_line ocrx_word'/>
</head>
<body>
  <div class='ocr_page' id='page_1' title='image "./operacyrilli05cyriuoft/operacyrilli05cyriuoft_0459.png"; bbox 0 0 2012 3272; ppageno 0'>
   <div class='ocr_carea' id='block_1_1' title="bbox 497 141 1675 186">
    <p class='ocr_par' dir='ltr' id='par_1_1' title="bbox 497 141 1675 186">
     <span class='ocr_line' id='line_1_1' title="bbox 497 141 1675 186; baseline -0.005 0"><span class='ocrx_word' id='word_1_1' title='bbox 497 145 818 186; x_wconf 85' lang='lat' dir='ltr'><strong>EPISTOLAS</strong></span> <span class='ocrx_word' id='word_1_2' title='bbox 856 142 1250 184; x_wconf 84' lang='lat' dir='ltr'><strong>CATHOLICAS.</strong></span> <span class='ocrx_word' id='word_1_3' title='bbox 1593 141 1675 181; x_wconf 76' lang='lat'>445</span> 
     </span>
    </p>
   </div>
   <div class='ocr_carea' id='block_1_2' title="bbox 88 250 1680 498">
    <p class='ocr_par' dir='ltr' id='par_1_2' title="bbox 88 250 1680 498">
     <span class='ocr_line' id='line_1_2' title="bbox 88 250 1679 302; baseline -0.003 -9"><span class='ocrx_word' id='word_1_4' title='bbox 88 261 178 293; x_wconf 83' lang='grc' dir='ltr'>λαιοι</span> <span class='ocrx_word' id='word_1_5' title='bbox 209 257 350 302; x_wconf 81' lang='grc' dir='ltr'>ἔλληνες</span> <span class='ocrx_word' id='word_1_6' title='bbox 383 255 510 292; x_wconf 76' lang='grc' dir='ltr'>οἴονται</span> <span class='ocrx_word' id='word_1_7' title='bbox 543 257 699 298; x_wconf 79' lang='grc' dir='ltr'>εὐσεβεῖν</span> <span class='ocrx_word' id='word_1_8' title='bbox 732 255 784 291; x_wconf 80' lang='grc' dir='ltr'>καὶ</span> <span class='ocrx_word' id='word_1_9' title='bbox 816 257 874 290; x_wconf 87' lang='grc' dir='ltr'>τὸν</span> <span class='ocrx_word' id='word_1_10' title='bbox 906 256 1008 291; x_wconf 79' lang='grc' dir='ltr'>ὅντως</span> <span class='ocrx_word' id='word_1_11' title='bbox 1041 255 1121 290; x_wconf 82' lang='grc' dir='ltr'>ὅντα</span> <span class='ocrx_word' id='word_1_12' title='bbox 1150 256 1246 295; x_wconf 83' lang='grc' dir='ltr'>Θεὸν,</span> <span class='ocrx_word' id='word_1_13' title='bbox 1276 253 1334 288; x_wconf 89' lang='grc' dir='ltr'>ε’ὰν</span> <span class='ocrx_word' id='word_1_14' title='bbox 1361 253 1426 288; x_wconf 82' lang='grc' dir='ltr'>σὺν</span> <span class='ocrx_word' id='word_1_15' title='bbox 1453 253 1536 300; x_wconf 83' lang='grc' dir='ltr'>[σὺν</span> <span class='ocrx_word' id='word_1_16' title='bbox 1563 250 1679 289; x_wconf 73' lang='lat' dir='ltr'>habet</span> 
     </span>
     <span class='ocr_line' id='line_1_3' title="bbox 89 318 1680 369; baseline -0.005 -10"><span class='ocrx_word' id='word_1_17' title='bbox 89 321 170 359; x_wconf 84' lang='lat' dir='ltr'>cod.</span> <span class='ocrx_word' id='word_1_18' title='bbox 190 324 361 369; x_wconf 81' lang='lat' dir='ltr'>uterque,</span> <span class='ocrx_word' id='word_1_19' title='bbox 384 332 458 357; x_wconf 88' lang='lat' dir='ltr'>om.</span> <span class='ocrx_word' id='word_1_20' title='bbox 481 319 564 367; x_wconf 61' lang='lat' dir='ltr'>CR]</span> <span class='ocrx_word' id='word_1_21' title='bbox 588 323 658 356; x_wconf 86' lang='grc' dir='ltr'>τοῖς</span> <span class='ocrx_word' id='word_1_22' title='bbox 677 321 808 356; x_wconf 77' lang='grc' dir='ltr'>λοιποῖς</span> <span class='ocrx_word' id='word_1_23' title='bbox 831 320 919 355; x_wconf 84' lang='grc' dir='ltr'>θεοῖς</span> <span class='ocrx_word' id='word_1_24' title='bbox 945 322 1064 364; x_wconf 82' lang='grc' dir='ltr'>σχοῖεν</span> <span class='ocrx_word' id='word_1_25' title='bbox 1083 320 1122 353; x_wconf 88' lang='grc' dir='ltr'>τὸ</span> <span class='ocrx_word' id='word_1_26' title='bbox 1142 319 1250 360; x_wconf 82' lang='grc' dir='ltr'>σέβας</span> <span class='ocrx_word' id='word_1_27' title='bbox 1275 319 1389 362; x_wconf 79' lang='grc' dir='ltr'>αὐτοῦ,</span> <span class='ocrx_word' id='word_1_28' title='bbox 1411 318 1609 364; x_wconf 81' lang='grc' dir='ltr'>ἀγνοοῦντες</span> <span class='ocrx_word' id='word_1_29' title='bbox 1629 318 1680 352; x_wconf 84' lang='grc' dir='ltr'>ὅτι</span> 
     </span>
     <span class='ocr_line' id='line_1_4' title="bbox 88 382 1680 432; baseline -0.003 -11"><span class='ocrx_word' id='word_1_30' title='bbox 88 388 239 431; x_wconf 78' lang='grc' dir='ltr'>μείζονος</span> <span class='ocrx_word' id='word_1_31' title='bbox 258 386 416 432; x_wconf 83' lang='grc' dir='ltr'>τιμωρίας</span> <span class='ocrx_word' id='word_1_32' title='bbox 435 385 691 430; x_wconf 79' lang='grc' dir='ltr'>ἅξιωθὴσονται,</span> <span class='ocrx_word' id='word_1_33' title='bbox 712 386 751 418; x_wconf 89' lang='grc' dir='ltr'>τὸ</span> <span class='ocrx_word' id='word_1_34' title='bbox 774 386 850 430; x_wconf 83' lang='grc' dir='ltr'>φῶς</span> <span class='ocrx_word' id='word_1_35' title='bbox 877 387 924 432; x_wconf 78' lang='grc' dir='ltr'>τῷ</span> <span class='ocrx_word' id='word_1_36' title='bbox 954 385 1068 418; x_wconf 87' lang='grc' dir='ltr'>σκότει</span> <span class='ocrx_word' id='word_1_37' title='bbox 1094 382 1328 429; x_wconf 80' lang='grc' dir='ltr'>συγκρίνοντες</span> <span class='ocrx_word' id='word_1_38' title='bbox 1354 384 1407 417; x_wconf 81' lang='grc' dir='ltr'>καὶ</span> <span class='ocrx_word' id='word_1_39' title='bbox 1431 386 1477 430; x_wconf 76' lang='grc' dir='ltr'>τῷ</span> <span class='ocrx_word' id='word_1_40' title='bbox 1498 382 1621 430; x_wconf 77' lang='grc' dir='ltr'>φαύλῳ</span> <span class='ocrx_word' id='word_1_41' title='bbox 1640 383 1680 416; x_wconf 87' lang='grc' dir='ltr'>τὸ</span> 
     </span>
     <span class='ocr_line' id='line_1_5' title="bbox 90 446 1680 498; baseline -0.003 -13"><span class='ocrx_word' id='word_1_42' title='bbox 90 451 217 497; x_wconf 82' lang='grc' dir='ltr'>ἀγαθὸν</span> <span class='ocrx_word' id='word_1_43' title='bbox 233 451 287 497; x_wconf 89' lang='grc' dir='ltr'>[τὸ</span> <span class='ocrx_word' id='word_1_44' title='bbox 300 452 436 496; x_wconf 82' lang='grc' dir='ltr'>φαῦλον</span> <span class='ocrx_word' id='word_1_45' title='bbox 449 453 497 498; x_wconf 79' lang='grc' dir='ltr'>τῷ</span> <span class='ocrx_word' id='word_1_46' title='bbox 516 450 630 498; x_wconf 76' lang='grc' dir='ltr'>ἀγαθῷ</span> <span class='ocrx_word' id='word_1_47' title='bbox 646 448 727 485; x_wconf 81' lang='lat' dir='ltr'>cod.</span> <span class='ocrx_word' id='word_1_48' title='bbox 745 446 878 495; x_wconf 79' lang='lat' dir='ltr'>COiSl.]</span> <span class='ocrx_word' id='word_1_49' title='bbox 897 449 950 483; x_wconf 83' lang='grc' dir='ltr'>καὶ</span> <span class='ocrx_word' id='word_1_50' title='bbox 968 450 1014 495; x_wconf 80' lang='grc' dir='ltr'>τῷ</span> <span class='ocrx_word' id='word_1_51' title='bbox 1030 448 1144 495; x_wconf 76' lang='grc' dir='ltr'>ἀλόγῳ</span> <span class='ocrx_word' id='word_1_52' title='bbox 1163 449 1202 482; x_wconf 90' lang='grc' dir='ltr'>τὸ</span> <span class='ocrx_word' id='word_1_53' title='bbox 1222 448 1347 493; x_wconf 89' lang='grc' dir='ltr'>νοερὸν,</span> <span class='ocrx_word' id='word_1_54' title='bbox 1362 446 1414 482; x_wconf 77' lang='grc' dir='ltr'>καὶ</span> <span class='ocrx_word' id='word_1_55' title='bbox 1433 449 1479 494; x_wconf 77' lang='grc' dir='ltr'>τῷ</span> <span class='ocrx_word' id='word_1_56' title='bbox 1500 447 1627 480; x_wconf 81' lang='grc' dir='ltr'>εὐτελεῖ</span> <span class='ocrx_word' id='word_1_57' title='bbox 1641 447 1680 480; x_wconf 90' lang='grc' dir='ltr'>τὸ</span> 
     </span>
    </p>
   </div>
   <div class='ocr_carea' id='block_1_3' title="bbox 91 508 1893 646">
    <p class='ocr_par' dir='ltr' id='par_1_3' title="bbox 91 508 1893 646">
     <span class='ocr_line' id='line_1_6' title="bbox 91 508 1893 561; baseline -0.002 -12"><span class='ocrx_word' id='word_1_58' title='bbox 91 514 188 550; x_wconf 84' lang='grc' dir='ltr'>θεῖον·</span> <span class='ocrx_word' id='word_1_59' title='bbox 210 515 287 551; x_wconf 86' lang='grc' dir='ltr'>ὅθεν</span> <span class='ocrx_word' id='word_1_60' title='bbox 301 515 353 549; x_wconf 87' lang='grc' dir='ltr'>καὶ</span> <span class='ocrx_word' id='word_1_61' title='bbox 372 515 502 561; x_wconf 85' lang='grc' dir='ltr'>μωροὺς</span> <span class='ocrx_word' id='word_1_62' title='bbox 517 514 636 550; x_wconf 80' lang='grc' dir='ltr'>αὐτοὺς</span> <span class='ocrx_word' id='word_1_63' title='bbox 651 515 793 548; x_wconf 86' lang='grc' dir='ltr'>ἐκάλεσε</span> <span class='ocrx_word' id='word_1_64' title='bbox 812 512 923 560; x_wconf 82' lang='grc' dir='ltr'>λέγων</span> <span class='ocrx_word' id='word_1_65' title='bbox 939 514 960 531; x_wconf 83' lang='lat'><strong>“</strong></span> <span class='ocrx_word' id='word_1_66' title='bbox 972 514 1163 548; x_wconf 81' lang='grc' dir='ltr'>Φάσκοντες</span> <span class='ocrx_word' id='word_1_67' title='bbox 1181 510 1263 547; x_wconf 78' lang='grc' dir='ltr'>εἶναι</span> <span class='ocrx_word' id='word_1_68' title='bbox 1279 512 1387 558; x_wconf 88' lang='grc' dir='ltr'>σοφοὶ</span> <span class='ocrx_word' id='word_1_69' title='bbox 1406 508 1679 558; x_wconf 80' lang='grc' dir='ltr'>ἐμωράνθησαν.”</span> <span class='ocrx_word' id='word_1_70' title='bbox 1699 513 1793 544; x_wconf 87' lang='lat' dir='ltr'>Rom.</span> <span class='ocrx_word' id='word_1_71' title='bbox 1807 513 1827 544; x_wconf 87' lang='lat' dir='ltr'>i.</span> <span class='ocrx_word' id='word_1_72' title='bbox 1844 522 1893 546; x_wconf 81' lang='lat'>22.</span> 
     </span>
     <span class='ocr_line' id='line_1_7' title="bbox 539 599 1233 646; baseline -0.006 -9"><span class='ocrx_word' id='word_1_73' title='bbox 539 613 561 638; x_wconf 83' lang='lat' dir='ltr'>a</span> <span class='ocrx_word' id='word_1_74' title='bbox 580 600 643 638; x_wconf 85' lang='lat' dir='ltr'>fol.</span> <span class='ocrx_word' id='word_1_75' title='bbox 670 612 744 646; x_wconf 90' lang='lat'>140</span> <span class='ocrx_word' id='word_1_76' title='bbox 764 613 800 637; x_wconf 89' lang='lat' dir='ltr'>V.</span> <span class='ocrx_word' id='word_1_77' title='bbox 831 601 926 634; x_wconf 85' lang='grc' dir='ltr'>Μετὰ</span> <span class='ocrx_word' id='word_1_78' title='bbox 944 600 1005 645; x_wconf 86' lang='grc' dir='ltr'>τὴν</span> <span class='ocrx_word' id='word_1_79' title='bbox 1018 599 1138 646; x_wconf 74' lang='grc' dir='ltr'>ἄφιξίν</span> <span class='ocrx_word' id='word_1_80' title='bbox 1155 615 1233 644; x_wconf 84' lang='grc' dir='ltr'>μου.</span> 
     </span>
    </p>
   </div>
   <div class='ocr_carea' id='block_1_4' title="bbox 91 674 1682 789">
    <p class='ocr_par' dir='ltr' id='par_1_4' title="bbox 91 674 1682 789">
     <span class='ocr_line' id='line_1_8' title="bbox 139 674 1682 723; baseline -0.003 -11"><span class='ocrx_word' id='word_1_81' title='bbox 139 677 211 712; x_wconf 78' lang='grc' dir='ltr'>Ἵνα</span> <span class='ocrx_word' id='word_1_82' title='bbox 228 677 272 723; x_wconf 88' lang='grc' dir='ltr'>μὴ</span> <span class='ocrx_word' id='word_1_83' title='bbox 293 677 494 722; x_wconf 78' lang='grc' dir='ltr'>ξενιζώμεθα</span> <span class='ocrx_word' id='word_1_84' title='bbox 519 680 585 712; x_wconf 83' lang='grc' dir='ltr'>τῶν</span> <span class='ocrx_word' id='word_1_85' title='bbox 604 679 775 723; x_wconf 85' lang='grc' dir='ltr'>αἶρετικῶν</span> <span class='ocrx_word' id='word_1_86' title='bbox 793 677 834 710; x_wconf 88' lang='grc' dir='ltr'>τὰ</span> <span class='ocrx_word' id='word_1_87' title='bbox 859 677 1089 722; x_wconf 85' lang='grc' dir='ltr'>ἐκβράσματα,</span> <span class='ocrx_word' id='word_1_88' title='bbox 1112 674 1282 720; x_wconf 82' lang='grc' dir='ltr'>Πνεύματι</span> <span class='ocrx_word' id='word_1_89' title='bbox 1299 674 1403 723; x_wconf 77' lang='grc' dir='ltr'>Ἀγίῳ</span> <span class='ocrx_word' id='word_1_90' title='bbox 1421 675 1682 721; x_wconf 81' lang='grc' dir='ltr'>προασφαλιζό-</span> 
     </span>
     <span class='ocr_line' id='line_1_9' title="bbox 91 739 1101 789; baseline -0.003 -12"><span class='ocrx_word' id='word_1_91' title='bbox 91 757 189 788; x_wconf 86' lang='grc' dir='ltr'>μενος</span> <span class='ocrx_word' id='word_1_92' title='bbox 212 740 282 789; x_wconf 78' lang='lat' dir='ltr'>[ita</span> <span class='ocrx_word' id='word_1_93' title='bbox 302 753 335 778; x_wconf 82' lang='lat' dir='ltr'>a.</span> <span class='ocrx_word' id='word_1_94' title='bbox 356 740 631 788; x_wconf 78' lang='grc' dir='ltr'>ἀσφαλιζόμενος</span> <span class='ocrx_word' id='word_1_95' title='bbox 651 739 734 789; x_wconf 67' lang='lat' dir='ltr'>Cn]</span> <span class='ocrx_word' id='word_1_96' title='bbox 756 741 838 786; x_wconf 84' lang='grc' dir='ltr'>ἡμᾶς</span> <span class='ocrx_word' id='word_1_97' title='bbox 858 741 963 775; x_wconf 84' lang='grc' dir='ltr'>ταῦτά</span> <span class='ocrx_word' id='word_1_98' title='bbox 982 742 1101 786; x_wconf 82' lang='grc' dir='ltr'>φησιν.</span> 
     </span>
    </p>
   </div>
   <div class='ocr_carea' id='block_1_5' title="bbox 92 825 1683 941">
    <p class='ocr_par' dir='ltr' id='par_1_5' title="bbox 92 825 1683 941">
     <span class='ocr_line' id='line_1_10' title="bbox 144 825 1683 876; baseline 0 -12"><span class='ocrx_word' id='word_1_99' title='bbox 144 840 167 864; x_wconf 80' lang='lat' dir='ltr'>a</span> <span class='ocrx_word' id='word_1_100' title='bbox 186 827 250 864; x_wconf 87' lang='lat' dir='ltr'>sol.</span> <span class='ocrx_word' id='word_1_101' title='bbox 276 836 345 875; x_wconf 86' lang='lat'>171</span> <span class='ocrx_word' id='word_1_102' title='bbox 368 840 404 865; x_wconf 84' lang='lat' dir='ltr'>v.</span> <span class='ocrx_word' id='word_1_103' title='bbox 435 826 860 875; x_wconf 75' lang='grc' dir='ltr'>ἕθος-προνομεύσουσιν</span> <span class='ocrx_word' id='word_1_104' title='bbox 879 838 900 863; x_wconf 85' lang='lat' dir='ltr'>e</span> <span class='ocrx_word' id='word_1_105' title='bbox 920 838 1056 864; x_wconf 87' lang='lat' dir='ltr'>comm.</span> <span class='ocrx_word' id='word_1_106' title='bbox 1078 826 1120 863; x_wconf 92' lang='lat' dir='ltr'>in</span> <span class='ocrx_word' id='word_1_107' title='bbox 1139 825 1295 864; x_wconf 82' lang='lat' dir='ltr'>Esaiam</span> <span class='ocrx_word' id='word_1_108' title='bbox 1315 826 1539 876; x_wconf 79' lang='lat' dir='ltr'>prophetam</span> <span class='ocrx_word' id='word_1_109' title='bbox 1564 836 1634 875; x_wconf 88' lang='lat'>207</span> <span class='ocrx_word' id='word_1_110' title='bbox 1658 828 1683 864; x_wconf 94' lang='lat' dir='ltr'>b</span> 
     </span>
     <span class='ocr_line' id='line_1_11' title="bbox 92 892 349 941; baseline -0.008 -11"><span class='ocrx_word' id='word_1_111' title='bbox 92 892 349 941; x_wconf 77' lang='lat' dir='ltr'>desumptum.</span> 
     </span>
    </p>
   </div>
   <div class='ocr_carea' id='block_1_6' title="bbox 94 1126 1688 1564">
    <p class='ocr_par' dir='ltr' id='par_1_6' title="bbox 94 1126 1688 1564">
     <span class='ocr_line' id='line_1_12' title="bbox 147 1126 1684 1178; baseline 0.001 -11"><span class='ocrx_word' id='word_1_112' title='bbox 147 1130 205 1167; x_wconf 77' lang='lat' dir='ltr'>De</span> <span class='ocrx_word' id='word_1_113' title='bbox 232 1127 479 1178; x_wconf 71' lang='lat' dir='ltr'>Fraymentis</span> <span class='ocrx_word' id='word_1_114' title='bbox 506 1128 552 1165; x_wconf 78' lang='lat' dir='ltr'>in</span> <span class='ocrx_word' id='word_1_115' title='bbox 579 1126 777 1176; x_wconf 76' lang='lat' dir='ltr'>Epistolas</span> <span class='ocrx_word' id='word_1_116' title='bbox 807 1126 1023 1166; x_wconf 66' lang='lat' dir='ltr'>catholicas</span> <span class='ocrx_word' id='word_1_117' title='bbox 1051 1140 1074 1165; x_wconf 84' lang='lat' dir='ltr'>a</span> <span class='ocrx_word' id='word_1_118' title='bbox 1103 1126 1236 1178; x_wconf 85' lang='lat' dir='ltr'>Migne</span> <span class='ocrx_word' id='word_1_119' title='bbox 1269 1142 1317 1167; x_wconf 83' lang='lat' dir='ltr'>ex</span> <span class='ocrx_word' id='word_1_120' title='bbox 1345 1128 1481 1168; x_wconf 80' lang='lat' dir='ltr'>iisdem</span> <span class='ocrx_word' id='word_1_121' title='bbox 1510 1130 1684 1168; x_wconf 77' lang='lat' dir='ltr'>fontibus</span> 
     </span>
     <span class='ocr_line' id='line_1_13' title="bbox 94 1191 1685 1244; baseline 0.001 -12"><span class='ocrx_word' id='word_1_122' title='bbox 94 1193 275 1232; x_wconf 74' lang='lat' dir='ltr'>exhibitis</span> <span class='ocrx_word' id='word_1_123' title='bbox 307 1192 374 1229; x_wconf 81' lang='lat' dir='ltr'>vix</span> <span class='ocrx_word' id='word_1_124' title='bbox 406 1191 552 1241; x_wconf 84' lang='lat' dir='ltr'>aliquid</span> <span class='ocrx_word' id='word_1_125' title='bbox 579 1191 700 1229; x_wconf 85' lang='lat' dir='ltr'>habeo</span> <span class='ocrx_word' id='word_1_126' title='bbox 729 1192 832 1241; x_wconf 88' lang='lat' dir='ltr'>quod</span> <span class='ocrx_word' id='word_1_127' title='bbox 862 1192 1010 1234; x_wconf 72' lang='lat' dir='ltr'>dicam:</span> <span class='ocrx_word' id='word_1_128' title='bbox 1051 1192 1297 1242; x_wconf 79' lang='lat' dir='ltr'>S.Cyrillu1n</span> <span class='ocrx_word' id='word_1_129' title='bbox 1330 1193 1370 1230; x_wconf 90' lang='lat' dir='ltr'>in</span> <span class='ocrx_word' id='word_1_130' title='bbox 1403 1194 1471 1231; x_wconf 81' lang='lat' dir='ltr'>has</span> <span class='ocrx_word' id='word_1_131' title='bbox 1505 1195 1685 1244; x_wconf 78' lang='lat' dir='ltr'>epistolas</span> 
     </span>
     <span class='ocr_line' id='line_1_14' title="bbox 94 1256 1685 1308; baseline 0 -11"><span class='ocrx_word' id='word_1_132' title='bbox 94 1257 288 1307; x_wconf 79' lang='lat' dir='ltr'>scripsisse</span> <span class='ocrx_word' id='word_1_133' title='bbox 325 1256 389 1294; x_wconf 79' lang='lat' dir='ltr'>vix</span> <span class='ocrx_word' id='word_1_134' title='bbox 428 1256 540 1293; x_wconf 85' lang='lat' dir='ltr'>credo</span> <span class='ocrx_word' id='word_1_135' title='bbox 583 1256 674 1305; x_wconf 82' lang='lat' dir='ltr'>ipse,</span> <span class='ocrx_word' id='word_1_136' title='bbox 713 1256 779 1294; x_wconf 82' lang='lat' dir='ltr'>sed</span> <span class='ocrx_word' id='word_1_137' title='bbox 825 1256 969 1293; x_wconf 77' lang='lat' dir='ltr'>scholia</span> <span class='ocrx_word' id='word_1_138' title='bbox 1015 1257 1064 1294; x_wconf 79' lang='lat' dir='ltr'>ad</span> <span class='ocrx_word' id='word_1_139' title='bbox 1107 1257 1254 1294; x_wconf 77' lang='lat' dir='ltr'>fontem</span> <span class='ocrx_word' id='word_1_140' title='bbox 1296 1258 1414 1295; x_wconf 80' lang='lat' dir='ltr'>alium</span> <span class='ocrx_word' id='word_1_141' title='bbox 1456 1259 1564 1308; x_wconf 80' lang='lat' dir='ltr'>sequi</span> <span class='ocrx_word' id='word_1_142' title='bbox 1607 1273 1685 1297; x_wconf 88' lang='lat' dir='ltr'>non</span> 
     </span>
     <span class='ocr_line' id='line_1_15' title="bbox 95 1320 1688 1373; baseline 0.002 -14"><span class='ocrx_word' id='word_1_143' title='bbox 95 1322 215 1372; x_wconf 72' lang='lat' dir='ltr'>potui.</span> <span class='ocrx_word' id='word_1_144' title='bbox 285 1320 361 1358; x_wconf 79' lang='lat' dir='ltr'>Hic</span> <span class='ocrx_word' id='word_1_145' title='bbox 399 1320 520 1370; x_wconf 79' lang='lat' dir='ltr'>igitur</span> <span class='ocrx_word' id='word_1_146' title='bbox 556 1320 726 1357; x_wconf 81' lang='lat' dir='ltr'>exhibeo.</span> <span class='ocrx_word' id='word_1_147' title='bbox 797 1320 953 1358; x_wconf 77' lang='lat' dir='ltr'>Contuli</span> <span class='ocrx_word' id='word_1_148' title='bbox 990 1334 1077 1358; x_wconf 82' lang='lat' dir='ltr'>oum</span> <span class='ocrx_word' id='word_1_149' title='bbox 1115 1321 1242 1359; x_wconf 81' lang='lat' dir='ltr'>codiee</span> <span class='ocrx_word' id='word_1_150' title='bbox 1281 1322 1373 1360; x_wconf 86' lang='lat' dir='ltr'>Coll.</span> <span class='ocrx_word' id='word_1_151' title='bbox 1410 1323 1521 1369; x_wconf 87' lang='lat' dir='ltr'>Novi,</span> <span class='ocrx_word' id='word_1_152' title='bbox 1561 1336 1592 1361; x_wconf 87' lang='lat' dir='ltr'>a.</span> <span class='ocrx_word' id='word_1_153' title='bbox 1625 1322 1688 1373; x_wconf 78' lang='lat' dir='ltr'>(ut</span> 
     </span>
     <span class='ocr_line' id='line_1_16' title="bbox 97 1384 1687 1436; baseline 0.001 -12"><span class='ocrx_word' id='word_1_154' title='bbox 97 1400 213 1436; x_wconf 79' lang='lat' dir='ltr'>supra</span> <span class='ocrx_word' id='word_1_155' title='bbox 245 1385 429 1435; x_wconf 78' lang='lat' dir='ltr'>signans),</span> <span class='ocrx_word' id='word_1_156' title='bbox 463 1397 549 1421; x_wconf 85' lang='lat' dir='ltr'>oum</span> <span class='ocrx_word' id='word_1_157' title='bbox 587 1384 714 1422; x_wconf 82' lang='lat' dir='ltr'>codice</span> <span class='ocrx_word' id='word_1_158' title='bbox 756 1384 976 1434; x_wconf 81' lang='lat' dir='ltr'>Mosquensi</span> <span class='ocrx_word' id='word_1_159' title='bbox 1007 1385 1119 1423; x_wconf 79' lang='lat' dir='ltr'>xcvii.</span> <span class='ocrx_word' id='word_1_160' title='bbox 1159 1386 1252 1423; x_wconf 91' lang='lat' dir='ltr'>olim</span> <span class='ocrx_word' id='word_1_161' title='bbox 1289 1387 1415 1425; x_wconf 85' lang='lat' dir='ltr'>xcviii.</span> <span class='ocrx_word' id='word_1_162' title='bbox 1453 1388 1687 1425; x_wconf 82' lang='lat' dir='ltr'><strong>membrana-</strong></span> 
     </span>
     <span class='ocr_line' id='line_1_17' title="bbox 98 1448 1687 1503; baseline 0.001 -14"><span class='ocrx_word' id='word_1_163' title='bbox 98 1464 163 1490; x_wconf 86' lang='lat' dir='ltr'>ceo</span> <span class='ocrx_word' id='word_1_164' title='bbox 203 1463 273 1488; x_wconf 83' lang='lat' dir='ltr'><strong>sec.</strong></span> <span class='ocrx_word' id='word_1_165' title='bbox 314 1450 365 1487; x_wconf 81' lang='lat' dir='ltr'>ix.</span> <span class='ocrx_word' id='word_1_166' title='bbox 405 1453 570 1486; x_wconf 76' lang='lat' dir='ltr'>exarato.</span> <span class='ocrx_word' id='word_1_167' title='bbox 647 1448 878 1487; x_wconf 77' lang='lat' dir='ltr'>Collationes</span> <span class='ocrx_word' id='word_1_168' title='bbox 915 1449 994 1496; x_wconf 83' lang='lat' dir='ltr'>has,</span> <span class='ocrx_word' id='word_1_169' title='bbox 1033 1449 1146 1488; x_wconf 80' lang='lat' dir='ltr'>hodie</span> <span class='ocrx_word' id='word_1_170' title='bbox 1185 1450 1342 1489; x_wconf 83' lang='lat' dir='ltr'>amissas</span> <span class='ocrx_word' id='word_1_171' title='bbox 1383 1452 1536 1490; x_wconf 86' lang='lat' dir='ltr'>nonnisi</span> <span class='ocrx_word' id='word_1_172' title='bbox 1578 1457 1687 1503; x_wconf 78' lang='lat' dir='ltr'>parte</span> 
     </span>
     <span class='ocr_line' id='line_1_18' title="bbox 98 1512 708 1564; baseline -0.007 -10"><span class='ocrx_word' id='word_1_173' title='bbox 98 1516 276 1554; x_wconf 83' lang='lat' dir='ltr'>exhibere</span> <span class='ocrx_word' id='word_1_174' title='bbox 303 1527 470 1564; x_wconf 84' lang='lat' dir='ltr'>possum,</span> <span class='ocrx_word' id='word_1_175' title='bbox 500 1527 520 1551; x_wconf 88' lang='lat' dir='ltr'>c</span> <span class='ocrx_word' id='word_1_176' title='bbox 549 1512 708 1564; x_wconf 84' lang='lat' dir='ltr'>signavi.</span> 
     </span>
    </p>
   </div>
   <div class='ocr_carea' id='block_1_7' title="bbox 542 1655 1244 1708">
    <p class='ocr_par' dir='ltr' id='par_1_7' title="bbox 542 1655 1244 1708">
     <span class='ocr_line' id='line_1_19' title="bbox 542 1655 1244 1708; baseline 0.003 -14"><span class='ocrx_word' id='word_1_177' title='bbox 542 1655 593 1694; x_wconf 87' lang='lat' dir='ltr'>In</span> <span class='ocrx_word' id='word_1_178' title='bbox 612 1656 827 1706; x_wconf 78' lang='lat' dir='ltr'>Epistolam</span> <span class='ocrx_word' id='word_1_179' title='bbox 847 1656 883 1696; x_wconf 78' lang='lat' dir='ltr'>S.</span> <span class='ocrx_word' id='word_1_180' title='bbox 900 1657 925 1695; x_wconf 86' lang='lat' dir='ltr'>J</span> <span class='ocrx_word' id='word_1_181' title='bbox 928 1657 1035 1696; x_wconf 85' lang='lat' dir='ltr'>acobi</span> <span class='ocrx_word' id='word_1_182' title='bbox 1054 1656 1244 1708; x_wconf 79' lang='lat' dir='ltr'>Apostoli.</span> 
     </span>
    </p>
   </div>
   <div class='ocr_carea' id='block_1_8' title="bbox 100 1765 1690 1960">
    <p class='ocr_par' dir='ltr' id='par_1_8' title="bbox 100 1765 1690 1960">
     <span class='ocr_line' id='line_1_20' title="bbox 704 1765 1096 1802; baseline 0.005 -2"><span class='ocrx_word' id='word_1_183' title='bbox 704 1766 844 1801; x_wconf 83' lang='grc' dir='ltr'>Αἶτείτω</span> <span class='ocrx_word' id='word_1_184' title='bbox 864 1766 900 1801; x_wconf 80' lang='grc' dir='ltr'>δὲ</span> <span class='ocrx_word' id='word_1_185' title='bbox 920 1766 954 1801; x_wconf 83' lang='grc' dir='ltr'>ἐν</span> <span class='ocrx_word' id='word_1_186' title='bbox 970 1765 1096 1802; x_wconf 85' lang='grc' dir='ltr'>πίστει.</span> 
     </span>
     <span class='ocr_line' id='line_1_21' title="bbox 154 1841 1689 1892; baseline 0 -13"><span class='ocrx_word' id='word_1_187' title='bbox 154 1854 177 1879; x_wconf 86' lang='lat' dir='ltr'>a</span> <span class='ocrx_word' id='word_1_188' title='bbox 195 1841 260 1880; x_wconf 82' lang='lat' dir='ltr'>fol.</span> <span class='ocrx_word' id='word_1_189' title='bbox 287 1851 372 1890; x_wconf 81' lang='lat'><strong>179.</strong></span> <span class='ocrx_word' id='word_1_190' title='bbox 402 1855 422 1879; x_wconf 85' lang='lat' dir='ltr'><strong>c</strong></span> <span class='ocrx_word' id='word_1_191' title='bbox 441 1841 506 1879; x_wconf 82' lang='lat' dir='ltr'>fol.</span> <span class='ocrx_word' id='word_1_192' title='bbox 531 1853 549 1878; x_wconf 89' lang='lat'><strong>2</strong></span> <span class='ocrx_word' id='word_1_193' title='bbox 572 1853 609 1878; x_wconf 86' lang='lat' dir='ltr'>V.</span> <span class='ocrx_word' id='word_1_194' title='bbox 639 1841 822 1888; x_wconf 73' lang='grc' dir='ltr'>Ὑβριστὴς</span> <span class='ocrx_word' id='word_1_195' title='bbox 847 1842 914 1889; x_wconf 88' lang='grc' dir='ltr'>γὰρ</span> <span class='ocrx_word' id='word_1_196' title='bbox 939 1842 1217 1889; x_wconf 81' lang='grc' dir='ltr'>ὁμολογουμένως</span> <span class='ocrx_word' id='word_1_197' title='bbox 1239 1846 1258 1878; x_wconf 87' lang='grc' dir='ltr'>ὁ</span> <span class='ocrx_word' id='word_1_198' title='bbox 1284 1844 1539 1891; x_wconf 86' lang='grc' dir='ltr'>διακρινόμενος·</span> <span class='ocrx_word' id='word_1_199' title='bbox 1569 1846 1598 1880; x_wconf 88' lang='grc' dir='ltr'>εἶ</span> <span class='ocrx_word' id='word_1_200' title='bbox 1623 1846 1689 1892; x_wconf 86' lang='grc' dir='ltr'>γὰρ</span> 
     </span>
     <span class='ocr_line' id='line_1_22' title="bbox 100 1905 1690 1960; baseline 0.001 -17"><span class='ocrx_word' id='word_1_201' title='bbox 100 1907 145 1952; x_wconf 84' lang='grc' dir='ltr'>μὴ</span> <span class='ocrx_word' id='word_1_202' title='bbox 172 1906 398 1943; x_wconf 85' lang='grc' dir='ltr'>πεπίστευκας</span> <span class='ocrx_word' id='word_1_203' title='bbox 426 1907 478 1942; x_wconf 85' lang='grc' dir='ltr'>ὅτι</span> <span class='ocrx_word' id='word_1_204' title='bbox 505 1907 564 1951; x_wconf 91' lang='grc' dir='ltr'>τὴν</span> <span class='ocrx_word' id='word_1_205' title='bbox 593 1906 657 1951; x_wconf 92' lang='grc' dir='ltr'>σὴν</span> <span class='ocrx_word' id='word_1_206' title='bbox 684 1905 817 1950; x_wconf 76' lang='grc' dir='ltr'>αἴτησιν</span> <span class='ocrx_word' id='word_1_207' title='bbox 845 1906 1069 1953; x_wconf 80' lang='grc' dir='ltr'>ἀποπεραίνει,</span> <span class='ocrx_word' id='word_1_208' title='bbox 1096 1908 1179 1952; x_wconf 80' lang='grc' dir='ltr'>μηδὲ</span> <span class='ocrx_word' id='word_1_209' title='bbox 1206 1909 1403 1954; x_wconf 83' lang='grc' dir='ltr'>προσῆλθες</span> <span class='ocrx_word' id='word_1_210' title='bbox 1433 1906 1643 1959; x_wconf 80' lang='grc' dir='ltr'>[προσέλθῃς</span> <span class='ocrx_word' id='word_1_211' title='bbox 1657 1907 1690 1960; x_wconf 69' lang='lat'>2]</span> 
     </span>
    </p>
   </div>
   <div class='ocr_carea' id='block_1_9' title="bbox 102 1970 1691 2083">
    <p class='ocr_par' dir='ltr' id='par_1_9' title="bbox 102 1970 1691 2083">
     <span class='ocr_line' id='line_1_23' title="bbox 102 1970 1691 2021; baseline 0.003 -15"><span class='ocrx_word' id='word_1_212' title='bbox 102 1971 190 2008; x_wconf 82' lang='grc' dir='ltr'>ὅλως</span> <span class='ocrx_word' id='word_1_213' title='bbox 214 1971 267 2007; x_wconf 81' lang='grc' dir='ltr'>ἵνα</span> <span class='ocrx_word' id='word_1_214' title='bbox 294 1972 338 2017; x_wconf 86' lang='grc' dir='ltr'>μὴ</span> <span class='ocrx_word' id='word_1_215' title='bbox 368 1971 550 2018; x_wconf 80' lang='grc' dir='ltr'>κατήγορος</span> <span class='ocrx_word' id='word_1_216' title='bbox 569 1971 707 2017; x_wconf 83' lang='grc' dir='ltr'>εὑρεθῇς</span> <span class='ocrx_word' id='word_1_217' title='bbox 725 1973 785 2005; x_wconf 86' lang='grc' dir='ltr'>τοῦ</span> <span class='ocrx_word' id='word_1_218' title='bbox 803 1972 912 2006; x_wconf 87' lang='grc' dir='ltr'>πάντα</span> <span class='ocrx_word' id='word_1_219' title='bbox 938 1970 1129 2017; x_wconf 78' lang='grc' dir='ltr'>ἰσχύοντος,</span> <span class='ocrx_word' id='word_1_220' title='bbox 1159 1972 1359 2019; x_wconf 77' lang='grc' dir='ltr'>διψυχήσας</span> <span class='ocrx_word' id='word_1_221' title='bbox 1383 1973 1592 2018; x_wconf 81' lang='grc' dir='ltr'>ἀβουλήτως.</span> <span class='ocrx_word' id='word_1_222' title='bbox 1623 1975 1691 2021; x_wconf 85' lang='grc' dir='ltr'>χρὴ</span> 
     </span>
     <span class='ocr_line' id='line_1_24' title="bbox 102 2035 1036 2083; baseline 0.001 -13"><span class='ocrx_word' id='word_1_223' title='bbox 102 2039 282 2083; x_wconf 85' lang='grc' dir='ltr'>τοιγαροῦν</span> <span class='ocrx_word' id='word_1_224' title='bbox 299 2036 359 2080; x_wconf 90' lang='grc' dir='ltr'>τὴν</span> <span class='ocrx_word' id='word_1_225' title='bbox 379 2035 483 2072; x_wconf 77' lang='grc' dir='ltr'>οὕτως</span> <span class='ocrx_word' id='word_1_226' title='bbox 502 2036 650 2082; x_wconf 82' lang='grc' dir='ltr'>αἷσχρὰν</span> <span class='ocrx_word' id='word_1_227' title='bbox 667 2035 902 2082; x_wconf 84' lang='grc' dir='ltr'>παραιτεῖσθαι</span> <span class='ocrx_word' id='word_1_228' title='bbox 921 2037 1036 2072; x_wconf 90' lang='grc' dir='ltr'>νόσον.</span> 
     </span>
    </p>
   </div>
   <div class='ocr_carea' id='block_1_10' title="bbox 103 2121 1691 2235">
    <p class='ocr_par' dir='ltr' id='par_1_10' title="bbox 103 2121 1691 2235">
     <span class='ocr_line' id='line_1_25' title="bbox 158 2121 1691 2174; baseline 0.003 -17"><span class='ocrx_word' id='word_1_229' title='bbox 158 2134 181 2158; x_wconf 88' lang='lat' dir='ltr'>a</span> <span class='ocrx_word' id='word_1_230' title='bbox 199 2121 262 2158; x_wconf 90' lang='lat' dir='ltr'>fol.</span> <span class='ocrx_word' id='word_1_231' title='bbox 290 2123 363 2168; x_wconf 84' lang='lat'>184</span> <span class='ocrx_word' id='word_1_232' title='bbox 384 2134 419 2159; x_wconf 84' lang='lat' dir='ltr'>V.</span> <span class='ocrx_word' id='word_1_233' title='bbox 448 2134 468 2159; x_wconf 84' lang='lat' dir='ltr'>c</span> <span class='ocrx_word' id='word_1_234' title='bbox 488 2121 551 2159; x_wconf 86' lang='lat' dir='ltr'>fol.</span> <span class='ocrx_word' id='word_1_235' title='bbox 575 2133 609 2169; x_wconf 91' lang='lat'>9.</span> <span class='ocrx_word' id='word_1_236' title='bbox 639 2122 811 2168; x_wconf 90' lang='grc' dir='ltr'>Κυρίλλου</span> <span class='ocrx_word' id='word_1_237' title='bbox 834 2122 870 2157; x_wconf 81' lang='grc' dir='ltr'>ἐκ</span> <span class='ocrx_word' id='word_1_238' title='bbox 894 2124 953 2167; x_wconf 86' lang='grc' dir='ltr'>τῆς</span> <span class='ocrx_word' id='word_1_239' title='bbox 978 2124 1063 2170; x_wconf 84' lang='grc' dir='ltr'>πρὸς</span> <span class='ocrx_word' id='word_1_240' title='bbox 1085 2123 1252 2170; x_wconf 89' lang='grc' dir='ltr'>ῥωμαίους</span> <span class='ocrx_word' id='word_1_241' title='bbox 1270 2125 1453 2170; x_wconf 84' lang='grc' dir='ltr'>ἐπιστολῆς</span> <span class='ocrx_word' id='word_1_242' title='bbox 1470 2124 1558 2163; x_wconf 76' lang='lat' dir='ltr'>vide</span> <span class='ocrx_word' id='word_1_243' title='bbox 1576 2136 1691 2174; x_wconf 75' lang='lat' dir='ltr'>Supra</span> 
     </span>
     <span class='ocr_line' id='line_1_26' title="bbox 103 2187 246 2235; baseline 0 -13"><span class='ocrx_word' id='word_1_244' title='bbox 103 2199 141 2235; x_wconf 94' lang='lat' dir='ltr'>p.</span> <span class='ocrx_word' id='word_1_245' title='bbox 163 2187 246 2223; x_wconf 89' lang='lat'>180.</span> 
     </span>
    </p>
   </div>
   <div class='ocr_carea' id='block_1_11' title="bbox 158 2272 1583 2408">
    <p class='ocr_par' dir='ltr' id='par_1_11' title="bbox 158 2272 1583 2408">
     <span class='ocr_line' id='line_1_27' title="bbox 158 2272 1583 2325; baseline 0.003 -15"><span class='ocrx_word' id='word_1_246' title='bbox 158 2285 181 2310; x_wconf 82' lang='lat' dir='ltr'>a</span> <span class='ocrx_word' id='word_1_247' title='bbox 199 2272 264 2309; x_wconf 88' lang='lat' dir='ltr'>fol.</span> <span class='ocrx_word' id='word_1_248' title='bbox 290 2273 363 2319; x_wconf 87' lang='lat'>184</span> <span class='ocrx_word' id='word_1_249' title='bbox 384 2286 419 2310; x_wconf 90' lang='lat' dir='ltr'>v.</span> <span class='ocrx_word' id='word_1_250' title='bbox 449 2285 468 2310; x_wconf 87' lang='lat' dir='ltr'>c</span> <span class='ocrx_word' id='word_1_251' title='bbox 487 2272 551 2310; x_wconf 90' lang='lat' dir='ltr'>fol.</span> <span class='ocrx_word' id='word_1_252' title='bbox 574 2286 610 2322; x_wconf 92' lang='lat'>9.</span> <span class='ocrx_word' id='word_1_253' title='bbox 638 2274 1044 2321; x_wconf 79' lang='grc' dir='ltr'>προσεκόμιζε-ἀγάπ-ης</span> <span class='ocrx_word' id='word_1_254' title='bbox 1063 2285 1083 2310; x_wconf 86' lang='lat' dir='ltr'>e</span> <span class='ocrx_word' id='word_1_255' title='bbox 1104 2272 1238 2323; x_wconf 81' lang='lat' dir='ltr'>Glaph.</span> <span class='ocrx_word' id='word_1_256' title='bbox 1260 2276 1309 2312; x_wconf 84' lang='lat'>88</span> <span class='ocrx_word' id='word_1_257' title='bbox 1326 2274 1351 2311; x_wconf 91' lang='lat' dir='ltr'><strong>d</strong></span> <span class='ocrx_word' id='word_1_258' title='bbox 1370 2275 1583 2325; x_wconf 76' lang='lat' dir='ltr'>desumpta.</span> 
     </span>
     <span class='ocr_line' id='line_1_28' title="bbox 678 2361 1123 2408; baseline 0.002 -12"><span class='ocrx_word' id='word_1_259' title='bbox 678 2361 886 2396; x_wconf 83' lang='grc' dir='ltr'>Ἐπίστευσε</span> <span class='ocrx_word' id='word_1_260' title='bbox 904 2362 940 2395; x_wconf 83' lang='grc' dir='ltr'>δέ</span> <span class='ocrx_word' id='word_1_261' title='bbox 958 2361 1123 2408; x_wconf 76' lang='grc' dir='ltr'>Ἄβραὰμ.</span> 
     </span>
    </p>
   </div>
   <div class='ocr_carea' id='block_1_12' title="bbox 106 2434 1692 2551">
    <p class='ocr_par' dir='ltr' id='par_1_12' title="bbox 106 2434 1692 2551">
     <span class='ocr_line' id='line_1_29' title="bbox 159 2434 1692 2486; baseline -0.001 -11"><span class='ocrx_word' id='word_1_262' title='bbox 159 2450 182 2475; x_wconf 80' lang='lat' dir='ltr'>a</span> <span class='ocrx_word' id='word_1_263' title='bbox 200 2436 260 2475; x_wconf 84' lang='lat' dir='ltr'>fol.</span> <span class='ocrx_word' id='word_1_264' title='bbox 288 2434 375 2484; x_wconf 78' lang='lat'>185.</span> <span class='ocrx_word' id='word_1_265' title='bbox 404 2449 424 2474; x_wconf 76' lang='grc' dir='ltr'>Ο</span> <span class='ocrx_word' id='word_1_266' title='bbox 442 2435 507 2474; x_wconf 82' lang='lat' dir='ltr'>fol.</span> <span class='ocrx_word' id='word_1_267' title='bbox 529 2448 551 2484; x_wconf 92' lang='lat'>9</span> <span class='ocrx_word' id='word_1_268' title='bbox 571 2448 608 2473; x_wconf 86' lang='lat' dir='ltr'>V.</span> <span class='ocrx_word' id='word_1_269' title='bbox 638 2437 743 2484; x_wconf 83' lang='grc' dir='ltr'>Γέρας</span> <span class='ocrx_word' id='word_1_270' title='bbox 769 2436 827 2472; x_wconf 71' lang='grc' dir='ltr'>οὖν</span> <span class='ocrx_word' id='word_1_271' title='bbox 849 2438 921 2483; x_wconf 77' lang='grc' dir='ltr'>ἕχει</span> <span class='ocrx_word' id='word_1_272' title='bbox 945 2438 1006 2482; x_wconf 90' lang='grc' dir='ltr'>τὴν</span> <span class='ocrx_word' id='word_1_273' title='bbox 1024 2437 1236 2484; x_wconf 81' lang='grc' dir='ltr'>δικαιοσύνην</span> <span class='ocrx_word' id='word_1_274' title='bbox 1258 2439 1446 2486; x_wconf 86' lang='grc' dir='ltr'>[δικαίωσιν</span> <span class='ocrx_word' id='word_1_275' title='bbox 1473 2439 1555 2477; x_wconf 80' lang='lat' dir='ltr'>cod,</span> <span class='ocrx_word' id='word_1_276' title='bbox 1577 2438 1692 2478; x_wconf 79' lang='lat' dir='ltr'>Coisl,</span> 
     </span>
     <span class='ocr_line' id='line_1_30' title="bbox 106 2501 1601 2551; baseline 0.001 -11"><span class='ocrx_word' id='word_1_277' title='bbox 106 2505 204 2540; x_wconf 69' lang='lat' dir='ltr'>teste</span> <span class='ocrx_word' id='word_1_278' title='bbox 222 2502 302 2550; x_wconf 67' lang='lat' dir='ltr'>CR]</span> <span class='ocrx_word' id='word_1_279' title='bbox 325 2506 343 2538; x_wconf 90' lang='grc' dir='ltr'>ὁ</span> <span class='ocrx_word' id='word_1_280' title='bbox 362 2503 475 2539; x_wconf 85' lang='grc' dir='ltr'>πίστει</span> <span class='ocrx_word' id='word_1_281' title='bbox 494 2505 598 2547; x_wconf 86' lang='grc' dir='ltr'>τιμῶν</span> <span class='ocrx_word' id='word_1_282' title='bbox 615 2502 673 2537; x_wconf 86' lang='grc' dir='ltr'>τὸν</span> <span class='ocrx_word' id='word_1_283' title='bbox 691 2506 757 2537; x_wconf 82' lang='grc' dir='ltr'>τῶν</span> <span class='ocrx_word' id='word_1_284' title='bbox 775 2501 865 2537; x_wconf 86' lang='grc' dir='ltr'>ὅλων</span> <span class='ocrx_word' id='word_1_285' title='bbox 885 2503 970 2537; x_wconf 85' lang='grc' dir='ltr'>Θεὸν</span> <span class='ocrx_word' id='word_1_286' title='bbox 989 2503 1040 2537; x_wconf 86' lang='grc' dir='ltr'>καὶ</span> <span class='ocrx_word' id='word_1_287' title='bbox 1065 2502 1169 2550; x_wconf 85' lang='grc' dir='ltr'>[Θεὸν</span> <span class='ocrx_word' id='word_1_288' title='bbox 1188 2505 1240 2539; x_wconf 89' lang='grc' dir='ltr'>καὶ</span> <span class='ocrx_word' id='word_1_289' title='bbox 1259 2516 1332 2542; x_wconf 88' lang='lat' dir='ltr'>om.</span> <span class='ocrx_word' id='word_1_290' title='bbox 1352 2504 1400 2551; x_wconf 81' lang='lat' dir='ltr'>O.]</span> <span class='ocrx_word' id='word_1_291' title='bbox 1422 2505 1601 2550; x_wconf 84' lang='grc' dir='ltr'>δεσπότην.</span> 
     </span>
    </p>
   </div>
   <div class='ocr_carea' id='block_1_13' title="bbox 110 2587 1695 2842">
    <p class='ocr_par' dir='ltr' id='par_1_13' title="bbox 110 2587 1695 2842">
     <span class='ocr_line' id='line_1_31' title="bbox 664 2587 1132 2637; baseline 0 -13"><span class='ocrx_word' id='word_1_292' title='bbox 664 2587 706 2624; x_wconf 72' lang='lat' dir='ltr'>E&#39;t&#39;</span> <span class='ocrx_word' id='word_1_293' title='bbox 722 2604 771 2625; x_wconf 83' lang='grc' dir='ltr'>τις</span> <span class='ocrx_word' id='word_1_294' title='bbox 790 2589 825 2623; x_wconf 81' lang='grc' dir='ltr'>ἐν</span> <span class='ocrx_word' id='word_1_295' title='bbox 843 2590 936 2637; x_wconf 81' lang='grc' dir='ltr'>λόγῳ</span> <span class='ocrx_word' id='word_1_296' title='bbox 956 2590 994 2624; x_wconf 78' lang='grc' dir='ltr'>οὗ</span> <span class='ocrx_word' id='word_1_297' title='bbox 1012 2590 1132 2625; x_wconf 72' lang='grc' dir='ltr'>πταίει,</span> 
     </span>
     <span class='ocr_line' id='line_1_32' title="bbox 163 2660 1688 2717; baseline 0.002 -16"><span class='ocrx_word' id='word_1_298' title='bbox 163 2676 186 2701; x_wconf 82' lang='lat' dir='ltr'>a</span> <span class='ocrx_word' id='word_1_299' title='bbox 205 2663 268 2701; x_wconf 82' lang='lat' dir='ltr'>fol.</span> <span class='ocrx_word' id='word_1_300' title='bbox 293 2665 366 2711; x_wconf 85' lang='lat'>185</span> <span class='ocrx_word' id='word_1_301' title='bbox 386 2676 421 2701; x_wconf 91' lang='lat' dir='ltr'>v.</span> <span class='ocrx_word' id='word_1_302' title='bbox 453 2676 472 2700; x_wconf 83' lang='lat' dir='ltr'>c</span> <span class='ocrx_word' id='word_1_303' title='bbox 492 2663 556 2700; x_wconf 75' lang='lat' dir='ltr'>fol·</span> <span class='ocrx_word' id='word_1_304' title='bbox 582 2675 640 2700; x_wconf 94' lang='lat'>10.</span> <span class='ocrx_word' id='word_1_305' title='bbox 672 2660 747 2714; x_wconf 85' lang='grc' dir='ltr'>[τοῦ</span> <span class='ocrx_word' id='word_1_306' title='bbox 775 2665 872 2710; x_wconf 84' lang='grc' dir='ltr'>ἁγίου</span> <span class='ocrx_word' id='word_1_307' title='bbox 901 2665 1061 2711; x_wconf 86' lang='grc' dir='ltr'>κυρίλλου</span> <span class='ocrx_word' id='word_1_308' title='bbox 1089 2668 1149 2699; x_wconf 84' lang='grc' dir='ltr'>τοῦ</span> <span class='ocrx_word' id='word_1_309' title='bbox 1176 2667 1327 2712; x_wconf 88' lang='grc' dir='ltr'>μεγάλου</span> <span class='ocrx_word' id='word_1_310' title='bbox 1349 2666 1619 2714; x_wconf 68' lang='lat' dir='ltr'>praemittente</span> <span class='ocrx_word' id='word_1_311' title='bbox 1639 2665 1688 2717; x_wconf 86' lang='lat'>0.]</span> 
     </span>
     <span class='ocr_line' id='line_1_33' title="bbox 110 2726 1695 2775; baseline 0.001 -10"><span class='ocrx_word' id='word_1_312' title='bbox 110 2728 136 2765; x_wconf 84' lang='lat' dir='ltr'>d</span> <span class='ocrx_word' id='word_1_313' title='bbox 161 2729 217 2775; x_wconf 94' lang='lat'>[=</span> <span class='ocrx_word' id='word_1_314' title='bbox 233 2728 314 2765; x_wconf 89' lang='lat' dir='ltr'>cod.</span> <span class='ocrx_word' id='word_1_315' title='bbox 335 2727 374 2765; x_wconf 82' lang='lat' dir='ltr'>S.</span> <span class='ocrx_word' id='word_1_316' title='bbox 388 2726 590 2765; x_wconf 76' lang='lat' dir='ltr'>Laurentii</span> <span class='ocrx_word' id='word_1_317' title='bbox 610 2726 881 2764; x_wconf 84' lang='lat' dir='ltr'>Escorialensis</span> <span class='ocrx_word' id='word_1_318' title='bbox 900 2734 938 2765; x_wconf 87' lang='grc' dir='ltr'>Υ.</span> <span class='ocrx_word' id='word_1_319' title='bbox 958 2727 998 2765; x_wconf 91' lang='lat' dir='ltr'>ii.</span> <span class='ocrx_word' id='word_1_320' title='bbox 1019 2741 1034 2764; x_wconf 94' lang='lat'>1</span> <span class='ocrx_word' id='word_1_321' title='bbox 1060 2728 1150 2765; x_wconf 90' lang='lat' dir='ltr'>olim</span> <span class='ocrx_word' id='word_1_322' title='bbox 1170 2728 1282 2766; x_wconf 82' lang='lat' dir='ltr'>Oard.</span> <span class='ocrx_word' id='word_1_323' title='bbox 1304 2729 1502 2768; x_wconf 75' lang='lat' dir='ltr'>Hurtados</span> <span class='ocrx_word' id='word_1_324' title='bbox 1521 2731 1568 2775; x_wconf 79' lang='lat' dir='ltr'>de</span> <span class='ocrx_word' id='word_1_325' title='bbox 1587 2730 1695 2767; x_wconf 80' lang='lat' dir='ltr'><strong>Men-</strong></span> 
     </span>
     <span class='ocr_line' id='line_1_34' title="bbox 111 2791 1695 2842; baseline -0.001 -13"><span class='ocrx_word' id='word_1_326' title='bbox 111 2791 213 2838; x_wconf 80' lang='lat' dir='ltr'>dosa,</span> <span class='ocrx_word' id='word_1_327' title='bbox 233 2804 302 2829; x_wconf 84' lang='lat' dir='ltr'>sec.</span> <span class='ocrx_word' id='word_1_328' title='bbox 324 2791 401 2828; x_wconf 76' lang='lat' dir='ltr'>xiv.</span> <span class='ocrx_word' id='word_1_329' title='bbox 419 2791 566 2838; x_wconf 84' lang='lat' dir='ltr'>bomb.]</span> <span class='ocrx_word' id='word_1_330' title='bbox 589 2791 652 2829; x_wconf 88' lang='lat' dir='ltr'>fol.</span> <span class='ocrx_word' id='word_1_331' title='bbox 677 2793 764 2839; x_wconf 82' lang='lat'><strong>238.</strong></span> <span class='ocrx_word' id='word_1_332' title='bbox 795 2794 981 2837; x_wconf 86' lang='grc' dir='ltr'>Βεβηκότος</span> <span class='ocrx_word' id='word_1_333' title='bbox 1004 2794 1070 2840; x_wconf 85' lang='grc' dir='ltr'>γὰρ</span> <span class='ocrx_word' id='word_1_334' title='bbox 1101 2793 1183 2840; x_wconf 87' lang='grc' dir='ltr'>[γὰρ</span> <span class='ocrx_word' id='word_1_335' title='bbox 1203 2806 1275 2830; x_wconf 85' lang='lat' dir='ltr'>om.</span> <span class='ocrx_word' id='word_1_336' title='bbox 1296 2794 1351 2842; x_wconf 82' lang='lat' dir='ltr'>d.]</span> <span class='ocrx_word' id='word_1_337' title='bbox 1376 2798 1433 2830; x_wconf 83' lang='grc' dir='ltr'>νοῦ</span> <span class='ocrx_word' id='word_1_338' title='bbox 1452 2797 1576 2841; x_wconf 86' lang='grc' dir='ltr'>καρπὸς</span> <span class='ocrx_word' id='word_1_339' title='bbox 1600 2795 1695 2841; x_wconf 88' lang='grc' dir='ltr'>[καρ-</span> 
     </span>
    </p>
   </div>
   <div class='ocr_carea' id='block_1_14' title="bbox 113 2854 1696 2909">
    <p class='ocr_par' dir='ltr' id='par_1_14' title="bbox 113 2854 1696 2909">
     <span class='ocr_line' id='line_1_35' title="bbox 113 2854 1696 2909; baseline 0 -16"><span class='ocrx_word' id='word_1_340' title='bbox 113 2858 175 2893; x_wconf 85' lang='grc' dir='ltr'>πὸς</span> <span class='ocrx_word' id='word_1_341' title='bbox 206 2855 363 2893; x_wconf 78' lang='lat' dir='ltr'>accessit</span> <span class='ocrx_word' id='word_1_342' title='bbox 391 2867 438 2892; x_wconf 74' lang='lat' dir='ltr'>ex</span> <span class='ocrx_word' id='word_1_343' title='bbox 467 2857 516 2903; x_wconf 84' lang='lat' dir='ltr'>c.]</span> <span class='ocrx_word' id='word_1_344' title='bbox 551 2858 602 2892; x_wconf 87' lang='grc' dir='ltr'>καὶ</span> <span class='ocrx_word' id='word_1_345' title='bbox 629 2859 754 2903; x_wconf 88' lang='grc' dir='ltr'>φρενὸς</span> <span class='ocrx_word' id='word_1_346' title='bbox 784 2859 842 2902; x_wconf 84' lang='grc' dir='ltr'>τῆς</span> <span class='ocrx_word' id='word_1_347' title='bbox 873 2858 946 2904; x_wconf 89' lang='grc' dir='ltr'>[τῆς</span> <span class='ocrx_word' id='word_1_348' title='bbox 974 2868 1047 2893; x_wconf 88' lang='lat' dir='ltr'>om.</span> <span class='ocrx_word' id='word_1_349' title='bbox 1072 2856 1125 2904; x_wconf 84' lang='lat' dir='ltr'>d.]</span> <span class='ocrx_word' id='word_1_350' title='bbox 1155 2860 1368 2903; x_wconf 81' lang='grc' dir='ltr'>τελειοτάτης</span> <span class='ocrx_word' id='word_1_351' title='bbox 1396 2856 1618 2909; x_wconf 87' lang='grc' dir='ltr'>[τελεωτάτης</span> <span class='ocrx_word' id='word_1_352' title='bbox 1646 2854 1696 2908; x_wconf 71' lang='grc'>6.]</span> 
     </span>
    </p>
   </div>
   <div class='ocr_carea' id='block_1_15' title="bbox 111 2920 1697 2969">
    <p class='ocr_par' dir='ltr' id='par_1_15' title="bbox 111 2920 1697 2969">
     <span class='ocr_line' id='line_1_36' title="bbox 111 2920 1697 2969; baseline 0 -13"><span class='ocrx_word' id='word_1_353' title='bbox 111 2920 284 2965; x_wconf 74' lang='grc' dir='ltr'>ἀπόδειξις</span> <span class='ocrx_word' id='word_1_354' title='bbox 302 2921 450 2967; x_wconf 83' lang='grc' dir='ltr'>ἐναργὴς,</span> <span class='ocrx_word' id='word_1_355' title='bbox 471 2922 509 2955; x_wconf 87' lang='grc' dir='ltr'>τὸ</span> <span class='ocrx_word' id='word_1_356' title='bbox 527 2922 629 2966; x_wconf 79' lang='grc' dir='ltr'>μηδὲν</span> <span class='ocrx_word' id='word_1_357' title='bbox 647 2921 802 2966; x_wconf 78' lang='grc' dir='ltr'>ἐξίτηλον</span> <span class='ocrx_word' id='word_1_358' title='bbox 821 2921 875 2957; x_wconf 83' lang='grc' dir='ltr'>ἐπὶ</span> <span class='ocrx_word' id='word_1_359' title='bbox 894 2922 1059 2967; x_wconf 87' lang='grc' dir='ltr'>γλώσσης</span> <span class='ocrx_word' id='word_1_360' title='bbox 1078 2923 1177 2968; x_wconf 73' lang='grc' dir='ltr'>ἔχειν,</span> <span class='ocrx_word' id='word_1_361' title='bbox 1199 2924 1303 2968; x_wconf 73' lang='grc' dir='ltr'>ἤγουν</span> <span class='ocrx_word' id='word_1_362' title='bbox 1321 2923 1563 2969; x_wconf 83' lang='grc' dir='ltr'>ἀθυροστομεῖν</span> <span class='ocrx_word' id='word_1_363' title='bbox 1582 2922 1697 2967; x_wconf 82' lang='grc' dir='ltr'>ἀνέχε-</span> 
     </span>
    </p>
   </div>
  </div>
 </body>
</html>
