2001 3257
56 199 230 242 [17M-]

115 1069 137 1104 8
159 1080 238 1118 sqq.

36 2432 70 2464 S.
86 2431 168 2462 Luc.
187 2430 244 2462 xii.

36 2485 90 2516 47,
103 2475 155 2515 48·

270 132 352 173 198
488 132 540 173 Β.
574 110 823 173 ΟῨΒΙΒΒΙ
862 132 1214 173 ALEXANDR.
1258 132 1632 174 FRAGMENTA
1727 133 1797 173 vii.
1818 132 1856 173 8.

265 241 659 308 κατακεκραγέναι
709 247 901 304 μᾶλλον
946 245 1028 304 τῆς
1076 243 1124 292 ἐν
1174 242 1284 305 ἡμῖν
1326 244 1588 297 ἀσθενείας·
1650 243 1752 294 ἀνθ’
1793 240 1858 292 ὧν

263 325 406 392 ἐχρῆν
440 325 791 376 ἀνακόπτεσθαι
819 323 895 374 διὰ
921 329 1004 374 τοῦ
1040 324 1197 387 νόμου,
1226 323 1301 374 διὰ
1337 324 1516 376 τούτων
1543 329 1604 380 εἰς
1630 324 1691 376 τὰ
1716 325 1857 393 χείρω

262 407 712 473 παροτρυνομὲνους.
782 406 809 470 ἡ
852 405 945 471 γὰρ
990 406 1242 471 ἀνθρώπου
1288 406 1468 458 διάνοια
1509 406 1563 459 rb
1605 408 1857 473 φιλόκενον

262 491 332 540 ἀεὶ
370 489 489 556 πρὸς
527 489 769 552 ἐπιθυμίας
809 493 954 539 νοσεῖ.
1011 490 1085 539 καὶ
1117 489 1141 539 ὁ
1170 487 1255 550 μὲν
1290 494 1439 540 ποιῶν
1481 489 1563 543 τὰς
1599 490 1856 553 ἐπιθυμίας,

262 574 324 626 ὡς
364 570 492 623 θέλει
532 571 603 640 ζῇ,
647 570 964 638 ἀνενόχλητος
994 569 1073 621 ὤν·
1115 573 1139 621 ὁ
1172 571 1219 621 δὲ
1258 571 1538 623 ἀνακόπτων
1577 572 1735 635 αὐτὰς,
1771 573 1857 638 ἀγ-

259 654 485 721 ριωτέραν
524 653 784 721 εἰσδέχεται
822 652 908 716 τὴν
947 657 1042 703 τῶν
1080 658 1248 704 παθῶν
1286 654 1477 722 ἔφοδον·
1533 657 1609 705 καὶ
1639 659 1734 705 τῶν
1773 653 1857 717 μὲν

259 737 523 805 προχείρων
569 737 715 790 οὐδεὶς
762 738 985 799 ἐπιθυμεῖ·
1039 734 1104 786 ὧν
1150 736 1197 787 δὲ
1238 735 1474 788 κωλύεταί
1513 760 1582 791 τις
1628 738 1854 800 ἐπιθυμεῖ.

260 820 370 871 ὅθεν
408 825 492 870 τοῦ
534 819 678 883 νόμου
714 819 1021 872 κωλύσαντος
1061 818 1116 869 τὸ
1156 819 1394 882 βλάπτον,
1433 819 1623 885 γέγονεν
1662 817 1855 887 ἀφορμὴ

259 907 356 957 τοῖς
390 901 747 967 ἀσθενεστέροις
774 906 856 952 τοῦ
881 901 1030 952 πλέον
1056 902 1199 952 αὑτοῦ
1226 903 1476 965 ἐπιθυμεῖν.

639 1064 779 1121 Χωρίε
819 1064 896 1120 scip
936 1065 1066 1112 νόμου
1105 1064 1290 1121 ἁμαρτία
1330 1067 1473 1122 νεκρά.

335 1183 393 1230 Εἰ
433 1178 525 1245 γὰρ
560 1179 625 1242 μὴ
662 1179 825 1241 κέοιτο,
853 1181 1019 1247 φησὶν,
1047 1180 1072 1229 ὁ
1101 1179 1184 1230 τὸν
1216 1182 1297 1243 τῆς
1338 1178 1642 1247 φαυλότητος
1679 1180 1857 1246 τρόπον

257 1260 574 1327 καταδικάζων
618 1259 779 1324 νόμος,
830 1260 1026 1327 ἀδρανὲς
1072 1259 1129 1312 ἂν
1175 1261 1359 1327 γένοιτο
1401 1261 1454 1312 τὸ
1501 1260 1661 1313 κακόν·
1716 1285 1850 1313 κατε-

253 1342 477 1410 ρεθίζεται
529 1342 623 1409 γὰρ
667 1346 918 1410 μονονουχὶ
970 1343 1089 1409 πρὸς
1134 1343 1276 1411 ἰσχὺν
1322 1343 1397 1394 διὰ
1438 1350 1520 1395 τοῦ
1574 1344 1733 1408 νόμου,
1780 1346 1856 1395 καὶ

255 1425 576 1495 ῥᾳθυμότερον
620 1426 705 1489 μέν
750 1449 848 1476 τισι
892 1427 946 1476 τὸ
991 1428 1074 1490 τῆς
1115 1427 1283 1491 ἡδονῆς
1336 1427 1597 1491 ἐγκείσεται
1651 1427 1856 1493 κέντρον,

1878 592 1900 631 5

1882 1087 1930 1112 10

257 1510 561 1573 ἐπιτιμῶντος
587 1509 714 1578 αὐτῷ
741 1507 953 1573 μηδενός·
1009 1509 1154 1572 μόνον
1182 1507 1230 1560 δὲ
1258 1510 1362 1577 οὐχὶ
1390 1511 1466 1560 καὶ
1493 1509 1856 1574 ἀπαμβλύνεται
1881 1529 1928 1568 15

258 1596 325 1660 τῷ
377 1594 460 1655 τῆς
505 1591 726 1660 ἐξουσίας
769 1591 941 1642 πλάτει
986 1591 1345 1657 γοητευόμενον·
1407 1592 1460 1642 οὗ
1498 1591 1593 1657 γὰρ
1634 1591 1758 1646 ὅλως
1803 1591 1858 1643 τὸ

259 1676 574 1725 ἀντιστατοῦν
602 1673 749 1736 οὐδὲν,
776 1676 870 1725 ἐκεῖ
890 1697 982 1726 που
1006 1672 1195 1729 πάντως
1223 1677 1361 1741 ἀργεῖ
1382 1676 1458 1725 καὶ
1483 1673 1538 1724 rb
1567 1673 1854 1742 φιλόνεικον.

261 1755 400 1821 νεκρὰ
426 1762 676 1822 τοιγαροῦν
702 1756 729 1820 ἡ
756 1757 974 1823 ἁμαρτία,
1004 1755 1150 1820 νόμου
1175 1756 1230 1808 rb
1256 1755 1490 1822 πρακτέον
1516 1755 1582 1820 μὴ
1609 1757 1852 1823 διαγορεύ-

261 1857 413 1893 οντος·
467 1838 669 1905 ἐζηκέναι
705 1836 754 1889 δέ
794 1843 947 1908 φησιν
978 1840 1003 1890 ὁ
1034 1837 1355 1905 μυσταγωγὸς
1393 1844 1527 1905 χωρὶς
1568 1841 1692 1906 νόμον
1732 1840 1853 1891 ποτέ·

261 1919 360 1973 εἶτα
390 1921 465 1982 τῆς
501 1921 674 1982 ἐντολῆς
709 1921 926 1984 ἐλθούσης,
952 1923 1210 1981 ἀναβιῶναι
1245 1920 1330 1984 μὲν
1360 1920 1448 1985 τὴν
1473 1922 1719 1987 ἁμαρτίαν,
1746 1926 1853 1974 τεθ-
1879 1943 1930 1969 20

262 2003 395 2056 νάναι
421 2005 570 2070 γεμὴν
595 2004 760 2056 ἑαυτὸν
786 2004 1132 2072 διισχυρίζεται.

338 2089 432 2138 Καὶ
478 2085 755 2155 σχηματίζει
800 2086 886 2150 μὲν
928 2088 976 2138 ἐν
1021 2087 1203 2140 τούτοις
1247 2088 1320 2155 ἐφ’
1364 2087 1515 2156 ἑαυτῷ
1559 2086 1642 2138 τὸν
1688 2086 1852 2154 λόγον·

261 2168 388 2232 οἶμαι
428 2169 477 2222 δὲ
515 2170 664 2236 ε”γωγε
704 2167 913 2221 τοιοῦτόν
951 2192 995 2220 τι
1037 2169 1303 2230 βούλεσθαι
1343 2172 1521 2234 δηλοῦν
1561 2169 1716 2221 αὐτόν·
1767 2170 1858 2222 ὑπὸ

261 2253 392 2317 δίκην
423 2252 507 2316 μὲν
532 2252 627 2319 γὰρ
663 2251 1053 2318 ὁμολογουμένως
1089 2253 1191 2302 ἐστὶ
1226 2253 1302 2302 καὶ
1334 2250 1387 2303 rb
1420 2253 1469 2303 ἐν
1494 2252 1663 2322 ἀγνοίᾳ
1687 2260 1854 2317 πλημ-

260 2341 434 2399 μελεῖν·
482 2335 617 2386 ἔσται
657 2336 705 2385 δὲ
747 2334 819 2385 ὅτι
858 2335 1183 2403 φορτικωτέρα
1223 2338 1319 2388 τοῖς
1355 2333 1533 2385 εἰδόσιν
1574 2334 1602 2398 ἡ
1644 2333 1857 2398 κόλασις,
1878 2356 1927 2395 25

261 2415 690 2485 πεπληροφόρηκεν
730 2418 755 2466 ὁ
789 2416 958 2482 Σωτὴρ
998 2417 1154 2482 λέγων
1191 2418 1254 2467 ‘O
1282 2415 1414 2470 εἰδὼς
1452 2416 1507 2467 rb
1547 2415 1735 2479 θέλημα
1773 2424 1858 2469 τοῦ

262 2499 420 2566 κυρίου
447 2499 603 2560 αὐτοῦ,
632 2502 707 2559 καὶ
745 2498 810 2562 μὴ
837 2498 1056 2562 ποιήσας,
1085 2498 1341 2565 δαρήσεται
1379 2497 1585 2552 πολλάς·
1640 2500 1664 2549 ὁ
1705 2498 1754 2549 δὲ
1791 2499 1856 2565 μὴ

307 2634 340 2667 3.
367 2623 551 2667 φιλόκενον
568 2620 672 2655 edidi.
691 2622 894 2666 φιλόκαινον
914 2620 1004 2655 Cod.
1241 2632 1253 2655 1
1265 2632 1294 2655 Ι.
1321 2622 1387 2667 γὰρ
1406 2633 1475 2656 om.
1494 2622 1538 2655 A.
1612 2623 1855 2658 τὸν-καταδι-

260 2668 383 2714 κάζων]
403 2669 654 2713 τῶν-τρόπων
669 2671 866 2713 κατηγορῶν
882 2668 926 2701 Α.
1297 2679 1350 2710 14.
1378 2667 1531 2713 κέντρον]
1553 2668 1693 2712 δένδρον
1711 2669 1791 2714 (Sic)
1810 2671 1855 2705 A.

263 2726 317 2762 15.
345 2717 381 2750 δέ
399 2727 469 2749 otn.
490 2715 532 2749 A.
697 2725 749 2759 17.
776 2715 830 2748 καὶ
847 2720 1074 2758 assumptum
1091 2726 1134 2748 ex
1151 2714 1196 2748 A.
1261 2716 1458 2759 φιλόνεικον
1476 2715 1568 2749 Α.Β.
1587 2717 1766 2760 φιλόνικον
1784 2717 1853 2751 Ed.

264 2765 317 2798 18.
335 2763 380 2807 μὴ
398 2760 654 2806 διαγορεύοντος
671 2761 715 2795 A.
730 2761 959 2805 διακρίνοντος
974 2760 1050 2795 Cat.
1067 2762 1164 2801 alter,
1184 2759 1265 2801 Ed„
1280 2768 1445 2795 monente
1462 2762 1506 2805 μὴ
1524 2773 1601 2796 esse
1617 2763 1855 2798 necessarium

260 2810 369 2845 Maio.
563 2819 616 2853 19.
641 2806 813 2850 Ἐζηκέναι
830 2808 891 2851 μὲν
908 2818 1041 2842 novum
1059 2807 1217 2842 scholion
1234 2808 1405 2852 incipiens
1423 2808 1468 2842 A.
1652 2819 1709 2844 21.
1735 2810 1856 2844 ἑαυτὸν

259 2856 507 2901 διισχυρίζεται
524 2855 568 2888 Α.
588 2855 689 2889 αὐτὸν
706 2854 915 2899 ἰσχυρίζεται
934 2853 1002 2888 Ed.
1211 2865 1268 2900 23.
1294 2856 1450 2888 τοιοῦτόν
1466 2854 1558 2889 Α.Β,
1578 2854 1714 2900 Lligne.
1732 2858 1855 2892 τοῦτόν

260 2904 367 2949 (preli
384 2900 594 2948 sphalmate)
614 2901 700 2935 Mai.
772 2900 1004 2941 βουλεύεσθαι
1023 2901 1065 2936 Α.
1294 2912 1422 2946 24—p.
1439 2913 1514 2947 199,
1535 2912 1566 2936 2.
1594 2902 1651 2936 Ab
1669 2902 1787 2948 ἀγνοίᾳ
1805 2903 1850 2937 ad

259 2951 378 2997 ἀγνοίᾳ
395 2948 546 2984 transilit
565 2948 606 2982 B.
