2001 3257
243 147 327 187 184
462 146 512 187 B.
546 145 794 186 CYRILLI
832 143 1182 184 ALEXANDR.
1225 143 1596 183 FRAGMENTA
1696 157 1733 183 v.
1756 154 1818 196 15.

45 211 61 253 [
79 217 96 251 7
113 211 163 243 Μ·
178 211 193 252 ]

243 259 381 322 φησι,
407 253 621 305 τουτέστι
648 257 879 320 Χριστοῦ,
907 254 1054 303 καίτοι
1088 252 1468 318 παραγεγονότος
1503 250 1605 315 ἤδη,
1631 251 1705 301 καὶ
1740 252 1822 312 τῆς·

242 334 360 398 μετὰ
398 335 575 401 σαρκὸς
614 335 875 399 οἰκονομίας
914 331 1275 399 διαπεράναντος
1306 332 1360 382 τὸ
1400 331 1675 397 μυστήριον.
1722 335 1823 383 πῶς

243 417 323 467 οῦν
356 418 583 484 μέλλοντα
621 421 768 477 καλεῖ,
795 416 911 482 φαίη
946 438 1014 469 τις
1050 414 1110 465 ἂν
1141 414 1256 467 ἰ’σως
1282 435 1294 476 3
1346 415 1570 479 παραθεὶς
1595 412 1688 479 γὰρ
1715 413 1823 477 ἡμῖν

242 496 324 548 τὸν
361 503 550 563 πρῶτον
588 497 851 562 ἄνθρωπον,
892 499 966 547 καὶ
1005 501 1098 546 τῶν
1143 499 1225 559 τῆς
1269 494 1588 561 παραβάσεως
1632 497 1824 558 διαμνη-

243 579 477 642 μονεύσας
511 583 696 646 καιρῶν,
723 581 784 631 ὡς
819 579 915 640 μετ’
945 577 1110 631 αὐτοὺς
1144 576 1470 643 παρεσόμενόν
1496 600 1544 627 τε
1571 578 1644 626 καὶ
1679 576 1820 644 ε”σχα-
1845 597 1866 635 5

245 684 327 711 τον
352 660 510 724 Ἀδὰμ
549 659 767 722 ὠνόμασε
806 659 888 710 τὸν
914 658 1145 724 Χριστόν·
1197 659 1468 725 προώριστο
1506 656 1591 720 μὲν
1631 656 1723 723 γὰρ
1762 658 1824 710 ὡς

247 744 295 792 ἐν
321 741 513 806 θελήσει
538 765 587 793 τε
614 743 689 792 καὶ
718 741 981 809 προμηθείᾳ
1006 746 1087 791 τοῦ
1115 744 1239 791 Θεοῦ
1266 742 1342 790 καὶ
1370 737 1560 805 Πατρὸς
1586 738 1750 804 σωτήρ
1775 761 1824 789 τε

246 825 322 874 καὶ
348 823 603 889 λυτρωτὴς,
629 823 830 891 ἐπέφανε
870 822 919 874 δὲ
956 827 1129 888 καιροῖς
1167 821 1296 875 ἰδίοις
1332 822 1439 871 καθ’
1479 820 1557 874 οῦς
1589 819 1826 885 ἠθέλησεν

247 906 271 955 ὁ
316 903 569 969 δυνάστης·
630 905 755 955 οῦτοι
801 904 855 955 δέ
892 908 1009 955 εἰσιν
1054 906 1096 954 οἱ
1140 905 1188 954 ἐν
1226 901 1445 970 ἐσχάτοις
1488 903 1562 952 καὶ
1612 900 1708 952 οἶον
1752 903 1826 952 ἐπὶ

248 988 449 1050 δυσμαῖς
493 992 576 1037 τοῦ
616 985 847 1052 παρόντος
892 989 1071 1038 αἰῶνος.
1124 986 1291 1035 οὐκοῦν
1328 982 1540 1036 τεθεικὼς
1580 986 1642 1037 εἷς
1679 982 1827 1034 τύπον
1848 1002 1897 1028 10

248 1074 331 1118 τοῦ
369 1067 558 1133 πρώτου
592 1066 674 1118 τὸν
709 1067 933 1133 δεύτερον,
960 1069 1207 1132 μονονουχὶ
1244 1068 1320 1117 καὶ
1358 1065 1715 1117 διαπυνθάνεται
1746 1064 1828 1115 τὸν

250 1149 558 1214 ἀκροώμενον,
594 1152 655 1203 ὡς
695 1151 741 1199 ἐν
785 1151 1059 1216 ὑποστιγμῇ
1101 1171 1149 1199 τε
1195 1149 1269 1198 καὶ
1309 1146 1534 1213 ἐρωτήσει
1575 1147 1730 1212 λέγων
1769 1144 1829 1196 τὰ

248 1232 372 1300 ἑξῆς·

185 1404 230 1442 15
373 1391 483 1431 Ἀλλ’
529 1391 603 1446 οὐχ
640 1392 700 1431 coc
737 1390 785 1432 τὸ
823 1391 1112 1447 Παράπτωμα,
1149 1391 1265 1430 οὕτω
1304 1388 1372 1429 καὶ
1409 1388 1456 1429 τὸ
1495 1389 1703 1444 χάρισμα;

319 1503 526 1568 ΓὈμοιον
567 1504 659 1570 γὰρ
699 1507 760 1558 ὡς
806 1505 937 1571 λε’γοι
980 1505 1371 1569 Κατακεκρίμεθα
1415 1506 1481 1571 τῷ
1526 1499 1712 1570 θανάτῳ
1757 1498 1832 1551 διὰ
1854 1524 1902 1563 15

251 1588 332 1649 τῆς
371 1588 418 1636 ε”ν
456 1585 612 1649 Ἀδὰμ
656 1585 988 1653 παραβάσεως,
1034 1586 1148 1649 ὅλης
1189 1588 1270 1648 τῆς
1312 1584 1601 1651 ἀνθρωπείας
1643 1581 1834 1651 φύσεως

250 1672 389 1718 τοῦτο
419 1667 669 1729 παθούσης
698 1669 746 1718 ἐν
773 1669 914 1737 αὐτῷ·
958 1669 1033 1718 καὶ
1073 1666 1165 1733 γὰρ
1203 1664 1261 1730 ἧν
1300 1665 1490 1733 ἀπαρχὴ
1530 1670 1613 1715 τοῦ
1652 1663 1829 1728 γένους·

29 1753 135 1836 {xpm
150 1763 217 1784 ver.
253 1751 361 1800 ἀλλ’
391 1751 438 1800 ἐν
466 1754 666 1819 Χριστῷ
698 1750 846 1801 ποῖλιν
882 1749 1208 1813 ἀνεθάλλομεν
1240 1752 1302 1801 εἰς
1335 1747 1466 1813 ζωήν·
1513 1746 1657 1799 τύπος
1693 1745 1741 1796 δὲ
1776 1744 1835 1809 ἧν

254 1832 278 1880 5
304 1830 461 1894 Ἀδὰμ
490 1836 572 1881 τοῦ
601 1830 875 1894 μέλλοντος,
902 1831 1117 1881 τουτέστι
1143 1833 1373 1894 Χριστοῦ,
1400 1833 1457 1895 τῇ
1474 1832 1583 1894 ,τῶν
1609 1826 1831 1894 φθασάν-

252 1935 346 1962 των
380 1911 626 1976 σκαιότητι
664 1911 748 1975 τὴν
787 1916 1126 1978 ὶσομοιροῦσαν
1156 1911 1264 1974 ἡμῖν
1297 1908 1638 1974 εἷσκομίζοντος
1677 1907 1829 1976 χάριν·
1855 1931 1905 1956 20

251 1991 345 2059 ἀρα
383 1994 481 2055 οὖν,
525 1995 666 2061 φησὶ,
708 1999 847 2044 τοῦτο
891 1993 1045 2058 λεγων
1090 1991 1381 2070 διημάρτηκα
1420 1992 1686 2054 τάληθοῦς;
1743 1989 1835 2058 ἔξω

253 2075 454 2167 φερομαι
492 2080 574 2125 τοῦ
613 2075 818 2127 εἰκότος·
808 2116 820 2136 ,
879 2099 959 2137 συχ
999 2077 1054 2128 ὡς
1095 2099 1139 2124 το
1180 2076 1485 2142 παράπτωμα
1525 2071 1629 2122 οὕτω
1671 2094 1748 2122 κοιι
1790 2095 1834 2122 το

253 2158 495 2224 χάρισμας
538 2157 650 2206 ἀλλ’
686 2155 859 2224 ἴσχυσε
893 2155 977 2218 μὲν
1010 2157 1062 2206 δι’
1092 2154 1191 2208 ἑνὸς
1226 2156 1250 2205 ὁ
1288 2153 1503 2214 θάνατος,
1534 2152 1754 2216 ἀτονήσει
1788 2151 1835 2202 δε

253 2239 308 2287 δι’
336 2238 438 2292 ἑνὸς
463 2239 490 2302 ἡ
519 2237 641 2303 ζωής
687 2239 832 2288 καίτοι
859 2242 959 2291 πῶς
985 2238 1067 2287 οὐκ
1095 2235 1268 2300 ἀληθὲς
1292 2237 1434 2286 ἐκεῖνο
1470 2237 1642 2294 εἶπεῖν;
1685 2239 1717 2285 εἰ
1745 2233 1836 2303 γὰρ

252 2325 313 2388 τῷ
338 2322 409 2370 τοῦ
444 2320 529 2374 ἑνὲς
559 2320 905 2387 παραπτώματι
940 2326 973 2370 οἱ
1008 2322 1172 2369 πολλοὶ
1206 2316 1429 2378 ἀπέθανον,
1458 2322 1622 2384 πολλῷ
1655 2317 1836 2383 μᾶλλον
1857 2338 1904 2376 25

253 2403 274 2459 ἡ
306 2401 438 2469 χάρις
468 2403 540 2452 τοῦ
567 2403 677 2452 Θεοῦ
714 2409 790 2452 καὶ
825 2404 845 2461 ἡ
879 2398 1014 2469 ὃωρεέι
1048 2401 1085 2452 ἐν
1117 2400 1266 2468 χάριτι
1305 2401 1356 2469 τῇ
1393 2400 1463 2449 τοῦ
1502 2396 1586 2451 ἑνὶς
1620 2396 1836 2465 ἀνθρώπου

254 2483 389 2541 Ἰησοῦ
427 2485 610 2551 Χριστοῦ
655 2488 714 2538 εἰς
752 2481 847 2537 τους
887 2481 1086 2537 πολλοὺς
1126 2482 1440 2550 ὑπερῖσσ-ευσεν·
1496 2477 1706 2545 ἀνέξεται
1744 2476 1838 2544 γὰρ

255 2563 432 2626 ἥκιστοῖ
466 2586 532 2627 γε,
561 2563 897 2630 φιλάνθρωπος
937 2562 1001 2613 ὧν
1038 2564 1062 2613 ὁ
1102 2560 1398 2628 δημιουργὸς,
1426 2564 1714 2625 κατισχῦσαι
1754 2558 1837 2621 μὲν

257 2643 459 2694 θάνατον
487 2643 562 2693 διὰ
593 2650 675 2694 τοῦ
709 2642 823 2706 ἑνὸς,
849 2646 1151 2710 ἀπρακτῆσαι
1185 2643 1232 2694 δὲ
1263 2643 1347 2706 τὴν
1374 2643 1427 2692 δι’
1457 2640 1555 2694 ἑνὸς
1588 2640 1837 2706 ἀνθρώπου

256 2724 389 2792 ζωήν·
431 2725 750 2790 ὑπερκείσεται
776 2726 823 2776 δὲ
847 2726 875 2788 ἡ
902 2726 1037 2793 χάρις
1061 2725 1120 2776 τὰ
1144 2725 1199 2793 ἐξ
1223 2726 1379 2790 ὀργῆς.
1857 2746 1906 2782 30

257 2892 358 2960 Mpl.
385 2881 592 2926 διημάρτηκα
610 2880 678 2914 κατ’
698 2880 866 2923 ἀληθοῦς;
895 2881 974 2923 (Sic)
996 2879 1037 2914 B.
1234 2888 1288 2924 27.
1318 2878 1370 2913 Ita
1388 2884 1420 2913 et
1441 2878 1483 2912 B.
1500 2877 1838 2922 ὑπερεπερίσσευσεν

302 2939 391 2970 ngne.
