2017 3252
109 197 302 239 [110M.]

96 332 179 362 forte
195 329 220 370 ᾧ

96 418 149 448 Ps.
163 428 216 448 xv.
234 425 262 457 5.

98 909 190 940 Infra¹
205 919 272 940 ver.

97 963 129 994 9.

100 1329 185 1359 Dan.
202 1329 257 1359 vii.

103 1380 115 1401 1
122 1381 152 1403 ο.

103 1893 188 1934 Eph.
204 1893 239 1924 ii.
256 1892 286 1924 6.

104 1970 142 2001 cf.
158 1971 243 2000 infra
253 1980 284 2009 p.

104 2024 152 2054 sq.
170 2018 238 2044 not.

107 2796 204 2826 Rom.
221 2795 285 2826 xiv.

109 2849 137 2879 9.

321 131 406 172 384
551 131 602 172 B.
635 131 882 173 CYRILLI
923 132 1271 173 ALEXANDR.
1314 132 1687 174 FRAGMENTA
1746 131 1901 184 ii.7‚8.

353 239 374 250 Α

321 248 375 290 οὑ
403 238 565 306 γε’γονε
596 240 725 307 παρὰ
751 245 833 292 τοῦ
858 244 983 291 Θεοῦ
1010 242 1085 291 καὶ
1112 239 1301 306 Πατρὸς
1328 241 1354 303 ἡ
1381 244 1475 291 τῶν
1501 241 1608 291 καθ’
1638 241 1762 304 ἡμᾶς
1788 242 1902 290 ἀνα-

321 322 671 389 κεφαλαίωσις;
727 324 874 385 δῆλον
919 321 990 371 ὅτι
1028 320 1256 386 Χριστὸς,
1300 320 1324 371 ὃ
1363 323 1439 371 καὶ
1479 322 1597 385 ἡμᾶς
1635 322 1898 372 ἀκόλουθον

322 406 463 454 εἰπεῖν
489 405 551 457 ὡς
583 403 657 453 διὰ
687 406 769 466 τῆς
795 408 878 453 τοῦ
905 402 1185 470 ψάλλοντος
1212 404 1358 467 λύρας
1399 410 1425 431 “
1451 403 1623 468 Κύριος
1659 405 1788 468 μερὶς
1817 405 1900 466 τῆς

321 491 349 513 “
375 484 687 550 κληρονομίας
720 507 812 547 μου
849 485 925 534 καὶ
960 488 1042 533 τοῦ
1078 484 1303 548 ποτηρίου
1335 506 1438 545 μου,
1462 483 1527 533 σύ
1553 481 1594 534 εἷ
1623 485 1647 534 ὁ
1679 486 1901 535 ἀποκαθι-

321 573 349 595 “
375 570 506 616 στῶν
525 564 610 629 τὴν
631 565 945 631 κληρονομίαν
964 588 1054 627 μου
1079 566 1221 628 ἐμοί·”
1270 566 1324 614 δι’
1349 565 1490 615 αὑτοῦ
1517 564 1611 630 γὰρ
1636 565 1902 632 ἐσχήκαμεν
1920 586 1942 624 5

321 651 415 697 τῶν
442 648 490 697 ἐν
516 649 681 714 ἀρχαῖς
708 651 764 714 τῇ
804 646 947 715 φύσει
986 645 1312 712 δεδωρημένων
1338 648 1531 711 ἀγαθῶν
1557 646 1642 710 τὴν
1667 646 1903 710 ἐπανάλη-

321 732 411 797 ψιν
436 728 580 791 αὐτὴν
607 730 682 778 καὶ
721 728 774 779 τὸ
813 728 1006 789 βέβαιον
1032 730 1092 781 εἷς
1127 730 1311 792 κτῆσιν.
1367 728 1702 794 ἀταλαίπωρον
1740 727 1788 779 δὲ
1827 731 1902 778 καὶ

322 816 459 861 τοῦτο
501 812 611 860 ἰδεῖν
652 811 739 878 οὐχ
779 810 944 875 ἑτερως
987 810 1107 876 ἕχον,
1152 808 1448 878 γεγραφότος
1491 811 1596 875 περὶ
1637 810 1778 860 αὐτοῦ
1820 814 1904 860 τοῦ

323 893 582 942 θεσπεσίου
611 891 810 943 Παύλου
846 899 871 921 “
891 891 990 942 Τὸν
1022 891 1070 941 δὲ
1102 890 1261 958 βραχύ
1293 914 1336 942 τι
1359 891 1469 956 παρ’
1497 891 1732 956 ἀγγέλους
1756 891 1904 955 ἠλατ-

324 983 350 1006 “
376 975 583 1038 τώμενον
620 975 860 1039 βλέπομεν
896 974 1089 1040 Ἰησοῦν
1127 974 1202 1025 διὰ
1242 975 1297 1026 τὸ
1334 976 1533 1040 πάθημα
1575 981 1659 1026 τοῦ
1700 973 1904 1026 θανάτου

322 1065 350 1087 “
375 1057 493 1125 δόξῃ
523 1061 597 1108 καὶ
623 1062 733 1124 τιμῇ
758 1055 1190 1125 ἐστεφανώμενον.”

395 1138 603 1193 Ἀκούεις
639 1139 764 1192 ὅπως
802 1137 957 1190 ἐπάνω
995 1138 1186 1190 πάντων
1225 1138 1482 1204 ὑπέρτατον
1523 1137 1604 1189 τὸν
1641 1138 1905 1205 σύνθρονον

321 1224 388 1290 τῷ
428 1223 584 1287 Πατρῖ
623 1221 704 1272 τὸν
742 1220 872 1285 παρὰ
915 1224 1009 1270 τῶν
1054 1220 1149 1270 ἄνω
1192 1220 1470 1283 πνευμάτων
1513 1221 1562 1270 ἐν
1605 1219 1735 1288 τάξει
1780 1223 1906 1270 Θεοῦ

322 1302 749 1368 προσκυνούμενον,
775 1301 812 1371 ᾧ
847 1303 995 1369 χίλιαι
1028 1300 1113 1365 μὲν
1140 1300 1348 1368 χιλιάδες
1375 1307 1732 1367 λειτουργοῦσιν
1758 1299 1902 1366 ἀγγέ-

324 1391 437 1447 λων,
458 1385 790 1450 παρεστήκασι
817 1384 865 1435 δὲ
892 1385 967 1433 καὶ
992 1382 1150 1448 μύριαι
1176 1382 1408 1448 μυριάδες,
1433 1382 1734 1448 καταβιβάζει
1759 1381 1906 1433 πάλιν

326 1469 350 1517 ὁ
379 1466 698 1532 μυσταγωγὸς
725 1468 772 1516 ἐν
798 1470 894 1519 τοῖς
918 1466 1025 1516 καθ’
1047 1465 1167 1529 ἡμᾶς
1194 1467 1269 1516 καὶ
1294 1464 1378 1516 τὸν
1402 1467 1485 1528 τῆς
1511 1464 1749 1518 κενώσεως
1774 1466 1900 1532 ἀφη-

323 1553 472 1613 γεΐται
509 1548 686 1614 τρόπον
723 1546 1045 1614 προσεπάγων
1085 1545 1216 1600 εὐθὺς
1255 1548 1330 1597 καὶ
1374 1546 1468 1597 ὅσα
1505 1546 1806 1612 κατώρθωται
1848 1545 1903 1596 δι’

323 1631 466 1694 αὐτῆς
489 1634 547 1698 τῇ
574 1629 840 1699 ἀνθρωπεία
867 1628 1009 1698 φύσει
1035 1628 1206 1693 ἀγαθά.
1239 1628 1465 1692 ἐννόησον
1489 1627 1582 1694 γὰρ
1607 1627 1906 1695 ἦλαττώμενον

324 1711 480 1781 βραχύ
503 1737 543 1763 τι
570 1716 675 1781 παρ’
705 1711 938 1777 ἀγγέλους
969 1709 1123 1773 αὑτὸν,
1149 1710 1202 1760 ἵν’
1231 1710 1358 1774 ἡμεῖς
1382 1712 1431 1760 ἐν
1463 1711 1586 1777 αὐτῷ
1612 1708 1899 1772 πλουτήσω-

325 1817 410 1858 μεν
448 1793 507 1844 τὰ
547 1793 660 1859 ὑπὲρ
688 1793 836 1861 φύσιν
869 1793 989 1843 ἰδίαν
1025 1794 1073 1842 ἐν
1103 1792 1286 1860 εὐδοκία
1324 1798 1407 1843 τοῦ
1434 1796 1558 1842 Θεοῦ
1597 1793 1672 1842 καὶ
1701 1790 1903 1857 Πατρός·

327 1875 572 1941 συνήγειρε
612 1874 704 1941 γὰρ
734 1875 855 1938 ἡμᾶς
895 1881 921 1904 “

327 1965 355 1988 “
378 1959 426 2008 ἐν
442 1957 684 2026 Χριστῲ.”
725 1956 1082 2021 συνεδρεύοντος
1107 1954 1199 2021 γὰρ
1226 1961 1309 2006 τοῦ
1327 1955 1517 2006 πάντων
1538 1955 1668 2018 ἡμῶν
1688 1956 1906 2019 Σωτῆρος

948 1875 1022 1924 καὶ
1056 1872 1367 1925 συνεκάθισεν
1401 1875 1449 1924 ἐν
1486 1878 1582 1927 τοῖς
1620 1873 1906 1938 ἐπουρανίοις

326 2043 558 2105 Χριστοῦ,
587 2037 659 2106 ἐφ’
689 2038 806 2102 ὅλην
832 2040 1072 2104 δραμεῖται
1095 2036 1149 2088 τὸ
1177 2037 1394 2104 καύχημα
1419 2036 1505 2101 τὴν
1531 2036 1783 2102 ἀνθρώπου
1809 2035 1901 2102 φύ-

327 2144 421 2172 σιν.
467 2123 563 2172 ἐπεὶ
589 2122 692 2171 τίνα
719 2118 894 2186 τρόπον
919 2120 1045 2183 ἡμεῖς
1071 2121 1129 2186 τῇ
1160 2120 1302 2170 αὐτοῦ
1339 2119 1547 2188 πτωχείᾳ
1580 2117 1908 2182 πεπλουτήκα-

326 2227 424 2267 μεν,
462 2207 500 2254 εἰ
534 2201 652 2254 κατὰ
686 2202 864 2266 μηδένα
897 2199 1074 2266 τρόπον
1107 2199 1161 2252 τὸ
1186 2200 1294 2252 καθ’
1323 2201 1443 2264 ἡμᾶς
1469 2202 1517 2251 ἐν
1543 2199 1800 2264 ἀμείνοσιν,
1830 2199 1906 2250 ὅτε

327 2284 488 2350 γέγονε
515 2285 620 2335 καθ’
650 2285 769 2348 ἡμᾶς
795 2285 819 2334 ὁ
847 2282 961 2348 ὑπὲρ
976 2287 1141 2334 πᾶσαν
1158 2281 1243 2346 τὴν
1263 2283 1447 2343 κτίσιν;
1478 2282 1732 2343 ἠλάττωται
1752 2281 1907 2332 τοίνυν

327 2365 481 2435 βραχὺ
520 2369 622 2433 παρ’
651 2363 879 2431 ἀγγέλους
912 2364 1159 2430 ἄνθρωπος
1190 2363 1407 2430 γεγονὼς,
1435 2364 1510 2414 ἵνα
1548 2362 1634 2426 τὴν
1657 2361 1907 2427 ἀνθρώπου

327 2447 505 2515 τιμήσῃ
532 2446 680 2515 φύσιν
700 2449 776 2497 καὶ
802 2446 1067 2513 ἀνακομίσῃ
1091 2444 1238 2496 πάλιν
1264 2449 1326 2499 εἷς
1350 2444 1404 2495 τὸ
1432 2446 1479 2495 ἐν
1504 2446 1681 2511 ἀρχαῖς,
1704 2441 1800 2514 ἆάξῃ
1828 2448 1904 2494 καὶ

326 2530 432 2599 τιμῇ
457 2530 533 2579 καὶ
564 2529 613 2578 ἐν
639 2529 755 2594 αὐτῇ
782 2526 1161 2593 στεφανούμενος
1199 2526 1345 2577 καίτοι
1371 2528 1453 2588 τῆς
1488 2524 1628 2593 δόξης
1663 2525 1817 2591 κύριος
1843 2524 1908 2575 ὧν

1927 1003 1975 1028 10

1926 1409 1972 1446 15

1926 1817 1976 1842 20

1928 2220 1976 2257 25

328 2613 390 2663 ὡς
415 2608 549 2662 Θεός.
596 2607 759 2674 ὥσπερ
793 2607 886 2673 γὰρ
914 2608 941 2671 ἡ
968 2614 1051 2658 τοῦ
1091 2606 1249 2670 Ἀδάμ
1287 2606 1562 2673 παράβασις
1601 2605 1907 2669 ἀτιμοτάτους
1927 2632 1979 2669 30

328 2691 581 2760 ἀπέδειξεν,
620 2691 765 2743 οὕτως
805 2688 1130 2757 δεδοξάσμεθα
1168 2687 1244 2739 διὰ
1281 2691 1363 2752 τῆς
1395 2688 1508 2755 ὑπὲρ
1539 2689 1670 2752 ἡμῶν
1702 2690 1908 2752 ὑπακοῆς

329 2779 412 2824 τοῦ
450 2777 666 2839 Χριστοῦ
705 2772 780 2821 καὶ
819 2769 963 2834 αὐτὴν
1001 2770 1257 2824 τεθεικότος
1296 2769 1381 2833 τὴν
1420 2770 1539 2821 ἰδίαν
1582 2768 1746 2839 ψυχὴν
1788 2777 1815 2800 “
1833 2770 1908 2820 ἵνα

332 2863 358 2885 “
386 2856 459 2905 καὶ
500 2858 673 2920 νεκρῶν
712 2854 785 2903 καὶ
827 2852 1010 2918 ζώντων
1050 2850 1318 2918 κυριεύσῃ.”
