2012 3272
72 146 140 173 xx,
164 145 255 186 1—9.
437 129 505 170 IN
548 129 591 170 S.
626 128 967 170 JOANNEM.
1031 128 1159 169 LIB.
1194 129 1298 169 XII.
1584 132 1664 171 109

73 242 283 304 σε’βημα.
337 238 492 303 ἐπειδὴ
519 237 567 290 δὲ
600 240 647 289 ἐν
674 238 854 291 τούτοις
882 238 936 289 τὸ
965 237 1158 303 γύναιον
1183 237 1254 302 ἧν,
1282 240 1357 289 καὶ
1383 242 1479 292 τοῖς
1505 239 1554 289 ἐκ
1580 243 1663 289 τοῦ
1685 244 1711 284 d

74 321 249 375 εἰκότος
307 319 544 381 ἐβάλλετο
605 325 874 386 λογισμοῖς,
924 320 1043 386 πρὸς
1092 318 1200 374 τοὺς
1249 321 1534 386 ἀγαπῶντας
1582 320 1666 371 τὸν

78 404 256 470 Κύριον
282 405 548 466 ὑπονοστεῖ,
575 403 919 470 συλλήπτορας
945 401 1111 469 ὥσπερ
1149 405 1230 466 τῆς
1268 402 1337 453 ἐπ’
1366 403 1491 472 αὐτῷ
1532 401 1667 469 ζητή-

75 508 198 540 σεως
235 485 342 539 τοὺς
381 490 474 536 τῶν
507 489 734 550 μαθητῶν
772 484 1125 551 γνησιωτάτους
1165 488 1406 535 ποιεῖσθαι
1444 484 1662 536 σπουδά-

35 567 242 635 5ζουσα.
312 568 558 635 ἱδρυμένην
609 566 657 618 δὲ
710 567 876 633 ὥσπερ
920 569 995 618 καὶ
1040 567 1311 634 ἀπόρθητον
1363 567 1542 634 ἔχουσα
1584 567 1670 632 τὴν

78 651 257 713 πίστιν,
302 651 355 701 οὐ
400 651 730 716 παρεκομίσθη
768 650 888 716 πρὸς
935 650 1193 714 ὀλιγωρίαν
1235 649 1310 700 διὰ
1354 654 1449 701 τῶν
1491 651 1566 702 ἐπὶ
1604 654 1672 720 τῷ

80 736 273 802 σταυρῷ
311 736 492 796 παθῶν,
534 732 676 802 Κύριον
718 731 766 783 δὲ
801 731 1020 796 συνήθως
1060 733 1295 783 ἀποκαλεῖ
1327 734 1402 783 καὶ
1441 736 1674 783 τεθνεῶτα

81 814 312 882 Χριστόν·
359 814 549 880 τοιαύτη
576 814 670 881 γὰρ
697 813 842 868 ὅντως
869 815 896 878 ἡ
926 814 1147 883 φιλόθεος
1175 814 1285 883 ἕξις.
1341 818 1383 866 οἱ
1411 814 1458 866 δὲ
1486 815 1674 880 ἐπείπερ

82 897 309 950 ἐπύθοντο
348 900 480 948 ταυτὶ
520 903 602 948 τοῦ
635 897 828 964 γυναίου
868 895 1222 963 διηγγελκότος·
1272 900 1433 967 Πέτρος
1465 896 1514 947 δὲ
1545 896 1674 962 ἦσαν

17 1005 64 1030 10
83 982 159 1031 καὶ
195 978 415 1044 Ἰωάννης
455 981 479 1030 ὁ
518 985 601 1030 τοῦ
639 980 835 1041 βιβλίου
873 978 1199 1049 συγγραφεὺς,
1227 977 1393 1030 ἑαυτὸν
1431 978 1525 1046 γὰρ
1559 976 1714 1030 εἶναίθ

84 1067 209 1132 φησι
247 1062 329 1114 τὸν
355 1062 512 1129 ἕτερον
538 1060 772 1127 μαθητήν·
829 1060 948 1112 ὅσον
986 1060 1044 1126 ἧν
1070 1060 1188 1115 εἰκὸς
1225 1060 1455 1112 δύνασθαι
1491 1063 1676 1113 συντεί-

85 1167 243 1196 νονται
284 1144 463 1214 δρόμῳ,
493 1146 569 1195 καὶ
606 1142 724 1209 πρὸς
763 1143 877 1195 αὐτὸ
904 1143 949 1195 το
985 1146 1185 1212 μνημεῖον
1212 1144 1439 1212 ἀφίκοντο
1466 1147 1674 1210 γοργῶς,

86 1228 163 1278 καὶ
189 1232 272 1278 τοῦ
305 1226 581 1296 παραδόξου
616 1227 825 1293 γίνονται
857 1227 1035 1292 θεωροὶ,
1063 1226 1379 1293 ἀποχρώντως
1407 1226 1590 1294 ἔχοντες
1616 1228 1680 1279 εἷς

87 1311 348 1377 μαρτυρίαν
367 1315 450 1360 τοῦ
469 1308 766 1376 πράγματος·
802 1309 885 1359 δύο
905 1308 999 1374 γὰρ
1015 1307 1143 1372 ἦσαν
1161 1307 1280 1359 κατὰ
1296 1307 1380 1359 τὸν
1399 1308 1559 1372 νόμον.
1604 1309 1679 1359 καὶ
1740 1307 1872 1391 ,131ξῦξᾶ

23 1411 69 1449 15
89 1390 383 1461 ἐγηγερμένω
408 1390 494 1455 μὲν
513 1394 563 1442 ἐκ
590 1395 764 1457 νεκρῶν
791 1392 922 1442 οὔπω
948 1390 1351 1458 περιτυγχάνουσι
1376 1394 1442 1460 τῷ
1464 1394 1679 1459 Χριστῷ,

91 1473 185 1525 ἀπὸ
212 1474 260 1525 δὲ
287 1476 369 1537 τῆς
404 1478 499 1524 τῶν
525 1474 721 1525 ὀθονίων
748 1476 1000 1537 συλλογῆς
1039 1474 1253 1524 ἐννοοῦσι
1285 1473 1371 1537 τὴν
1397 1472 1681 1535 ἀνάστασιν,

91 1555 379 1608 πιστεύουσί
407 1579 456 1607 τε
489 1555 673 1618 λοιπὸν,
702 1555 773 1606 ὅτι
798 1557 873 1606 καὶ
903 1554 1022 1605 αὐτὰ
1048 1554 1106 1605 τὰ
1134 1561 1217 1606 τοῦ
1241 1554 1446 1606 θανάτου
1473 1554 1682 1623 διέῤῥηξε

92 1637 263 1701 δεσμὰ,
290 1643 429 1689 τοῦτο
464 1640 539 1688 καὶ
573 1638 725 1689 πάλαι
758 1637 954 1702 βοώσης
979 1640 1062 1699 τῆς
1088 1637 1224 1704 ἁγίας
1255 1640 1462 1706 γραφῆς.
1515 1638 1683 1688 οὐκοῦν

91 1725 187 1774 τοῖς
226 1720 430 1784 ἀληθέσι
469 1719 808 1787 προμηνύμασι
846 1719 905 1771 τὰ
939 1721 988 1771 ἐκ
1021 1724 1116 1770 τῶν
1146 1720 1441 1786 πραγμάτων
1475 1719 1684 1783 συμβαί.
1703 1732 1908 1770 a1079A.

26 1817 76 1844 20
94 1825 234 1854 νοντα
269 1800 384 1868 τέλη
417 1801 881 1867 καταλαμβάνοντες,
908 1800 1212 1869 ἑδραιοτάτην
1238 1801 1327 1867 ἤδη
1359 1801 1573 1870 δέχονται
1599 1801 1686 1866 τὴν

93 1885 275 1938 πίστιν.

169 1967 461 2033 Σημειωτεόν
488 1965 538 2018 δὲ
564 1967 634 2019 ὅτι
662 1969 686 2019 ὁ
713 1967 798 2031 μὲν
823 1968 1050 2035 μακάριος
1078 1965 1441 2033 Εὐαγγελιστὴς
1465 1966 1687 2031 Ἰωάννης

94 2049 178 2101 τὸν
212 2052 296 2111 τῆς
327 2048 637 2104 ἀναστάσεως
672 2050 783 2114 ἡμῖν
817 2048 1128 2114 καταμηνύων
1159 2050 1322 2116 καιρόν
1348 2056 1409 2123 Τῇ
1438 2055 1529 2121 μιᾷ
1563 2054 1689 2117 φησι

96 2132 176 2184 τοῖν
203 2131 459 2193 σαββάτων
484 2131 595 2202 πρωῒ
634 2134 821 2188 σκοτίας
862 2133 922 2184 ἔτι
963 2131 1086 2193 οὔσης
1119 2131 1293 2203 ἔρχεται
1331 2137 1390 2188 εἷς
1416 2131 1463 2183 το
1489 2134 1690 2200 μνημεῖον

31 2230 81 2269 25
100 2216 260 2286 Μαρία
279 2217 301 2275 ἦ
322 2212 624 2281 Μαγδαληνή·
665 2219 916 2269 Ματθαῖος
941 2213 1093 2280 γεμὴν
1119 2213 1205 2278 τὴν
1226 2213 1371 2278 αὐτὴν
1397 2214 1506 2278 ἡμῖν
1530 2214 1690 2265 ποιού-

99 2319 236 2360 μενος
282 2296 512 2361 δήλωσιν,
550 2296 755 2363 ἑσπέρας
796 2296 888 2364 ἔφη
927 2295 1120 2358 βαθείας
1159 2296 1306 2360 οὔσης
1345 2295 1568 2361 γενέσθαι
1604 2295 1691 2360 τὴν
1711 2301 1869 2377 ῗέἒὲξῦξ

100 2377 387 2430 ἀνάστασιν.
464 2378 575 2430 ἀλλ’
629 2377 757 2443 οἶμαι
819 2379 997 2443 μηδένα
1054 2381 1305 2446 διαφωνεῖν
1353 2378 1536 2430 οἴεσθαι
1585 2370 1739 2433 τοὺςί)
1818 2371 1824 2377 '
1866 2370 1873 2377 ⁹

101 2460 538 2529 πνευματοφόρους,
567 2460 685 2525 μήτε
715 2460 809 2525 μὴν
840 2459 1096 2530 διαφόρους
1133 2463 1217 2525 τῆς
1251 2460 1563 2516 ἀναστάσεως
1588 2461 1694 2530 ἐξη-

102 2547 293 2609 γεῖσθαι
335 2543 539 2610 καιρούς.
597 2547 634 2594 εἰ
678 2541 773 2610 γάρ
813 2566 883 2598 τις
924 2543 1151 2602 βούλοιτο
1194 2546 1288 2593 τῶν
1335 2543 1696 2608 σημαινομένων

38 2648 87 2684 30
105 2627 324 2690 ἐννοῆσαι
350 2624 436 2690 τὴν
462 2623 673 2690 δύναμιν,
698 2629 760 2680 εἷς
791 2625 963 2677 ταύτὸν
990 2624 1356 2689 συμβαινούσας
1390 2624 1578 2692 εὑρήσει
1611 2624 1696 2679 τὰς

105 2712 200 2759 τῶν
226 2708 373 2774 ἁγίων
397 2704 576 2777 φωνάς.
630 2707 800 2775 ὄρθρος
826 2707 919 2775 γὰρ
946 2710 1008 2762 ὡς
1034 2709 1213 2777 ἐγῷμαι
1237 2705 1389 2769 βαθὺς
1414 2710 1491 2760 καὶ
1516 2707 1697 2775 ἕσπερα

160 2908 215 2932 22.
240 2898 301 2941 μὲν
318 2903 540 2944 assumptum
558 2909 600 2932 ex
619 2897 660 2931 E.
892 2905 947 2942 25.
972 2896 1077 2943 μαρία
1094 2895 1136 2932 Ε.
1155 2896 1284 2941 μαριὰμ
1303 2895 1370 2930 Ed.
1435 2893 1624 2940 μαγδαλινὴ
1643 2894 1698 2938 (ut

113 2943 234 2989 supra)
254 2944 295 2979 E.
531 2955 587 2989 30.
615 2943 802 2980 ἐννοεῖσθαι
821 2942 929 2978 Cord.
