2012 3272
119 120 201 161 xiv.
220 130 258 173 5,
283 132 332 160 10
350 134 407 173 sq.
471 119 539 159 IN
577 119 661 160 ΕΡ.
693 119 728 159 Ι.
767 119 848 160 AD
887 118 1274 161 CORINTHIOS.
1326 119 1440 159 LIB.
1466 119 1518 159 V.
1620 120 1702 160 293

1741 185 1812 227 [68
1829 184 1912 225 M]

117 228 360 287 ἐκκλησίαν
388 225 617 294 οἰκοδομεῖ.
670 227 821 293 μεῖζον
847 228 928 278 οὖν
955 227 1046 293 ἄρα
1072 230 1148 278 καὶ
1173 230 1221 278 ἐν
1248 227 1521 294 ὑπερτάτοις
1548 228 1694 295 αὐχή-

115 331 236 370 μασι
273 307 328 359 τὸ
365 308 677 376 προφητεύειν
715 311 846 359 ἐστὶν
880 311 955 359 καὶ
993 311 1042 359 ἐν
1075 310 1240 360 ἐλπίσι
1278 314 1533 375 λαμπραῖς·
1574 310 1701 375 εἴπερ

116 392 246 441 ἐστὶν
286 389 475 453 ἄμεινον
513 390 904 455 ὁμολογουμένως
942 388 996 441 τὸ
1036 392 1282 451 ἐκκλησίαν
1320 394 1594 456 οἰκοδομεῖν,
1619 396 1703 442 τοῦ

116 473 264 540 ἑαυτῷ
289 494 339 522 τε
364 474 440 522 καὶ
463 471 594 540 μόνῳ
621 471 1057 537 προσδιαλέγεσθαι
1083 472 1310 540 γλώσσῃ.

72 625 94 663 5
203 615 331 656 Θέλω
369 614 414 656 δὲ
454 616 618 657 Πάντας
657 615 765 664 ὑμᾶς
802 614 949 658 λαλεῖν
989 615 1215 668 Γλώσσαις,
1253 619 1419 665 μᾶλλον
1458 616 1504 659 δὲ
1543 617 1611 658 ἵνα
1723 628 1743 665 5

659 699 964 755 ΠροφΗτεύΗτε
1000 702 1141 742 κ.τ.λ.

187 804 381 868 Ἐπειδὴ
408 805 682 873 παράδοξον
707 804 765 870 ἧν
792 808 866 856 καὶ
894 805 1149 857 θεόσδοτον
1172 808 1363 871 ἀληθῶς
1388 806 1442 857 τὸ
1469 807 1702 858 δύνασθαι

116 885 368 952 γλώσσαις
405 890 505 940 ταῖς
544 885 711 952 ἑτέρων
750 891 918 938 λαλεῖν
956 888 1129 953 ἄνδρας
1167 887 1305 942 ὄντας
1331 889 1598 954 Ἑβραίους,
1625 889 1700 940 ἵνα

113 967 179 1032 μή
217 990 286 1021 τις
324 968 474 1031 οἴηται
500 967 582 1019 τὸν
608 967 886 1020 ἀπόστολον
912 968 1165 1036 καθορῖζειν
1191 969 1410 1031 ἀβούλως
1435 975 1519 1020 τοῦ
1553 993 1694 1036 γεγο·
1719 991 1777 1025 69
1800 990 1861 1026 Μ.

46 1076 92 1100 10
115 1048 247 1103 νότος
290 1049 345 1100 τὸ
386 1054 556 1101 εἰκαῖον
595 1048 710 1100 εἶναι
755 1052 911 1116 λέγειν
951 1050 1004 1101 τὸ
1050 1051 1125 1102 διὰ
1169 1054 1251 1115 τῆς
1294 1057 1376 1102 τοῦ
1422 1052 1699 1116 Πνεύματος

113 1132 339 1198 ἐνεργείας
366 1132 694 1198 δεδωρημένον,
723 1131 904 1183 δέδοται
930 1132 1023 1199 γὰρ
1049 1137 1112 1187 εἷς
1138 1137 1336 1231 σημεῖον
1367 1138 1463 1187 τοῖς
1488 1138 1693 1188 πιστοῖς·
1717 1143 1766 1217 §f
1783 1154 1881 1217 Sffpra

113 1213 390 1280 ἀποδεχεται
414 1236 468 1264 το
495 1215 655 1281 χρῆμα
675 1215 755 1264 καί
777 1220 901 1281 φησι
922 1215 1056 1266 Θελω
1082 1212 1128 1266 A}
1153 1216 1331 1270 πάντας
1356 1219 1515 1266 λαλειν
1540 1215 1699 1281 ’γλώσ-
1741 1187 1791 1228 8’9
1829 1197 1849 1226 4

112 1318 233 1349 σαις.
267 1296 501 1360 ἀποκείρει
528 1294 576 1346 δὲ
602 1298 893 1362 παραχρῆμα
914 1301 1087 1365 σαφῶς
1109 1296 1195 1361 τὴν
1215 1297 1263 1347 ε”ν
1288 1319 1343 1362 γε
1369 1296 1520 1366 τούτῳ
1545 1320 1698 1348 σπου-

111 1376 211 1441 δὴν,
232 1379 308 1428 καὶ
333 1377 592 1441 μεθίστησι
617 1376 736 1443 πρὸς
763 1376 816 1427 τὸ
844 1376 1033 1440 ἄμεινον
1059 1377 1320 1444 ἐπενεγκὼν
1345 1378 1478 1432 εὐθύς
1500 1381 1697 1431 Μᾶλλον

43 1482 90 1522 15
111 1454 156 1509 δὲ
173 1458 245 1510 ‘lm
271 1457 580 1528 προφητεύητε,
600 1457 792 1528 μείζονά
816 1482 865 1509 τε
889 1459 974 1509 τὸν
991 1460 1352 1527 προφητεύοντα
1375 1465 1457 1511 τοῦ
1484 1461 1697 1529 γλώσσῃ

109 1545 371 1594 λαλοῦντος
389 1540 712 1606 ἐναργέστατα
738 1539 909 1605 λέγων·
954 1541 1282 1592 καταδείκνυσι
1309 1541 1357 1591 δὲ
1384 1541 1487 1592 οὐδὲ
1513 1565 1689 1593 παντε-

108 1625 205 1675 λῶς
230 1620 456 1686 ἀνόνητον
481 1623 624 1672 ἐκεῖνο
649 1626 745 1675 τοῖς
771 1621 935 1689 ε”χουσι
961 1624 1036 1673 καὶ
1061 1627 1157 1676 τοῖς
1184 1622 1505 1689 ἀκροωμένοις,
1522 1623 1688 1693 ἐπιφέ-

105 1725 200 1768 ρων
228 1704 383 1758 Ἐκτός
411 1708 444 1754 εἰ
471 1702 532 1771 μη
561 1702 808 1778 διερμηνεύῃ,
833 1704 1078 1755 τουτέστιν
1103 1708 1140 1755 εἰ
1165 1704 1231 1768 μὴ
1259 1704 1356 1772 ἔχοι
1382 1703 1485 1755 τινὰ
1511 1704 1594 1755 τὸν
1621 1707 1689 1756 ἀεὶ

104 1783 481 1850 προσεδρεύοντα
506 1786 581 1836 καὶ
606 1790 701 1840 τοῖς
727 1786 1202 1852 μυσταγωγουμένοις
1229 1786 1599 1853 διερμηνεύοντα.

40 2103 89 2129 20
499 2090 779 2139 ΤΟΜΟΣ
830 2092 870 2139 Ε
923 2092 1178 2140 ΛΟΓΟΣ
1231 2093 1286 2139 Γ.

570 2233 645 2274 Καὶ
682 2232 807 2275 οὐδὲν
845 2234 987 2275 αὐτῶν
1025 2234 1218 2290 ἄφωνον.
1713 2250 1759 2274 10
1779 2250 1834 2287 sq.

180 2345 477 2415 Εἷσεφοίτων
515 2348 563 2397 ἐν
600 2351 700 2400 ταῖς
739 2348 1011 2411 ἐκκλησίαις
1049 2346 1167 2401 τινὲς
1205 2350 1264 2414 τῇ
1302 2351 1384 2397 τοῦ
1412 2347 1689 2411 Πνεύματος

105 2427 308 2496 ε’νεργεία
331 2427 710 2492 πεπλουτηκότες
735 2427 789 2478 τὸ
817 2428 1049 2479 δύνασθαι
1075 2427 1329 2494 γλώσσαις
1355 2433 1536 2479 λαλεῖν·
1592 2427 1691 2479 εἶτα

155 2555 185 2579 Ι.
209 2543 556 2589 μεῖζον-λαμπραῖς]
576 2545 696 2578 οὐκοῦν
712 2545 833 2589 μείζων
849 2545 888 2579 τὸ
904 2544 1132 2590 προφητεύειν
1150 2544 1199 2578 Η.
1354 2555 1387 2589 3.
1412 2544 1691 2590 ὁμολογουμένως

105 2601 175 2624 om.
195 2590 244 2625 H.
457 2603 491 2636 9.
517 2591 612 2635 οἷηθῇ
635 2592 679 2625 H
721 2590 1096 2641 ἀπόστολον-εἰναι]
1117 2593 1250 2625 παῦλον
1265 2591 1304 2625 τὸ
1321 2595 1387 2625 τῶν
1402 2592 1578 2636 γλώσσων
1594 2591 1689 2635 ἐξου-

106 2636 212 2671 θενεῖν
226 2638 380 2683 χάρισμα
398 2651 449 2671 και
468 2637 580 2671 ἵκανον
598 2636 683 2682 (Sic)
703 2634 785 2671 εῖναι
804 2638 853 2672 Η.
1090 2649 1142 2671 10.
1169 2638 1208 2672 τὸ
1224 2635 1339 2682 prius]
1359 2637 1594 2682 legendumne
1611 2652 1684 2671 και
1678 2640 1688 2660 >

106 2682 150 2716 cf.
169 2683 218 2717 H.
348 2694 402 2717 11.
429 2684 684 2719 δεδοται-τοῖς
699 2686 836 2719 πιστοῖς
853 2689 887 2718 et
904 2684 942 2718 τὸ
950 2685 1086 2742 ’,χρῆμα
1090 2689 1272 2727 assumpta
1289 2695 1330 2717 ex
1350 2684 1397 2717 Η.
1530 2694 1582 2717 12.
1610 2682 1690 2726 ἐπή-

105 2742 209 2773 γαγεν
225 2741 288 2774 pro
305 2730 395 2774 φησι
415 2729 463 2764 Η.
688 2731 812 2774 13-18.
838 2730 1086 2775 ἀποκείρει-εἷ
1102 2730 1146 2774 μὴ
1165 2728 1275 2774 alt.‘]
1262 2729 1351 2773 ὅμως
1368 2729 1503 2773 ἄμεινον
1519 2729 1612 2774 λέγει
1630 2730 1689 2762 τοῦ

106 2775 250 2819 γλώσσῃ
267 2777 387 2810 λαλεῖν
400 2777 438 2810 τὸ
454 2776 692 2821 προφητεύειν,
704 2776 795 2820 πλὴν
812 2779 888 2811 οὔτε
905 2778 944 2811 τὸ
962 2780 1028 2811 τῶν
1043 2778 1218 2820 γλώσσων
1235 2776 1263 2809 εἷ
1280 2776 1334 2809 καὶ
1338 2776 1521 2833 ἀλλαχοῦ
1519 2775 1690 2819 χρήσιμον

106 2822 176 2855 τοῖς
171 2821 379 2880 ἀκροαταῖς·
407 2822 487 2856 ὅταν
506 2823 555 2857 Η.
768 2834 821 2868 19.
848 2821 1122 2867 διερμηνευοντα]
1147 2827 1183 2863 -1-
1205 2820 1345 2857 καθὼς”
1332 2836 1450 2856 ισασιν
1466 2823 1617 2863 λαλῆσαι
1635 2820 1689 2853 καὶ

106 2865 247 2901 ἀκοῦσαι
264 2869 296 2901 οῖ
312 2868 634 2914 μυσταγωγοὺμενοι
654 2868 702 2903 H.
856 2880 912 2904 20.
939 2870 993 2903 Ita
1010 2868 1192 2903 emendavi
1209 2880 1250 2902 ex
1270 2869 1330 2909 H„
1351 2868 1409 2914 qui
1427 2869 1529 2911 τόμος
1545 2880 1568 2911 γ
1584 2867 1689 2911 λόγος

106 2926 122 2945 ε
139 2912 290 2949 exhibet.
498 2925 601 2961 22-p.
622 2926 700 2960 294,
719 2926 753 2959 9.
782 2915 880 2951 Haeo
897 2915 999 2950 nobis
1018 2914 1219 2960 suppeditat
1238 2914 1286 2948 H.
