2012 3272
105 142 349 183 xv·42sqq.
412 129 481 170 IN
518 129 602 170 ΕΡ.
634 129 670 170 1.
708 129 790 169 AD
826 127 1214 170 CORINTHIOS.
1270 126 1383 167 ΜΒ,
1408 126 1512 166 VII.
1603 126 1686 167 311

105 236 161 301 δὴ
187 236 295 287 λίαν
318 240 393 288 καὶ
420 242 587 305 σοφῶς
609 239 828 304 πανΤαΧῆ
855 240 920 306 Τῷ
945 236 1290 303 7ΤΟῑΡΟῑδείγματι
1317 233 1402 298 τὴν
1429 240 1512 285 τοῦ
1537 233 1690 300 πράγ·
1728 191 1742 233 ἱ
1764 210 1795 232 Η
1815 191 1893 231 Μ’]

104 341 250 381 ματος
289 318 438 388 φύσιν
473 319 712 388 ἐξομοιῶν.
754 320 921 369 οὐκοῦν
952 322 1019 387 τῷ
1057 316 1209 387 κόκκῳ
1248 317 1602 383 παραπλησίως
1638 317 1693 366 οῦ

105 399 283 465 γυμνὸν
317 401 634 462 ἀναβιώσεται
671 400 725 452 τὸ
763 404 919 463 σῶμα,
948 403 1113 468 φησιν,
1145 400 1256 449 ἀλλ’
1286 399 1335 448 εῦ
1373 397 1506 460 μάλα
1541 419 1694 463 περιε-

105 483 377 545 σταλμένον
414 482 499 546 τὴν
526 482 801 550 ἀφθαρσίαν
827 483 904 532 καὶ
941 481 1027 546 τὴν
1054 481 1214 550 δόξαν,
1241 482 1314 531 καὶ
1353 479 1469 546 πρός
1502 502 1557 544 γε
1584 478 1692 530 τού-

63 576 200 617 5τοις
238 562 292 615 τὸ
331 563 559 627 εὐσθενὲς,
595 567 670 615 καὶ
709 564 802 628 μὴν
841 566 917 614 καὶ
961 569 1100 614 τοῦτο
1146 566 1505 614 καταπλουτοῦν
1545 560 1599 611 τὸ
1647 562 1695 610 ἐν

106 645 373 714 φρονήματι
415 647 635 713 γενέσθαι
685 650 998 715 πνευματικῷ,
1043 644 1472 709 μεταπλαττούσης
1517 642 1696 709 τρόπον

105 727 208 778 τινὰ
241 731 324 791 τῆς
359 728 536 780 ἄνωθεν
562 728 766 796 χάριτος,
794 730 870 779 καὶ
907 731 990 790 τῆς
1028 728 1318 793 ἀσυγκρίτου
1345 724 1583 788 δυνάμεως
1610 730 1694 775 τοῦ

103 807 295 861 πάντων
322 815 626 877 Δημιουργοῦ
652 811 769 878 πρὸς
796 816 891 862 πᾶν
916 810 1188 861 τούναντίον
1222 808 1282 859 τὰ
1320 810 1368 859 ἐν
1405 809 1548 877 αὐτῷ.
1593 809 1693 858 ἐνυ-

104 891 274 959 πάρχει
312 892 395 955 μὲν
421 892 514 959 γὰρ
540 897 607 962 τῷ
642 892 842 945 πεσόντι
868 894 1058 956 σώματι
1084 893 1158 942 καὶ
1187 890 1284 941 οἷον
1312 894 1373 944 εἷς
1397 892 1488 955 γῆν
1513 891 1694 955 ἐσπαρ-

38 1001 85 1025 10
102 973 224 1043 με’νῳ
262 974 420 1042 φθορὰ
458 977 533 1025 καὶ
572 976 791 1026 ἀσθενεία
830 977 905 1026 καὶ
944 974 997 1025 τὸ
1036 971 1258 1034 ἀκαλλὲς,
1286 971 1514 1040 φρόνημά
1546 994 1595 1022 τε
1634 972 1689 1022 τὸ

105 1055 325 1124 ψυχικὸν,
353 1055 377 1108 ὃ
405 1059 478 1108 καὶ
513 1057 684 1108 ταύτὸν
718 1055 836 1108 εἶναι’
871 1062 1027 1127 φαμεν
1059 1059 1125 1125 τῷ
1159 1058 1372 1123 σαρκικῷ
1413 1056 1486 1104 καὶ
1527 1057 1696 1119 γεωδε-

105 1138 277 1208 στέρῳ·
331 1139 486 1203 ἐπειδὴ
526 1139 574 1191 δὲ
612 1139 835 1208 παρήχθη
879 1138 997 1206 πρὸς
1040 1138 1227 1205 γένεσιν
1267 1138 1315 1188 ἐν
1354 1138 1533 1204 ἀρχαῖς,
1575 1134 1696 1186 κατὰ

106 1221 255 1290 φύσιν
283 1222 369 1290 οὐχ
409 1219 497 1272 ὧδε
536 1222 659 1289 ἕχον·
702 1222 1052 1288 παρεισέδυσαν
1077 1220 1124 1271 δὲ
1150 1222 1283 1271 ταυτὶ
1321 1218 1396 1270 διὰ
1421 1217 1507 1282 τὴν
1533 1216 1690 1283 παρά-

105 1308 254 1363 βασιν
281 1304 358 1354 καὶ
394 1302 480 1368 τὴν
505 1305 577 1356 ἐπὶ
616 1307 683 1374 τῷ
717 1304 905 1373 θανάτῳ
933 1303 1078 1368 δίκην,
1105 1301 1453 1370 ἀναφωνούσης
1479 1301 1588 1363 ἡμῖν
1613 1302 1695 1364 τῆς
1715 1321 1770 1356 78
1793 1319 1855 1355 Μ.

40 1412 86 1447 15
108 1384 297 1452 φύσεως
323 1389 385 1439 εἷς
410 1385 464 1436 τὸ
491 1388 539 1437 ἐν
564 1388 748 1453 ἀρχαῖς·
789 1385 1045 1452 πράττεται
1081 1383 1167 1448 μὲν
1208 1382 1470 1450 ἀναγκαίως
1507 1381 1697 1445 δυνάμει

107 1489 155 1517 τε
183 1468 257 1517 καὶ
284 1467 484 1537 ἐνεργείᾳ
511 1472 636 1519 Θεοῦ
672 1473 766 1519 τῶν
792 1466 970 1536 μεταξὺ
1002 1463 1491 1532 παρεισβεβληκότων
1516 1464 1544 1527 ἡ
1572 1463 1693 1515 ἀπό-

107 1552 251 1612 θεσις,
279 1550 644 1616 ἀντεισκρίνεται
681 1549 729 1601 δὲ
767 1555 861 1601 τῶν
886 1548 1088 1616 πρώτων
1124 1553 1197 1599 καὶ
1234 1549 1282 1598 ἐν
1308 1549 1472 1614 ἀρχαῖς
1499 1545 1698 1596 ἐνόντων

107 1630 217 1694 ἡμῖν
243 1632 488 1696 ἀγαθῶν’
462 1655 489 1696 η
517 1631 715 1700 μέθεξις·
756 1632 1121 1693 ἀνεκαινίσμεθα
1154 1652 1248 1696 γαρ
1272 1631 1321 1680 ἐν
1346 1632 1548 1698 Χριστῶ
1577 1627 1697 1678 κατὰ

106 1710 191 1766 τὰς
228 1712 435 1782 γραφάς·
489 1713 580 1781 ἔφη
619 1713 712 1780 γὰρ
743 1713 992 1782 προφήτης
1032 1735 1164 1778 αγιος
1203 1719 1230 1741 “
1252 1710 1438 1776 Θάρσει
1466 1707 1605 1772 Σιων,
1631 1708 1695 1773 μὴ
1714 1718 1831 1800 {01³}l
1822 1730 1867 1749 111

110 1801 136 1824 ‘⁶
159 1795 501 1861 παρείσθωσαν
539 1798 585 1846 αἱ
610 1794 757 1863 χεῖρες
796 1814 903 1846 σου·
961 1793 1184 1861 Κύριος
1166 1817 1190 1844 ο
1226 1791 1347 1845 Θεός
1385 1815 1477 1844 σου
1516 1814 1565 1842 εν
1603 1793 1697 1853 σοὶ,
1804 1769 1832 1802 7

111 1882 137 1906 ‘⁶
164 1876 358 1931 δυνατὸς
402 1877 569 1928 σῶσαί
613 1900 691 1941 σε,
742 1880 818 1928 καὶ
860 1879 1116 1928 ἀνακαινιεῖ
1160 1898 1219 1926 σε
1262 1877 1310 1926 ἐν
1353 1876 1412 1942 τῇ
1458 1873 1697 1941 ἀγαπήσει

111 1965 137 1987 “
163 1959 350 2009 αὐτοῦ.”
395 1959 470 2010 ὅτε
512 1958 603 2025 γὰρ
629 1958 880 2024 ἠγάπησεν
906 1960 1026 2023 ἡμᾶς
1058 1959 1082 2008 ὁ
1109 1956 1231 2011 Θεὸς
1270 1958 1345 2008 καὶ
1374 1956 1562 2022 Πατὴρ,
1590 1956 1697 2007 τότε

110 2038 166 2104 δὴ
192 2039 297 2091 τότε
331 2042 406 2091 καὶ
440 2041 731 2092 ἀνεκαίνισεν
757 2042 805 2091 ἐν
831 2043 1050 2109 Χριστῷ·
1107 2041 1183 2091 καὶ
1222 2037 1317 2106 γάρ
1357 2040 1488 2089 ἐστιν
1527 2037 1699 2103 ἀληθὲς

110 2123 171 2176 ὡς
208 2121 365 2173 πάντα
401 2122 461 2173 τὰ
495 2124 543 2173 ἐν
581 2124 706 2191 αὐτῷ
745 2130 772 2152 “
792 2121 925 2187 καινὴ
964 2122 1131 2176 κτίσις·
1185 2124 1261 2172 καὶ
1299 2119 1359 2172 τὰ
1399 2118 1482 2183 μὲν
1524 2121 1696 2187 ἀρχαῖα
1717 2131 1815 2161 200r.
1835 2140 1867 2160 v.

44 2210 138 2257 25“
163 2207 392 2271 παρῆλθε,
430 2205 594 2270 γε’γονε
634 2203 683 2255 δὲ
722 2203 902 2255 καινά.”
956 2208 1069 2255 ποῖα
1108 2203 1166 2254 δέ
1196 2207 1349 2271 φησιν
1388 2203 1594 2268 ἀρχαῖα;
1638 2200 1698 2251 τὰ
1720 2182 1768 2213 η’

110 2286 520 2352 παριππεύσαντα·
569 2288 644 2337 καὶ
683 2291 794 2337 ποῖα
827 2285 996 2348 καινά;
1039 2284 1098 2336 τὰ
1128 2284 1462 2350 εἶσκεκριμένα·
1509 2282 1697 2333 παλαιὰ

111 2367 195 2432 μὲν
232 2369 260 2433 ἡ
294 2368 467 2437 φθορὰ,
493 2370 568 2419 καὶ
601 2369 759 2432 μέντοι
792 2366 846 2419 τὸ
882 2368 1066 2430 ἄναλκι,
1106 2368 1180 2418 καὶ
1215 2364 1333 2432 πρός
1364 2388 1418 2431 γε
1453 2363 1605 2434 τούτῳ
1643 2364 1696 2415 τὸ

113 2450 350 2514 δυσκλεὲς,
377 2452 454 2501 καὶ
479 2455 561 2501 τοῦ
587 2453 795 2518 ψυχικοῦ
823 2448 1126 2518 φρονήματος
1151 2447 1210 2499 τὰ
1237 2446 1525 2514 ἐγκλήματα·
1563 2444 1699 2497 καινὰ

162 2625 194 2647 2.
222 2613 295 2648 Ine.
314 2617 367 2660 Τῷ
388 2615 435 2649 H.
508 2615 546 2649 οὐ
563 2615 689 2659 γυμνὸν
706 2620 785 2667 pqst
803 2618 902 2658 σῶμα
919 2613 1117 2660 transponit
1139 2613 1187 2647 H.
1426 2623 1459 2657 3.
1485 2612 1595 2656 φησιν
1611 2614 1646 2645 et
1663 2610 1699 2645 εὖ

114 2660 206 2704 μάλα
223 2672 292 2694 om.
313 2661 362 2696 H.
568 2674 601 2704 4.
627 2676 679 2695 και
698 2661 794 2705 prius
812 2668 1035 2706 assumptum
1052 2672 1093 2694 ex
1114 2660 1162 2694 H.
1181 2658 1302 2693 deest
1294 2671 1331 2693 ln
1349 2659 1392 2692 A.
1464 2659 1549 2702 πρός
1565 2673 1605 2703 γε
1622 2657 1698 2692 τού-

114 2721 183 2742 τοις
200 2718 270 2742 om.
290 2707 338 2741 H.
529 2716 562 2752 5.
589 2709 627 2741 τὸ
645 2708 742 2752 prius
759 2713 983 2753 assumptum
1001 2719 1042 2741 ex
1060 2707 1104 2740 A.
1111 2706 1159 2740 H.
1232 2706 1361 2740 κάκεῖνο
1379 2717 1442 2750 pro
1461 2704 1513 2738 καὶ
1530 2707 1629 2738 τοῦτο
1650 2704 1698 2738 Η.

116 2752 195 2788 6-8.
220 2753 605 2798 μεταπλαττούσης-ἐν
622 2754 710 2800 αὐτῷ
729 2766 799 2789 om.
821 2754 868 2790 H.
1024 2765 1057 2798 9.
1082 2753 1148 2798 γὰρ
1167 2764 1237 2786 om.
1260 2752 1306 2786 H.
1378 2751 1697 2794 πεσόντι--ἐσπαρ-

115 2798 219 2856 μένῳ]
238 2814 284 2835 εις
300 2802 364 2845 γῆν
382 2800 582 2846 ἐσπαρμενῳ
600 2802 730 2843 σώματι
750 2800 800 2834 Η.
1011 2811 1064 2834 ΙΟ.
1090 2798 1252 2856 ἀκαλλὲς]
1272 2799 1385 2843 pergit
1402 2799 1537 2840 δυνάμει
1555 2798 1590 2830 δέ
1610 2798 1698 2830 Θεοῦ

115 2845 347 2903 ἀντεισάγεται
364 2850 430 2880 τῶν
445 2848 587 2891 πρώτων
604 2847 657 2880 καὶ
674 2847 815 2881 ἐνόντων
828 2846 905 2891 ἡμῖν
920 2846 1056 2891 ἀγαθῶν
1072 2847 1110 2880 τὸ
1128 2844 1198 2879 κατ’
1216 2845 1324 2890 ἀρχὰς
1336 2845 1354 2888 ἡ
1371 2843 1545 2889 μέθεξις,
1531 2859 1548 2885 η
1562 2843 1696 2887 ἀφθαρ-

118 2892 188 2932 σία,
205 2891 224 2935 ἡ
242 2893 338 2936 δόξα,
356 2892 374 2936 ἡ
393 2892 540 2935 δύναμις·
573 2894 611 2927 τὸ
618 2894 694 2952 γὰρ
711 2894 999 2937 ἀνακαινιζόμενον
1015 2893 1075 2926 οὐκ
1100 2893 1147 2927 εἷς
1170 2892 1278 2937 ἀρχας
1303 2891 1412 2926 ἄνεισι
1437 2893 1497 2925 τοῦ
1522 2892 1603 2923 εἶναι
1628 2903 1697 2923 τοι-

119 2939 207 2972 ὣσδε
224 2941 338 2984 τυχὸν,
357 2939 433 2973 ἀλλ’
453 2940 499 2974 εἷς
515 2939 598 2983 ὅπερ
615 2938 654 2982 ἦν
672 2940 706 2973 ἐν
723 2940 843 2985 ἀρχαῖς
860 2940 906 2974 ita
923 2939 1086 2974 desinens
1107 2938 1154 2973 Η.
