2012 3272
142 144 338 168 cnmsrus
691 133 759 168 IN
774 134 807 169 D
824 134 853 169 Ε
868 134 903 169 Χ

196 256 339 293 tenent,
372 252 430 288 Illi
462 252 614 289 omnino
645 265 720 289 non
752 254 904 290 credent

198 319 276 353 516
298 318 333 353 b.

142 380 315 418 Christus
349 395 430 418 esse
466 383 568 418 Deus
599 388 662 419 aut
695 396 761 431 per
791 384 902 420 fidem

194 447 411 494 agnoscitur
436 449 511 484 516
554 453 617 483 ant
647 461 712 495 per
741 448 901 497 castiga-

194 511 333 547 tionem
357 514 432 548 517
474 517 536 548 aut
566 525 631 561 per
657 512 751 560 Ejus
781 525 900 549 reces-

198 588 279 612 sum
294 590 315 612 a
331 589 406 612 non
423 577 686 625 recipientibus
702 578 797 613 Eum
813 581 901 620 518,

195 645 272 679 519
309 641 446 678 Servus
468 654 534 689 pro
558 642 677 688 nobis,
698 643 846 679 Natura
866 649 902 680 et

193 707 298 743 Deus
327 712 364 742 et
393 706 507 742 Filius
533 709 605 743 651
632 707 655 742 d
693 708 901 744 exinanitus

193 771 270 807 vita
294 771 441 806 mortali
465 771 633 815 durante,
654 777 739 818 post
760 772 899 808 Resur-

193 836 396 872 rectionem
418 848 493 871 non
514 836 672 883 amplius
694 839 770 872 848
793 850 813 873 a
827 838 862 874 d.

139 900 312 937 Christus
351 906 566 936 nostrorum
609 901 776 937 omnium
814 903 899 938 Dis-

191 970 368 1013 pensator
399 968 474 1002 596
496 978 516 1001 e
564 966 666 1001 Deus
700 972 737 1002 et
773 967 900 1002 Homo

192 1032 269 1067 653
285 1043 317 1072 e,
340 1033 416 1067 973
432 1031 467 1071 d,
486 1033 562 1067 977
578 1043 608 1075 c,
627 1033 702 1066 979
718 1031 752 1072 d,
772 1033 848 1068 999
863 1032 898 1072 d,

196 1098 296 1131 1044
328 1108 360 1137 e,
388 1097 489 1132 1049
521 1096 556 1137 d,
596 1095 637 1131 M
661 1098 711 1131 84
742 1094 798 1145 [p.
823 1099 897 1132 322

192 1158 308 1208 init.],
345 1162 394 1196 92
417 1161 492 1202 fin.‚
534 1162 583 1196 93
604 1159 699 1201 init.,
736 1162 785 1196 94
807 1161 899 1203 init.,

191 1225 241 1259 iii.
267 1227 464 1266 402-404,
489 1227 579 1265 405,
603 1227 693 1265 467,
718 1228 790 1261 521
832 1238 899 1261 no—

191 1290 247 1325 bis
276 1294 461 1337 cognatus
492 1289 675 1334 omnibus,
707 1290 813 1325 bonis
842 1296 898 1326 ta-

191 1366 277 1389 men
298 1354 344 1389 ad
367 1353 582 1396 utilitatem,
597 1354 704 1389 malis
724 1367 799 1390 non
821 1357 896 1391 654

191 1418 250 1454 ab
266 1431 286 1454 c
350 1418 569 1454 humilitatis
616 1418 724 1454 nobis
771 1432 896 1455 exem-

190 1483 270 1530 plar
292 1486 380 1524 721,
404 1487 479 1520 722
502 1496 532 1524 c,
558 1486 632 1520 726
680 1490 895 1532 praecepto-

190 1547 291 1583 ribus
321 1549 512 1596 exemplar
535 1551 610 1585 722
632 1561 652 1584 e
694 1548 896 1596 Apostolo-

190 1626 272 1648 rum
301 1613 414 1661 pedes
443 1613 545 1655 lavit,
571 1614 668 1649 vitae
697 1613 897 1661 puritatem

189 1678 436 1713 necessariam
459 1679 597 1714 docens
620 1681 695 1714 723
719 1678 755 1714 b.

135 1741 308 1778 Christus
356 1743 502 1779 Natura
550 1742 734 1778 Dominus
771 1745 846 1779 726
876 1755 896 1779 e

189 1807 419 1843 voluntatem
442 1821 463 1843 a
483 1807 594 1843 Patre
615 1808 798 1843 diversam
820 1820 895 1843 non

188 1871 301 1907 habet
321 1872 370 1908 iii.
394 1875 471 1909 609
506 1873 654 1908 Natura
674 1873 897 1919 Praeceptor

190 1939 265 1973 727
280 1950 301 1972 a
324 1942 362 1973 et
377 1937 578 1984 sapientiae
591 1937 767 1985 Largitor
784 1940 858 1973 727
873 1937 896 1972 b

187 2001 419 2048 glorificatus
440 2007 477 2037 et
496 2015 562 2050 per
582 2001 799 2039 Passionem
819 2004 893 2038 745

186 2065 211 2101 b
230 2078 250 2101 c
306 2071 344 2102 et
390 2072 475 2114 post
520 2066 737 2103 Passionem
778 2070 853 2104 745
875 2079 895 2103 e

187 2128 301 2177 Legis
351 2130 544 2178 plenitudo
585 2133 660 2167 835
726 2132 896 2168 membra

185 2200 315 2230 nostra
335 2195 457 2242 Ipsius
477 2195 520 2229 M
545 2197 594 2231 56
620 2196 670 2242 [p.
692 2197 787 2242 257]
825 2209 894 2232 nos

185 2258 334 2294 redimit
354 2271 422 2294 nos
443 2259 522 2307 agit
543 2261 619 2296 856
642 2272 660 2295 c
675 2260 697 2295 d
728 2260 766 2295 in
786 2261 894 2296 nobis

187 2322 273 2358 vicit
306 2323 412 2359 nobis
445 2323 624 2359 Victoriae
656 2324 892 2372 principium,

186 2392 316 2434 utpote
336 2400 355 2423 e
374 2388 482 2423 nobis
504 2388 612 2424 Unus
634 2391 709 2426 945
733 2390 754 2425 b
768 2402 788 2425 c
825 2403 894 2426 nos

185 2452 338 2488 roborat
364 2453 406 2488 M
430 2456 491 2498 24,
515 2453 564 2489 iii.
588 2455 678 2490 598.

131 2515 304 2553 Christus
333 2516 507 2553 turbatus
532 2518 718 2565 quomodo
741 2521 817 2555 734
835 2532 853 2555 c
870 2519 893 2554 d

185 2581 375 2617 Passionis
412 2587 580 2629 tempore
620 2583 764 2630 alapam
798 2584 892 2619 acci-

186 2644 291 2692 piens
319 2645 564 2693 ignominiam
591 2648 700 2697 solvit
722 2657 890 2684 nostram

189 2711 290 2746 1026
305 2721 325 2744 e
358 2710 566 2757 flagellatus
581 2725 652 2759 quo
667 2725 687 2748 a
700 2713 890 2761 castigati-

186 2785 256 2808 one
284 2774 388 2821 justa
417 2787 486 2810 nos
518 2775 650 2812 liberet
681 2780 780 2814 1043
803 2778 892 2814 cde

186 2837 364 2873 diaconus
388 2838 462 2882 Qui
492 2839 706 2876 ministrans
727 2842 827 2878 venit
848 2842 890 2877 M

188 2904 237 2940 46
267 2902 330 2938 fin.
396 2902 522 2939 Homo
553 2904 617 2940 sed
656 2906 892 2953 cupidinibus

962 135 994 169 R
1008 135 1039 170 E
1054 135 1086 170 R
1101 135 1135 171 U
1150 135 1206 171 M.
1661 140 1737 174 619

1030 256 1227 292 hominum
1256 256 1478 292 animalibus
1508 257 1677 305 superior
1696 257 1737 294 M

1032 323 1079 356 79
1128 333 1198 356 nos
1217 333 1237 356 e
1257 320 1417 356 mortuis
1439 321 1632 357 suscitabit
1653 322 1738 369 Ipse

1030 384 1069 420 M
1092 387 1142 421 82
1165 385 1255 427 init.,
1286 397 1443 432 corpora
1464 391 1592 421 nostra
1619 387 1736 422 susci-

1028 454 1083 485 tat
1099 462 1173 485 non
1191 450 1418 485 destruendo
1439 449 1502 485 sed
1526 450 1737 486 decorando

1027 512 1068 549 M
1091 516 1140 550 82
1164 513 1279 562 [Syr]

973 577 1112 614 Christi
1144 578 1288 627 Corpus
1318 592 1337 614 e
1367 591 1522 626 corpore
1552 583 1589 615 et
1615 580 1738 616 anima

1026 642 1217 690 Purpureo
1252 643 1357 692 regio
1397 644 1588 680 confertur
1619 648 1691 682 301
1717 659 1737 681 u

1026 708 1192 755 corporis
1212 708 1378 755 operatio
1396 721 1469 743 non
1490 710 1591 744 carni
1610 722 1676 757 per
1697 722 1736 745 se

1025 772 1223 808 tribuimus
1239 773 1356 808 Verbi
1376 779 1501 809 autem
1514 774 1642 810 virtuti
1658 777 1734 811 974

1025 850 1057 878 a,
1081 839 1170 881 979,
1193 838 1238 873 cf.
1256 840 1346 883 992,
1364 840 1455 879 993,
1478 840 1578 875 1103
1601 852 1622 874 a
1655 852 1736 875 cor-

1024 902 1177 949 poribus
1207 908 1333 938 tamen
1365 903 1503 938 nostris
1532 903 1630 940 vitae
1657 905 1733 952 pri-

1024 966 1150 1002 mitiae
1170 967 1302 1014 viaque
1327 970 1427 1004 1015
1449 968 1483 1004 b.

971 1028 1111 1066 Christi
1144 1030 1242 1067 Caro
1274 1037 1400 1079 pastus
1430 1037 1558 1069 noster
1589 1036 1665 1071 323
1695 1035 1732 1077 1),

1025 1098 1100 1132 324
1122 1108 1152 1137 c,
1177 1098 1253 1133 350
1275 1109 1305 1137 c,
1329 1099 1404 1133 354
1427 1110 1459 1140 c,
1487 1100 1562 1134 389
1585 1111 1604 1134 e
1643 1098 1735 1136 Cor-

1023 1173 1090 1207 pus
1111 1161 1319 1197 sanctificat
1337 1165 1412 1198 324
1429 1162 1451 1197 d
1474 1163 1634 1199 vivificat
1656 1166 1732 1200 354

1022 1224 1045 1259 b
1067 1237 1099 1267 e,
1141 1227 1211 1261 361
1238 1226 1305 1267 bc,
1347 1229 1422 1263 362
1446 1240 1480 1269 a,
1527 1230 1603 1265 372
1627 1229 1649 1264 b
1692 1234 1734 1265 ut

1022 1290 1165 1326 habens
1192 1291 1228 1326 in
1256 1290 1388 1338 Seipso
1409 1291 1578 1328 Verbum
1602 1295 1678 1342 363
1700 1306 1732 1334 c,

1025 1357 1100 1391 376
1118 1368 1148 1397 c,
1172 1359 1248 1393 377
1297 1355 1445 1404 Corpus
1474 1369 1543 1392 nos
1578 1358 1733 1394 edentes

1024 1418 1169 1468 Corpus
1203 1426 1241 1457 et
1279 1421 1446 1457 membra
1483 1421 1607 1470 Ipsius
1644 1422 1733 1459 facti

1023 1497 1150 1520 sumus
1174 1488 1249 1522 364
1272 1486 1305 1522 d.

968 1548 1108 1586 Christi
1129 1549 1275 1598 Corpus
1297 1550 1458 1587 vivificat
1488 1555 1525 1587 et
1548 1551 1733 1588 illuminat

1023 1616 1098 1651 602
1121 1628 1151 1657 e,
1180 1617 1256 1651 603
1279 1628 1300 1651 a
1346 1628 1414 1651 nos
1435 1629 1519 1651 cum
1540 1616 1630 1664 Ipso
1650 1616 1732 1652 unit

1025 1682 1101 1715 862
1124 1680 1194 1721 de,
1218 1682 1308 1719 863,
1330 1680 1376 1715 cf.
1400 1682 1476 1716 953
1494 1680 1564 1723 cd,
1589 1681 1690 1717 1002
1708 1681 1731 1717 b

1023 1744 1306 1792 concorporales
1323 1744 1434 1780 efficit
1450 1757 1516 1792 per
1531 1745 1730 1793 participa-

1021 1808 1160 1844 tionem
1183 1809 1298 1856 ipsius
1319 1811 1395 1845 953
1418 1809 1452 1850 d,
1484 1812 1560 1846 998
1584 1809 1619 1851 d,
1652 1811 1729 1846 999

1021 1885 1086 1916 ac,
1122 1875 1223 1909 1000
1244 1874 1301 1909 ad
1339 1874 1377 1908 in
1406 1874 1534 1909 tunica
1557 1875 1730 1910 inconsu-

1020 1938 1076 1973 tili
1106 1938 1356 1986 significatum
1391 1940 1491 1975 1063
1515 1939 1538 1974 d
1576 1939 1729 1987 sangui-

1019 2016 1106 2039 nem
1126 2003 1288 2039 bibimus
1309 2002 1350 2039 M
1373 2005 1421 2040 62
1444 2004 1524 2040 init.

966 2067 1107 2105 Christi
1148 2067 1295 2116 Corpus
1342 2069 1507 2110 edentes,
1547 2081 1633 2104 cum
1672 2069 1729 2105 Eo

1019 2132 1213 2168 commixti
1243 2145 1383 2176 sumus,
1406 2133 1511 2180 quasi
1537 2145 1620 2168 cum
1645 2146 1730 2169 cera

1019 2209 1103 2232 cera
1132 2199 1207 2233 365
1233 2209 1254 2232 a
1293 2203 1469 2245 tanquam
1499 2197 1728 2234 fermentum

1017 2274 1102 2296 cum
1122 2274 1245 2297 massa
1265 2263 1341 2298 365
1363 2261 1386 2297 b
1402 2274 1421 2297 c
1467 2260 1625 2309 Corpori
1644 2274 1726 2298 cor-

1017 2337 1109 2373 pora
1136 2330 1266 2361 nostra
1292 2338 1358 2373 per
1384 2326 1550 2373 corporis
1577 2327 1726 2374 sangui-

1017 2390 1147 2437 nisque
1189 2390 1517 2426 manducationem
1564 2392 1724 2438 potatio-

1016 2466 1176 2502 nemque
1200 2467 1371 2490 connexa
1402 2457 1478 2491 863
1501 2455 1523 2491 b
1573 2454 1726 2492 Christo

1018 2519 1284 2567 conjungimur
1305 2524 1340 2555 et
1362 2519 1576 2567 spiritaliter
1592 2526 1629 2556 et
1645 2533 1727 2555 cor-

1016 2584 1193 2631 poraliter
1213 2586 1289 2620 862
1311 2583 1345 2628 b,
1372 2586 1461 2626 863,
1485 2586 1560 2620 864
1582 2584 1618 2625 b,
1647 2587 1724 2620 999

1016 2648 1083 2691 cd,
1109 2651 1210 2684 1000
1228 2649 1263 2689 d,
1291 2651 1388 2685 1001
1411 2661 1442 2689 e,
1469 2651 1568 2685 1002
1586 2649 1623 2685 b.

963 2711 1103 2749 Christi
1133 2725 1262 2748 sumus
1290 2725 1367 2748 non
1390 2713 1508 2754 nostri
1530 2715 1605 2749 999
1627 2725 1648 2748 a
1685 2713 1723 2748 in

1015 2777 1166 2812 nomine
1185 2789 1314 2824 preces
1334 2782 1483 2812 nostrae
1504 2776 1547 2811 M
1569 2779 1631 2813 85.

964 2840 1137 2877 Christus
1157 2842 1353 2877 verborum
1377 2853 1528 2876 suorum
1558 2841 1723 2878 intellec-

1016 2910 1096 2941 tum
1129 2906 1192 2941 dat
1228 2907 1327 2941 1084
1350 2905 1372 2940 b
1413 2910 1496 2952 post
1521 2906 1720 2942 Resurrec-

875 2987 996 3024 41<2
