2012 3272
1734 287 1817 320 363
1835 284 1886 320 A.

380 809 867 858 ΕΠΙΣΤΟΛΗ
936 808 1114 856 ΤΟΥ
1181 806 1461 854 ΑΓΙΟΥ

606 1019 1249 1090 ΚΥΡΙΛΛΟΎ

501 1244 843 1273 ΕΠΙΣΚΟΠΟΥ
891 1241 1353 1273 ΑΛΕΞΑΝΔΡΕΙΑΣ

248 1417 340 1470 πρὸς
372 1418 615 1469 Καλοσίριον
645 1418 858 1458 ἐπίσκοπον
887 1415 1145 1468 Ἀρσευοΐτην
1178 1417 1272 1456 κατὰ
1302 1418 1378 1455 τῶν
1409 1414 1609 1466 λεγόντων

583 1491 922 1543 ἀνθρωπόμορφον
950 1490 1047 1531 εἶναι
1073 1490 1116 1529 τὸ
1146 1493 1266 1530 θεῖον.

90 1504 113 1542 tn

205 1604 672 1653 ἈΦΙΚΟΜΕΝΟΙ
711 1624 830 1655 τινες
870 1601 963 1653 ἀπὸ
1002 1606 1085 1652 τοῦ
1120 1601 1256 1667 ὅρους
1292 1606 1373 1651 τοῦ
1409 1602 1764 1661 Καλαμῶνος,α

133 1686 383 1751 ἠρωτῶντο
408 1682 516 1749 παρ’
546 1685 658 1747 ἐμοῦ
682 1685 788 1749 περὶ
814 1687 909 1734 τῶν
936 1681 1097 1734 αὐτόθι
1122 1686 1396 1747 μοναστῶν,
1417 1681 1521 1732 τίνα
1549 1678 1725 1747 τρόπον

135 1770 448 1827 διατελοῦσιν,
475 1764 504 1830 ἢ
532 1767 606 1815 καὶ
634 1765 800 1816 ὁποίαν
827 1765 992 1832 ε”χουσι
1019 1770 1101 1816 τοῦ
1127 1764 1234 1826 βίου
1260 1763 1345 1828 τὴν
1372 1761 1627 1829 διαγωγήν.
1671 1766 1726 1828 λοἱ

136 1846 185 1898 δὲ
216 1848 431 1915 ἔφασκον
463 1847 720 1910 εὐδοκιμεῖν
744 1845 830 1910 μὲν
862 1849 910 1897 ἐν
936 1846 1141 1911 ἀσκήσει
1171 1845 1397 1907 πολλοὺς,
1423 1847 1497 1896 καὶ
1533 1844 1726 1913 σφόδρα

69 1952 117 1977 10
136 1929 398 1991 βούλεσθαι
440 1927 523 1980 τὸν
561 1934 784 1995 μοναχοῖς
818 1929 1061 1995 πρέποντα
1100 1932 1402 1995 κατορθῶσαι
1441 1927 1560 1988 βίον·
1613 1924 1727 1976 εἶναι

136 2010 190 2062 δέ
220 2034 348 2064 τινας
387 2010 493 2064 τοὺς
524 2010 788 2076 περιιόντας
819 2013 895 2061 καὶ
931 2015 1251 2077 θορυβοῦντας
1291 2009 1347 2076 ἐξ
1381 2011 1582 2072 ἀμαθίας
1620 2008 1728 2061 τοὺς

134 2094 383 2147 ἐθέλοντας
433 2094 633 2156 ἠρεμεῖν,
686 2090 783 2142 εἶτα
835 2097 1105 2157 λογοποιεῖν
1162 2091 1330 2144 αὐτοὺς
1378 2095 1726 2151 διεβεβαιοῦντο
1745 2100 1772 2140 b

135 2173 328 2224 τοιαῦτά
365 2191 485 2224 τινα·
526 2173 742 2241 ἔφασκον
780 2173 872 2239 γάρ
898 2172 1093 2236 Ἐπειδὴ
1134 2174 1231 2223 κατ’
1261 2172 1414 2223 εἰκόνα
1441 2176 1567 2223 Θεοῦ
1593 2172 1722 2238 γενέ-

137 2259 254 2306 σθαι
292 2254 375 2305 τὸν
413 2254 716 2319 ἄνθρωπονὴ
752 2257 851 2306 θεία
893 2255 1019 2320 λέγει
1057 2253 1235 2322 γραφὴ,
1262 2253 1353 2321 χρὴ
1391 2253 1629 2305 πιστεύειν
1657 2253 1727 2303 ὅτι

73 2335 166 2400 153)
206 2335 542 2402 ἀνθρωποειδὲς
581 2336 728 2401 ἤγουν
757 2336 1169 2404 ἀνθρωπόμορφόν
1207 2337 1309 2386 ἐστι
1335 2334 1388 2386 τὸ
1416 2339 1556 2386 θεῖον·
1612 2334 1727 2400 ὅπερ

138 2420 240 2469 ἐστὶ
277 2422 525 2471 παντελῶς
565 2418 808 2481 ἀσύνετον,
837 2419 913 2468 καὶ
944 2423 1040 2472 τοῖς
1078 2421 1161 2481 τῆς
1199 2417 1404 2485 ἐσχάτης
1445 2418 1729 2479 δυσσεβείας

187 2587 333 2622 Codices
346 2587 440 2622 A.D.
479 2597 555 2632 1-5.
573 2587 642 2622 Tit.
660 2588 701 2621 A.
714 2591 774 2622 τοῦ
792 2588 894 2622 αὐτοῦ
906 2588 1093 2633 ἁγιωτάτου
1107 2590 1270 2633 κυρίλλου
1283 2589 1367 2633 πρὸς
1381 2588 1579 2631 καλοσίριον
1590 2588 1728 2622 ἐπίσκο-

138 2648 204 2668 πον
221 2636 279 2668 τὸν
295 2634 494 2678 ἀρσενοίτην
508 2635 590 2668 κατὰ
606 2635 876 2680 ἀνθρωποφιτων
893 2636 974 2679 (sic)
994 2636 1040 2670 D.
1058 2639 1118 2670 τοῦ
1136 2636 1171 2669 ἐν
1187 2635 1295 2680 ἁγίοις
1311 2636 1439 2679 πατρὸς
1456 2634 1548 2678 ἡμῶν
1564 2634 1729 2679 κυρίλλου

140 2681 414 2725 ἀρχιεπισκόπου
433 2680 672 2725 ἅλεξανδρείας
689 2682 770 2715 κατὰ
788 2681 1123 2727 ἀνθρωπομορφιτῶν
1138 2684 1278 2723 βιβλιον
1295 2682 1330 2716 ἐν
1346 2681 1414 2716 Ed.
1571 2690 1601 2724 7.
1627 2695 1729 2723 μονα-

138 2730 231 2761 στῶν
249 2727 291 2761 Α.
308 2731 465 2771 μοναχῶν
484 2727 529 2760 D.
550 2727 616 2761 Ed.
696 2729 730 2761 8.
757 2727 927 2773 διαγωγήν
945 2730 986 2762 Α.
1006 2727 1142 2774 ἀγωγήν
1161 2728 1207 2762 D.
1229 2728 1296 2762 Ed.
1381 2740 1413 2770 9.
1439 2727 1728 2771 ἕφασκον--πολ-

141 2774 224 2807 λοὺς
240 2772 308 2806 hoe
328 2773 449 2806 ordine
468 2776 512 2806 A.
531 2774 718 2817 εὐδοκιμεῖν
734 2775 796 2817 μὲν
816 2775 969 2810 πολλοὺς
990 2776 1145 2819 ἔφασκον
1165 2775 1199 2808 ἐν
1216 2774 1361 2817 ἀσκήσει
1381 2775 1426 2807 D.
1447 2774 1513 2807 Ed.
1588 2773 1729 2816 σφόδρα

140 2818 332 2859 βούλεσθαι
350 2820 408 2852 τὸν
425 2821 588 2864 μοναχοῖς
605 2820 648 2854 A.
667 2823 737 2855 τοῖς
754 2823 915 2866 μοναχοῖς
933 2822 1075 2866 σφόδρα
1092 2820 1283 2856 Βούλεσθαι
1303 2820 1369 2854 Ed.
1540 2830 1593 2852 12.
1620 2819 1729 2858 διεβε-

140 2867 301 2906 βαιοῦντο
319 2865 413 2899 A.D.
433 2866 713 2906 διαβεβαιοῦντας
730 2867 798 2901 Ed.
961 2879 1013 2912 13.
1040 2869 1177 2902 τοιαῦτά
1195 2882 1267 2902 τινα
1284 2867 1350 2900 hoc
1369 2865 1489 2900 ordine
1506 2865 1550 2898 A.
1603 2864 1730 2899 Statim

142 2912 242 2955 plene
261 2912 479 2955 interpunxit
498 2912 566 2946 Ed.
639 2912 752 2956 ἐπειδὴ
770 2913 865 2948 A.D.
884 2913 1018 2948 ἐπειδὰν
1036 2914 1103 2947 Ed.
1390 2922 1442 2956 15.
1470 2911 1487 2955 ἢ
1506 2917 1730 2956 assumptum

143 2969 184 2991 ex
203 2958 245 2992 A.
488 2958 538 2991 16.
564 2961 736 2994 παντελῶς
753 2959 917 2993 ἀσύνετον
935 2960 1000 2993 hoc
1019 2960 1140 2994 ordine
1159 2961 1201 2993 A.

870 3030 993 3067 4¹¹2
