1986 3262
129 117 226 157 xvii.
249 130 312 166 22,
334 130 398 172 23.
448 117 521 156 IN
565 116 605 157 S.
642 115 982 156 JOANNEM.
1038 114 1163 154 Llss.
1196 112 1274 153 XI.
1329 112 1461 152 CAP.
1496 111 1598 150 XII.
1690 111 1716 149 3

128 248 267 289 τητος
295 226 425 289 ἡμῶν
451 228 533 290 τῆς
558 225 677 292 πρὸς
706 224 830 276 Θεὸν
856 226 930 275 καὶ
952 223 1145 290 Πατέρα
1171 221 1463 289 διαφαίνεται
1491 219 1718 284 Χριστὸς,

128 309 293 359 ἑαυτοῦ
324 308 408 373 μὲν
433 309 554 373 ἡμᾶς
588 308 855 377 ἐξαρτήσας
891 310 951 360 ὡς
989 306 1252 372 ἅνθρωπος,
1280 306 1389 371 Θεῷ
1426 301 1474 352 δὲ
1507 303 1569 354 ὡς
1597 299 1718 352 Θεὸς

127 389 404 458 ἐνυπάρχων
430 395 646 459 φυσικῶς
678 395 744 460 τῷ
780 391 878 460 ἰδίω
911 388 1169 456 γεννήτορι.
1220 385 1278 450 ἧν
1309 383 1402 451 γὰρ
1437 384 1524 451 οὐχ
1557 381 1719 448 ἑτέρως

127 473 374 537 ἀναπηδᾶν
419 474 651 525 δύνασθαι
701 472 820 540 πρὸς
871 470 1149 541 ἀφθαρσίαν
1189 468 1275 533 τὴν
1316 465 1620 530 ὑποκειμένην
1660 468 1719 529 τῇ

130 558 290 624 φθορᾷ
341 555 505 626 φύσιν,
556 560 594 607 εἰ
645 554 710 620 μὴ
763 554 1087 619 καταβέβηκεν
1137 553 1205 603 ἐπ’
1261 549 1406 614 αὐτὴν
1456 549 1484 614 ἡ
1535 551 1719 617 φθορᾶς

128 636 321 703 ἁπάσης
369 640 445 689 καὶ
494 641 815 705 παραλλαγῆς
860 637 1076 702 ἀνωτέρω
1126 633 1287 703 φύσις,
1337 629 1719 699 ἀνακουφίζουσα

85 579 107 619 <51

127 718 305 787 τρόπον
333 720 436 772 τινὰ
470 720 589 787 πρὸς
623 720 678 771 τὸ
714 720 830 771 ’ίδιον
862 718 1044 785 ἀγαθὸν
1073 715 1129 768 τὸ
1165 714 1291 768 κάτω
1326 715 1502 767 πίπτοι)
1528 714 1613 775 ἀεὶ,
1643 712 1762 762 wib

127 806 186 870 τῇ
233 804 448 872 κοινωνίᾳ
493 804 567 853 καὶ
611 802 823 871 ἀναμίξει
869 806 927 870 τῇ
971 799 1090 867 πρὸς
1136 797 1304 863 ἑαυτὴν
1349 796 1600 863 μονονουχὶ
1645 794 1720 843 καὶ

129 884 251 952 ὅρων
302 884 567 953 ἐξέλκουσα
624 890 719 937 τῶν
770 888 828 952 τῇ
880 886 1053 951 γενητῇ
1106 881 1251 951 φύσει
1301 875 1718 945 πρεπωδεστέρων,

62 994 109 1019 10
129 967 504 1019 ἀναπλάττουσά
560 991 609 1018 τε
662 967 782 1034 πρὸς
832 964 999 1030 ἑαυτὴν
1049 963 1102 1016 τὸ
1159 964 1246 1031 οὐχ
1297 964 1443 1014 οὕτως
1503 959 1610 1027 ἕχον
1668 957 1724 1025 ἐξ

127 1049 308 1101 ἑαυτοῦ.
367 1049 702 1113 τετελειώμεθα
745 1053 994 1115 τοιγαροῦν
1037 1050 1098 1100 εἷς
1139 1045 1334 1109 ἑνότητα
1375 1042 1461 1107 τὴν
1502 1044 1565 1095 ὡς
1602 1039 1722 1106 πρὸς

129 1129 254 1182 Θεὸν
288 1133 363 1182 καὶ
397 1132 590 1198 Πατέρα
628 1130 704 1182 διὰ
741 1131 938 1195 μεσίτου
973 1133 1205 1195 Χριστοῦ.
1266 1125 1348 1177 τὸν
1379 1123 1473 1192 γὰρ
1500 1122 1644 1193 φύσει
1671 1145 1722 1173 τε

129 1214 205 1264 καὶ
237 1215 427 1278 ἀληθῶς
459 1213 591 1275 Υὶὸν,
631 1213 837 1277 οὐσιώδη
872 1210 990 1278 πρὸς
1025 1208 1167 1261 αὐτὸν
1203 1209 1373 1276 ἔχοντα
1412 1205 1498 1270 τὴν
1536 1205 1720 1267 ἕνωσιν,

129 1296 360 1357 λαβόντες
398 1297 445 1346 ἐν
472 1297 649 1350 ἑαυτοῖς
681 1298 756 1346 καὶ
787 1296 1071 1358 σωματικῶς
1104 1295 1177 1343 καὶ
1209 1293 1545 1354 πνευματικῶς,
1571 1287 1718 1338 καθά-

61 1400 109 1440 15
130 1401 218 1446 περ
263 1377 430 1445 ἐ’λεγον
474 1378 656 1444 ἀρτίως,
702 1380 783 1441 τῆς
825 1376 939 1444 ὑπὲρ
982 1374 1138 1427 πάντα
1179 1373 1370 1443 φύσεως
1408 1370 1599 1438 μέτοχοι
1643 1370 1720 1420 καὶ

128 1463 339 1512 κοινωνοὶ
377 1461 619 1527 γεγονότες
652 1460 994 1529 δεδοξοίσμεθα.
1737 1477 1759 1504 0

204 1545 569 1612 Παραδεχθῆναι
607 1541 757 1609 γεμὴν
784 1546 845 1596 εἷς
881 1542 1051 1593 ἕνωσιν
1078 1541 1199 1605 ἡμᾶς
1235 1538 1320 1603 τὴν
1348 1540 1409 1591 ὡς
1444 1533 1562 1602 πρὸς
1595 1532 1720 1584 Θεὸν

130 1629 205 1678 καὶ
233 1627 425 1693 Πατέρα
451 1626 677 1687 βούλεται
702 1624 932 1692 Χριστὸς,
960 1625 1077 1688 ὁμοῦ
1114 1624 1189 1673 καὶ
1223 1621 1309 1685 τὴν
1334 1622 1384 1671 ἐκ
1418 1623 1502 1670 τοῦ
1530 1615 1721 1683 Πατρὸς

129 1708 297 1774 ὄνησιν
324 1710 377 1759 δι’
405 1710 570 1759 ἑαυτοῦ
595 1713 652 1775 τῇ
680 1707 825 1777 φύσει
850 1707 1109 1775 προξενῶν,
1139 1706 1212 1754 καὶ
1239 1702 1324 1767 τὴν
1349 1703 1398 1753 ἐκ
1424 1703 1506 1765 τῆς
1530 1698 1721 1767 χάριτος

62 1818 112 1844 20
132 1791 326 1855 δύναμιν
359 1789 561 1859 ἐ’λεγχον
595 1789 756 1856 ὥσπερ
795 1788 898 1840 τινὰ
937 1790 1141 1856 διαφανῆ
1182 1784 1527 1849 συμβήσεσθαι
1565 1780 1721 1846 λέγων

131 1877 225 1925 τῶν
260 1873 483 1939 οἰομένων
518 1872 659 1924 αὐτὸν
696 1874 778 1923 οὐκ
817 1869 932 1922 εἶναι
971 1868 1101 1937 παρὰ
1138 1872 1276 1919 Θεοῦ.
1328 1871 1463 1918 ποῖον
1497 1862 1591 1931 γὰρ
1629 1863 1722 1932 ἕξει

131 1954 334 2021 τόπονῆ
370 1956 531 2024 χώραν
557 1956 623 2007 ε”τι
661 1958 743 2019 τῆς
778 1956 852 2006 ἐπὶ
891 1952 1042 2023 τούτῳ
1078 1950 1401 2020 συκοφαντίας
1439 1949 1463 1999 ὁ
1499 1945 1656 2013 λόγος,
1685 1948 1721 1995 εἰ

132 2039 186 2089 δι’
216 2041 380 2090 ἑαυτοῦ
404 2038 521 2104 πρὸς
547 2038 717 2089 ἕνωσιν
743 2036 964 2105 ἀναφέρει
990 2039 1057 2104 τῷ
1085 2035 1241 2100 Πατρὶ
1266 2031 1373 2085 τοὺς
1407 2029 1482 2081 διὰ
1517 2029 1721 2080 πίστεως

132 2120 353 2186 δηλονότι
395 2122 470 2172 καὶ
513 2119 700 2186 ἀγάπης
744 2122 1018 2184 εἰλικρινοῦς·
1064 2111 1512 2182 προσοικειωθέντας
1556 2111 1716 2178 αὐτῴς

65 2218 113 2257 25
134 2202 246 2254 ὅταν
277 2203 444 2265 τοίνυν,
481 2200 517 2252 ὦ
558 2200 734 2268 Πάτερ,
764 2199 850 2265 τὴν
882 2199 1051 2250 ἕνωσιν
1086 2195 1441 2264 ἀποκερδοῖνωσι
1481 2193 1565 2257 τὴν
1603 2190 1720 2258 πρός
1743 2198 1766 2239 d

132 2308 190 2336 σε
229 2284 283 2335 δι’
325 2286 453 2347 ἐμοῦ,
495 2283 599 2335 τότε
639 2283 874 2349 γνώσεται
913 2280 997 2346 μὲν
1037 2287 1054 2332 ὁ
1098 2281 1265 2347 κόσμος
1304 2278 1365 2329 ’ότι
1406 2275 1462 2327 σύ
1500 2298 1558 2344 με
1596 2272 1717 2325 alm‘-

133 2380 335 2430 στειλας,
361 2367 605 2418 τουτέστιν
629 2365 812 2433 εὐδοκία
845 2368 912 2432 σῇ
944 2361 1202 2427 βοηθήσων
1228 2362 1433 2429 ἀφῖγμαι
1458 2362 1516 2425 τῇ
1551 2361 1615 2425 γῇ
1647 2357 1721 2406 καὶ

133 2453 229 2502 τοῖς
253 2450 302 2499 ἐν
328 2448 444 2516 αὐτῇ
478 2447 802 2510 πλανωμένοις
833 2445 1153 2511 κατορθώσων
1178 2441 1264 2507 τὴν
1290 2440 1547 2506 σωτηρίαν·
1591 2437 1720 2504 γνώ-

134 2553 301 2581 σονται
345 2529 393 2580 δὲ
435 2528 554 2596 πρὸς
597 2527 778 2581 τούτοις
822 2527 953 2578 οὐδὲν
991 2527 1145 2591 ἧττον,
1187 2526 1352 2593 φησὶν,
1391 2526 1431 2573 οἱ
1473 2524 1556 2586 τῆς
1601 2521 1723 2571 οὕτω

66 2642 116 2678 30
135 2610 418 2679 τριποθήτου
474 2609 816 2678 μετεσχηκότες
872 2608 1075 2676 χάριτος,
1132 2606 1202 2657 ὅτι
1260 2604 1509 2672 ἠγάπησας
1567 2600 1724 2656 αὐτοῦς

138 2692 283 2750 καθεὶς
319 2692 397 2763 ἐμὲ
428 2693 693 2760 ἠγάπησας.
762 2693 786 2742 ὁ
825 2691 919 2757 γὰρ
957 2689 1251 2752 εἶς’ἑνότητα
1289 2686 1456 2749 λαβὼν
1494 2683 1576 2736 τὸν
1615 2684 1719 2734 καθ’

186 2809 217 2833 1.
243 2797 344 2843 πρὸς]
369 2802 404 2838 -ὗ-
427 2798 485 2832 τὸν
503 2809 533 2831 a.
608 2798 625 2830 ὁ
644 2796 794 2840 Χριστὸς
812 2807 842 2829 a.
1145 2803 1176 2827 2.
1202 2789 1395 2836 ἅνθρωπος]
1421 2793 1457 2830 -1-
1479 2787 1675 2831 ἀνθρώπους
1692 2797 1722 2818 a.

136 2846 169 2880 8.
196 2845 250 2880 καὶ
268 2843 383 2890 prius]
407 2849 443 2887 -Ι-
464 2847 502 2889 τῇ
524 2843 658 2888 Migne.
886 2852 938 2875 ΙΙ,
966 2838 1067 2884 πρὸς]
1095 2844 1128 2880 -Ι-
1151 2841 1209 2873 τὸν
1226 2851 1257 2873 a.
1483 2845 1535 2868 12.
1561 2831 1721 2885 μεσίτου]

135 2895 244 2937 μέσου
261 2905 295 2973 ἓ,
321 2938 350 2973 E
516 2899 571 2936 25.
598 2887 873 2934 ἀποκερδάνωσι]
894 2886 1015 2930 ταύτην
1035 2887 1222 2932 κερδάνωσι
1241 2897 1270 2919 a.
1491 2881 1544 2914 28.
1573 2880 1661 2924 αὐτῷ
1683 2878 1722 2911 h.

136 2950 193 2985 31.
218 2953 257 2973 κα
282 2953 302 2972 α
355 2965 361 2973 .

898 2994 967 3023 132
