2012 3272
86 159 125 185 x.
151 158 182 184 1.
352 145 420 185 IN
456 146 540 186 ΕΡ.
570 146 604 186 Ι.
643 145 724 185 ΑΒ
763 144 1149 185 CORINTHIOS.
1204 144 1316 185 LIB.
1352 144 1427 183 IV.
1592 146 1675 185 279

1712 211 1777 252 [οι
1800 211 1880 250 M]

87 251 356 318 λολάτραις·
403 253 558 318 ἐπειδὴ
586 251 632 304 δὲ
659 253 903 304 συνὲστιοί
924 276 972 304 τε
1000 251 1127 316 ἦσαν
1153 253 1321 315 αὐτοῖς,
1349 254 1423 302 καὶ
1449 250 1674 317 τραπέζης

87 334 291 397 ἥπτοντο
340 337 423 399 τῆς
473 337 729 398 εἷδωλικῆς,
781 334 1108 403 εὐπαράφοροί
1154 357 1205 385 τε
1248 333 1375 398 ἦσαν
1420 332 1553 387 εὐθὺς
1599 335 1675 383 καὶ

86 415 397 481 παρώλισθον
424 421 486 469 εὶς
511 415 800 478 ἀπόστασιν,
827 418 903 467 καὶ
931 415 1243 483 συνεχόρευον
1276 415 1491 483 γυναιξίν
1530 422 1556 444 “
1580 417 1673 465 Καὶ
1694 426 1897 464 H‹..<.iv.14.

87 503 115 525 “
141 498 166 547 5
192 497 310 551 λαὸς
343 498 520 549 συνιὼν
550 499 867 549 συνεπλέκετο
901 497 1020 561 μετὰ
1052 498 1269 564 πόρνης,”
1312 497 1431 547 κατὰ
1469 499 1555 560 τῆν
1593 502 1675 547 τοῦ

45 595 67 631 5
87 579 335 647 προφήτου
361 580 539 649 φωνήν·
587 586 725 630 τοῦτο
760 579 853 646 γάρ
879 581 980 630 ε’στι
1013 579 1067 630 τό
1102 582 1181 630 καὶ
1210 578 1455 639 ἀνεχστησ-αν
1483 580 1671 648 παίζειν·

87 661 353 729 ἐπισφαλὲς
380 662 461 712 οὖν
487 662 578 727 ἄρα
611 661 665 712 τὸ
696 665 1060 712 συνδιαιτᾶσθαι
1085 666 1307 728 πονηροῖς
1335 662 1410 711 καὶ
1436 661 1671 714 ἀπίστοις·

88 764 163 792 και
208 748 324 807 γοῦν
365 743 456 810 ε”φη
494 765 586 794 που
619 746 852 806 Σολομῶν
896 750 922 772 “
941 744 1005 793 Ο
1047 742 1460 808 συμπορευόμενος
1503 746 1675 809 σοφοῖς
1694 754 1790 827 {30⁸⁷-
1809 763 1875 782 ³¹¹¹-

88 824 298 892 “σοφός
348 826 496 887 ἐσται,
559 826 583 874 5
641 824 690 875 δὲ
739 823 1152 890 συμπορευόμενος
1216 824 1397 894 ἄφροσι
1454 823 1675 889 γνωσθή-

90 912 118 934 “
145 907 327 956 σεται.”

22 1004 69 1029 10
164 991 258 1039 Καὶ
298 990 427 1052 ἡμεῖς
468 987 561 1054 γὰρ
601 988 693 1055 πρὸ
732 991 814 1052 τῆς
853 992 915 1042 εἷς
942 988 1161 1054 Χριστὸν
1187 990 1407 1050 πίστεως,
1442 993 1542 1042 ταῖς
1581 993 1675 1039 τῶν

89 1071 338 1133 δαιμονίων
361 1070 655 1139 πλεονεξίαις
681 1070 1010 1136 ὑπεζευγμένοι
1037 1071 1403 1135 δεδουλεύκαμεν
1429 1076 1495 1140 τῷ
1523 1075 1675 1140 νοητῷ

90 1155 287 1220 Φαραῷ,
332 1153 550 1204 τουτέστι
590 1156 656 1222 τῷ
699 1150 945 1222 ἀρχεκάκῳ
987 1156 1192 1222 σατανᾷ·
1254 1154 1508 1218 ἐπονοῦμεν
1550 1154 1675 1222 αὐτῷ

89 1232 242 1298 μάτην
268 1233 342 1285 οἶα
372 1238 513 1303 πηλῷ
549 1237 624 1285 καὶ
656 1235 875 1303 πλινθείᾳ
900 1239 995 1287 τοῖς
1030 1237 1113 1298 τῆς
1145 1235 1323 1300 σαρκὸς
1351 1235 1503 1301 ἔργοις
1530 1236 1672 1296 ε’μβε-

89 1314 302 1379 βηκότες·
344 1314 548 1384 ἐξείλετο
575 1315 622 1366 δὲ
649 1317 725 1366 καὶ
751 1316 872 1379 ἡμᾶς
900 1316 924 1365 5
961 1322 988 1345 ‘⁶
1008 1316 1204 1379 μεσίτης
1232 1319 1357 1367 Θεοῦ
1384 1318 1459 1367 καὶ
1487 1316 1669 1382 ἀνθρώ·
1697 1332 1708 1353 1
1729 1323 1860 1397 'gimst

24 1422 70 1460 15
92 1404 119 1427 ‘⁶
143 1420 266 1460 πων,
296 1397 543 1463 ἅνθρωπος
563 1396 777 1463 Χριστὸς
802 1398 1002 1461 Ἰησοῦς,
1023 1398 1048 1447 ὁ
1075 1397 1181 1451 δοὺς
1207 1397 1371 1448 ἑαυτὸν
1398 1398 1675 1464 ἀντίλυτρον
1695 1375 1723 1406 5,
1759 1391 1765 1398 ⁹

92 1485 118 1508 “
145 1478 259 1541 ὑπὲρ
300 1479 537 1530 πάντων·”
592 1480 837 1541 διεβίβασε
881 1480 956 1529 καὶ
994 1479 1114 1542 ἡμᾶς
1154 1478 1227 1530 οἶά
1265 1502 1369 1530 τινα
1415 1478 1676 1531 θάλασσαν

91 1565 173 1611 τοῦ
211 1560 443 1626 παρόντος
481 1561 588 1621 βίου
626 1560 709 1611 τὸν
745 1560 975 1623 κλύδωνα,
1008 1562 1273 1611 τετελείωκε
1307 1560 1383 1611 διὰ
1419 1568 1501 1612 τοῦ
1540 1561 1675 1627 ἁγίου

90 1643 440 1706 βαπτίσματος·
509 1641 648 1697 αὐτὸς
699 1642 791 1708 γάρ
839 1643 970 1693 ἐστιν
1017 1642 1044 1706 ἡ
1090 1643 1268 1693 ἄνωθέν
1314 1666 1362 1693 τε
1412 1645 1486 1693 καὶ
1533 1642 1674 1706 νοητὴ

91 1723 278 1791 νεφέλη,
315 1724 343 1787 ἡ
375 1728 458 1774 τοῦ
497 1723 668 1790 ζῶντος
709 1725 875 1777 ὕδατος
914 1729 1009 1777 τοῖς
1048 1726 1301 1790 ἀγαπῶσιν
1338 1724 1482 1788 αὐτὴν
1517 1747 1675 1775 ποιου-

23 1837 72 1862 20
89 1804 204 1869 με’νη
245 1805 331 1869 τὴν
371 1806 615 1872 χορηγικαν
670 1808 794 1872 ὕδωρ
839 1806 886 1857 δὲ
929 1806 1018 1872 ζῶν
1062 1805 1115 1857 τὸ
1160 1805 1354 1869 Πνεῦμά
1396 1808 1542 1857 ἐστιν·
1600 1807 1675 1857 καὶ

90 1892 207 1952 γοῦν
241 1888 331 1956 ε”φη
363 1889 388 1938 5
416 1886 628 1954 Χριστός
664 1895 691 1917 “
710 1890 773 1939 O
800 1887 1038 1940 πιστεύων
1072 1892 1133 1942 εἱς
1170 1888 1261 1951 ἐμε,
1298 1889 1452 1942 καθὼς
1489 1887 1614 1940 εἶπεν
1645 1889 1829 1973 7783810211
1842 1899 1898 1931 vii.

92 1968 321 2038 “γραφὴ,
360 1972 564 2031 ποταμοὶ
603 1971 651 2021 ἐκ
689 1973 771 2033 τῆς
814 1970 993 2023 κοιλίας
1033 1971 1174 2020 αὑτοῦ
1210 1969 1466 2036 ῥεύσουσιν
1509 1951 1711 2023 ὕδατος3

92 2057 119 2080 “
145 2049 354 2116 §Euros-s
399 2055 660 2118 διατρανῶν
699 2050 748 2102 δὲ
793 2051 847 2102 τὸ
893 2050 1130 2117 εἰρημένον
1168 2053 1193 2103 5
1232 2052 1488 2106 θεσπέσιος
1532 2053 1673 2117 εὐαγ-

91 2132 331 2198 γελιστὴς,
380 2133 750 2199 προσεπήγαγεν
800 2132 932 2186 εὐθὺς
988 2138 1084 2186 τοῖς
1140 2135 1246 2199 περὶ
1297 2133 1463 2184 τούτου
1515 2133 1678 2198 λόγοις

24 2242 43 2266 2
50 2239 72 2277 5
92 2221 119 2243 “
135 2218 292 2265 Τοῦτο
316 2214 363 2265 δὲ
388 2213 513 2266 εἶπεν
539 2217 645 2280 περὶ
679 2220 762 2265 τοῦ
790 2213 1067 2275 Πνεύματος
1094 2214 1148 2264 οὗ
1172 2215 1387 2279 ἤμελλον
1413 2214 1677 2276 λαμβάνειν
1696 2234 1746 2265 1b.
1762 2243 1814 2277 39·

92 2301 120 2325 “
146 2298 188 2346 οἱ
234 2296 535 2349 πιστεύοντες
585 2300 647 2349 εἷς
693 2295 881 2346 αὐτόν·”
943 2295 1183 2363 ἐφάγομεν
1233 2297 1309 2346 καὶ
1360 2296 1487 2360 ἡμεῖς
1534 2296 1677 2361 ἄρτον

92 2379 282 2442 ἀληθῶς
321 2376 402 2428 τὸν
441 2377 679 2444 ζωοποιὸν,
707 2377 894 2439 ἐπίομεν
919 2377 1051 2441 πόμα
1088 2376 1142 2427 τὸ
1181 2377 1507 2443 πνευματικὸν,
1532 2377 1676 2428 καθά-
1696 2397 1752 2430 62
1767 2395 1829 2431 M.

91 2481 180 2525 περ
218 2459 379 2522 ἀμέλει
424 2460 621 2510 κάκεῖνοι
663 2457 716 2510 τὸ
757 2460 880 2525 ὕδωρ
919 2460 968 2509 ἐκ
1007 2458 1196 2525 πέτρας·
1251 2462 1272 2520 ἡ
1312 2458 1452 2528 πέτρα,
1488 2457 1533 2511 δὲ
1574 2456 1615 2520 ἧν
1658 2466 1810 2518 o‘ver.4.

143 2628 173 2651 Ι.
199 2617 313 2661 ἐπειδὴ
331 2617 368 2651 δε
386 2623 609 2662 assumptum
626 2630 667 2652 ex
688 2618 736 2652 H.
956 2629 988 2652 2.
1014 2618 1351 2664 ευπαράφοροί-καὶ
1369 2627 1549 2664 assumpta
1566 2631 1608 2653 ex
1628 2619 1677 2654 H.

94 2673 174 2708 3-5.
202 2678 255 2697 και
281 2663 682 2708 συνεχόμενον-παίζειν
706 2664 833 2699 retinui
857 2676 898 2698 ex
917 2664 984 2699 Ed.
1002 2679 1055 2698 και
1072 2665 1321 2710 λελατρεύκασι
1339 2668 1385 2712 τῷ
1403 2668 1608 2711 βεελφεγώρ
1628 2667 1677 2700 H.

95 2710 129 2744 6.
154 2710 219 2754 ἄρα
236 2717 458 2755 assumptum
476 2722 517 2744 ex
538 2710 586 2745 H.
865 2721 909 2755 7—
911 2723 944 2755 9
971 2711 1025 2745 καὶ
1041 2701 1409 2756 γοῦν-γνωσθήσεται
1427 2712 1579 2746 desunt'
1572 2724 1607 2746 1r1
1629 2712 1677 2746 H.

98 2757 222 2791 10-16.
249 2757 404 2790 και-καὶ
427 2757 552 2790 retinui
579 2769 621 2790 ex
647 2756 714 2791 Ed.
733 2772 786 2791 και
807 2758 872 2803 ’γὰρ
893 2757 991 2792 ὄντας
1011 2757 1095 2801 ἡμᾶς
1120 2758 1184 2792 ὑπὸ
1207 2760 1264 2792 τὸν
1281 2760 1398 2803 νοητὸν
1420 2760 1547 2804 φαραὼ
1569 2758 1676 2801 ἀπήλ-

94 2804 232 2846 λαξεν”
217 2818 234 2835 ο
252 2803 401 2847 Χριστὸς
417 2803 471 2836 καὶ
489 2803 687 2843 διεβίβασεν
706 2804 754 2837 Η.
948 2806 1074 2849 12.τῴ
1092 2816 1162 2838 0111.
1180 2805 1226 2839 A.
1405 2807 1457 2839 18.
1485 2820 1520 2838 τε
1538 2815 1607 2837 om.
1628 2804 1676 2838 H.

99 2849 223 2894 19-26.
250 2848 371 2891 ἡ-και
395 2848 539 2894 ἡμεῖς]ε
525 2864 543 2892 η
569 2851 607 2883 τὸ
626 2851 689 2892 ζῶν
713 2849 803 2895 ὕδωρ
828 2853 1028 2895 χορηγοῦσα
1053 2851 1072 2884 ὅ
1097 2851 1173 2885 ἐστι
1198 2852 1236 2885 τὸ
1261 2854 1401 2895 πνεῦμα.
1429 2852 1601 2895 εφάγομεν
1628 2849 1678 2884 Η.

98 2904 154 2940 27.
179 2895 314 2938 ἀληθῶς
330 2895 389 2928 τὸν
405 2895 583 2949 ζωοποιὸν]
603 2898 662 2931 τὸν
680 2898 843 2938 ζωοποιὸν
860 2898 918 2930 τὸν
935 2897 973 2940 ἐξ
990 2897 1133 2941 ουρανοῦ
1155 2896 1202 2932 H.
1273 2899 1312 2931 τὸ
1329 2904 1551 2941 assumptum
1568 2907 1610 2929 ex
1629 2895 1678 2929 H.

98 2942 142 2976 ὡς
157 2953 221 2986 pro
239 2941 388 2985 καθάπερ
406 2940 521 2984 ἀμέλει
543 2941 588 2976 H.
702 2943 758 2977 28.
784 2943 820 2976 ἐκ
836 2943 962 2987 πέτρας
977 2942 1066 2988 ὕδωρ
1084 2949 1117 2977 et
1134 2943 1170 2977 δέ
1187 2943 1293 2988 πέτρα
1311 2944 1449 2978 inverso
1467 2942 1588 2977 ordine
1608 2941 1656 2976 H.
