1997 3262
58 239 69 279 ἱ
88 248 127 279 93
147 238 194 269 M.
214 239 226 280 ]

263 166 346 205 342
491 165 541 205 Β.
571 164 819 205 CYRILLI
850 163 1200 204 ALEXANDR.
1233 164 1604 205 FRAGMENTA
1730 164 1783 203 iv,
1802 163 1839 202 6.

265 276 303 324 εἰ
338 273 402 337 μὴ
428 273 476 324 ε”ν
501 295 556 339 γε
588 277 654 342 τῷ
688 276 895 324 νοεῖσθαι
922 273 1043 326 Θεὸς
1069 274 1145 324 καὶ
1173 271 1293 324 εἰκὼν
1319 275 1390 324 τοῦ
1418 271 1620 338 Πατρὸς,
1647 273 1722 322 καὶ
1760 271 1843 321 οὐκ

265 356 313 405 ἐν
337 355 427 424 ἴσῳ
454 354 614 424 τρόπῳ
648 359 743 408 τοῖς
778 354 883 405 καθ’
920 354 1053 417 ἡμᾶς,
1081 354 1321 407 οὐσιωδῶς
1346 352 1394 404 δὲ
1421 359 1611 417 μᾶλλον
1637 354 1712 404 καὶ
1745 356 1837 417 φυ-

264 440 444 498 σικῶς;
488 437 563 486 καὶ
602 437 662 486 οὔ
694 458 738 486 τι
770 458 862 486 που
898 434 1053 503 φαμὲν
1081 437 1142 488 ὡς
1181 434 1271 501 ἄρα
1311 434 1467 499 δεήσει
1503 437 1578 486 καὶ
1617 433 1757 484 αὑτὸν
1794 435 1842 484 ἐν

264 520 407 583 σαρκὶ
434 517 663 582 γεγονότα
694 521 901 567 νοεῖσθαι
936 516 1018 567 τὸν
1047 517 1253 581 Πατέρα·
1303 518 1355 567 οὐ
1382 517 1475 582 γάρ
1500 518 1630 567 ἐστιν
1657 518 1704 566 ἐν
1728 514 1836 566 τού-

263 623 359 652 τοις
403 602 484 662 τῆς
529 598 701 651 εἰκόνος
753 597 806 648 τὸ
853 597 1048 651 κάλλος·
1108 600 1251 648 ἐκεῖνο
1292 597 1340 649 δὲ
1383 603 1573 660 μᾶλλον
1615 601 1843 663 περινοεῖν

264 681 411 749 ἄξιον,
443 683 503 733 ὡς
531 680 651 733 Θεὸς
682 678 739 743 ἧν
772 681 796 730 ὁ
832 679 986 745 Λόγος
1026 681 1100 730 καὶ
1138 678 1231 745 πρὸ
1270 679 1448 745 σαρκὸς
1486 678 1728 746 χαρακτὴρ
1768 679 1843 728 καὶ

264 764 487 826 ὁμοίωσις
532 761 711 829 φυσικὴ
762 767 844 812 τοῦ
895 761 1185 827 γεννήτορος·
1246 764 1321 811 καὶ
1365 761 1514 812 πάλιν
1563 762 1669 810 καθ’
1724 761 1843 823 ἡμᾶς

263 843 476 910 γεγονότι
515 843 568 894 τὸ
601 845 649 893 ἐν
678 847 842 911 μορφῇ
881 847 1087 894 νοεῖσθαι
1125 848 1208 893 τοῦ
1246 842 1450 909 Πατρὸς,
1482 841 1679 906 ἐνούσης
1718 843 1843 910 αὐτῷ

263 929 344 989 τῆς
388 926 650 988 οἰκονομίας
693 924 746 974 τὸ
792 925 1101 990 ἀνθρώπινον·
1160 924 1443 989 λελόγισται
1488 924 1642 974 τοίνυν
1687 926 1749 975 ὡς
1795 922 1843 973 ἓν

261 1007 380 1070 μετὰ
413 1011 494 1069 τῆς
530 1007 644 1060 ἶδιάς
671 1005 866 1072 σαρκός·
919 1007 1022 1057 ἔστι
1054 1005 1101 1056 δὲ
1133 1008 1208 1056 καὶ
1235 1007 1380 1059 οὕτως
1409 1006 1528 1057 eima
1554 1007 1623 1055 τοῦ
1653 1003 1841 1070 Πατρὸς

263 1091 369 1140 καθ’
400 1088 424 1139 ὸ
451 1090 525 1138 καὶ
552 1088 654 1138 ε”στι
682 1086 802 1140 Θεὸς
829 1090 903 1137 καὶ
930 1088 985 1156 ἐξ
1008 1088 1149 1138 αὑτοῦ
1175 1086 1449 1152 γεγέννηται
1475 1086 1593 1137 κατὰ
1622 1085 1786 1154 φύσιν.

222 1240 336 1282 6“Oc
373 1240 565 1289 ἔλαμψεν
602 1239 646 1279 ἐν
684 1235 777 1279 ταῖς
818 1237 1011 1294 καρδίαις
1050 1237 1171 1286 ἡμῶν
1210 1238 1318 1294 Πρὸς
1356 1238 1578 1293 φωτισμὸν
1617 1243 1690 1279 τῆς
1736 1237 1842 1285 Γνώ-

38 1947 125 1977 Phil.
143 1947 187 1976 iii.
203 1946 232 1976 8.

42 2682 97 2713 Es.
119 2682 161 2712 ix.
181 2691 207 2713 2.

356 1338 466 1364 oeooc
504 1327 577 1363 τιῖιο
615 1321 744 1364 ὃόὲι-ιο
781 1325 854 1362 τοῦ
894 1321 1003 1362 Θεοῦ
1041 1322 1086 1361 ἐν
1125 1319 1347 1377 Προσὼπῳ
1375 1321 1515 1362 ἸΗσοῦ
1553 1322 1747 1377 Χριστοῦ.

327 1436 443 1486 “Ort
481 1439 543 1488 εἷς
576 1435 700 1486 Θεὸν
735 1436 763 1499 ἡ
797 1438 972 1497 πίστις,
1012 1434 1098 1485 κᾶν
1136 1438 1172 1484 εἶ
1212 1435 1260 1484 ἐν
1299 1435 1545 1503 προσώπῳ
1589 1433 1842 1500 πράττοιτο

261 1523 343 1568 τοῦ
375 1521 605 1582 Χριστοῦ,
638 1521 867 1584 σαφηνιεΐ
896 1517 919 1566 ὁ
950 1515 1270 1581 μυσταγωγὸς
1309 1516 1384 1566 διὰ
1422 1519 1502 1579 τῆς
1540 1516 1840 1581 προκειμένης

262 1599 448 1667 λέξεως·
491 1599 738 1662 κέκληνται
772 1597 865 1665 γὰρ
890 1598 1111 1649 Ἰουδαῖοί
1142 1621 1191 1649 τε
1229 1597 1563 1661 καὶ“Έλληνες
1594 1597 1711 1662 πρὸς
1737 1598 1836 1647 ἐπί-

261 1704 441 1746 γνωσιν
480 1686 563 1731 τοῦ
598 1684 829 1747 Χριστοῦ,
870 1684 912 1730 οἱ
952 1680 1036 1743 μὲν
1078 1682 1139 1733 ὡς
1181 1681 1230 1730 ἐκ
1275 1677 1460 1743 πλάνης
1504 1681 1580 1729 καὶ
1625 1679 1843 1744 λατρείας

261 1765 465 1830 ψευδοῦς
504 1767 565 1816 εἱς
605 1763 898 1827 θεογνωσίαν
936 1761 1022 1825 τὴν
1061 1764 1230 1825 ἀληθῆ,
1257 1763 1299 1811 οἱ
1332 1761 1379 1811 δὲ
1412 1765 1472 1814 εἷς
1503 1760 1843 1825 ἀκριβεστέραν

262 1845 442 1907 εἴδησιν
493 1847 576 1908 τῆς
625 1846 672 1894 ἐν
724 1843 851 1913 νόμῳ
904 1842 1357 1909 παιδαγωγούμενοι.
1424 1842 1643 1909 ταύτῃτοι
1694 1843 1768 1892 καὶ
1816 1842 1841 1890 ὁ

262 1925 517 1980 θεσπέσιος
565 1929 759 1978 Παῦλος
804 1925 924 1976 (ςδιὰ
965 1924 1017 1976 τὸ
1065 1926 1286 1990 ὑπερέχον
1335 1927 1417 1987 τῆς
1463 1923 1716 1988 γνώσεως”
1760 1928 1842 1973 τοῦ

261 2012 478 2073 Χριστοῦ
504 2008 645 2072 ὀλίγα
671 2007 989 2075 πεφροντικὼς
1013 2011 1107 2057 τῶν
1134 2008 1180 2055 ἐν
1208 2005 1333 2074 νόμῳ
1354 2004 1643 2068 μαθημάτων
1664 2006 1841 2069 ὁρᾶται.

263 2089 337 2140 ὅτε
369 2088 524 2139 τοίνυν
549 2087 767 2154 Χριστὸν
801 2087 1113 2154 κηρύττουσιν
1147 2091 1188 2137 οἱ
1222 2089 1542 2152 μυσταγωγοῖ,
1572 2089 1647 2137 καὶ
1686 2090 1726 2137 οἱ
1761 2110 1838 2138 πι-

262 2170 506 2223 στεύοντες
533 2174 594 2223 εἷς
615 2169 740 2220 Θεὸν
765 2174 826 2223 εἷς
849 2170 973 2221 Θεὸν
992 2169 1074 2219 τὸν
1101 2169 1179 2219 ἕνα
1206 2171 1281 2219 καὶ
1307 2171 1496 2232 ἀληθῶς
1522 2170 1840 2229 πιστεύουσιν,

261 2257 361 2306 πῶς
401 2253 503 2319 οὐχὶ
528 2250 647 2305 Θεὸς
686 2252 711 2301 ὁ
746 2251 957 2318 Χριστὸς
996 2251 1049 2301 οὐ
1088 2250 1235 2312 νόθος,
1263 2251 1316 2300 οὐ
1351 2249 1670 2317 ψευδώνυμος,
1697 2250 1841 2314 ἤγουν

261 2332 512 2401 ἑτεροφυὴς
538 2332 667 2399 παρὰ
693 2333 775 2383 τὸν
804 2332 1008 2398 Πατέρα,
1034 2330 1214 2395 ἀληθὴς
1242 2331 1289 2382 δὲ
1321 2336 1510 2394 μᾶλλον
1536 2333 1596 2383 ὡς
1623 2331 1678 2398 ἐξ
1700 2331 1841 2381 αὐτοῦ

263 2413 382 2464 κατὰ
426 2413 612 2481 φύσιν;
676 2414 853 2481 ἀχλύος
898 2413 983 2477 μὲν
1027 2412 1120 2479 γὰρ
1173 2415 1338 2476 νοητῆς
1388 2414 1461 2462 καὶ
1511 2412 1841 2472 δαιμονιώδους

266 2496 447 2557 ἀπάτης
475 2497 498 2546 ὁ
524 2500 618 2546 τῶν
643 2495 965 2558 πλανωμένων
990 2496 1286 2557 μεμέστωται
1312 2499 1432 2554 νοῦς,
1459 2493 1568 2542 ἀλλ’
1597 2491 1837 2557 ἐπηγγέλ-

264 2584 374 2626 λετο
395 2576 515 2628 Θεὸς
540 2577 589 2626 ἐκ
616 2577 798 2630 σκότους
825 2576 935 2639 ἡμῖν
955 2574 1257 2643 ἀναλάμψειν
1281 2574 1334 2624 τὸ
1361 2574 1473 2642 φῶς·
1514 2574 1605 2641 ἔφη
1630 2572 1723 2640 γάρ
1748 2597 1840 2624 που

263 2657 338 2708 διὰ
377 2660 536 2725 φωνῆς
574 2656 784 2707 Ἠσαίου
824 2658 931 2707 “Ὀ
968 2656 1084 2710 λαὸς
1125 2658 1150 2706 ὁ
1192 2655 1449 2719 καθήμενος
1483 2657 1531 2706 ἐν
1574 2654 1733 2705 σκότει
1774 2656 1840 2706 ἴδε

263 2774 338 2809 θεὸς
357 2773 425 2818 (εἰς
443 2773 541 2817 cod.)
559 2774 599 2807 τὰ
618 2772 764 2816 νοὴματα
787 2775 852 2806 τῶν
869 2773 1042 2812 ἀπίστων;
1069 2773 1097 2805 εἰ
1114 2773 1179 2816 γὰρ
1198 2773 1325 2806 σκοπὸς
1348 2774 1394 2816 τῷ
1416 2775 1550 2818 πονηρῷ
1573 2775 1776 2817 προσκυνεῖν
1799 2775 1839 2816 τῇ

264 2821 371 2855 κτίσει
397 2821 487 2864 παρὰ
512 2822 569 2854 τὸν
586 2820 757 2858 κτίσαντα,
776 2820 807 2852 οἱ
825 2820 860 2852 δέ
878 2819 994 2853 πιστοὶ
1017 2821 1270 2862 προσκυνοῦσιν
1288 2819 1375 2864 αὐτῷ
1394 2819 1437 2853 ὡς
1454 2818 1560 2863 φύσει
1578 2819 1643 2864 θεῷ
1668 2820 1840 2863 ὁμοουσίῳ

263 2870 309 2913 τῷ
335 2868 447 2911 πατρί·
476 2867 539 2909 ἶῖρα
562 2866 599 2900 οὐ
618 2866 743 2909 κτίσμα
760 2867 777 2898 ὁ
796 2867 873 2900 υἱός·
906 2865 976 2899 ἐπεὶ
996 2866 1025 2898 οἶ
1043 2865 1159 2898 πιστοὶ
1176 2866 1308 2908 μᾶλλον
1327 2866 1364 2899 οὐ
1381 2865 1445 2909 μὴν
1462 2867 1493 2898 οἱ
1510 2865 1647 2899 ι’ίπιστοι
1666 2865 1838 2909 εὑρίσκον·

263 2928 316 2947 ται
335 2913 571 2949 σκότια-θέντες
589 2913 672 2956 πρὸς
689 2912 747 2954 τὴν
765 2912 924 2954 ἀληθινὴν
942 2915 1078 2955 γνῶσιν,
1110 2911 1155 2944 ll.
1449 2912 1479 2945 8.
1508 2911 1692 2955 legendum
1712 2918 1750 2945 ut
1768 2911 1837 2946 vid.

263 2959 413 3003 ἐνούσης.
631 2970 680 2993 12.
713 2958 790 2992 Hoc
810 2958 967 2992 scholion
988 2969 1055 2991 non
1075 2957 1212 2991 exhibet
1235 2957 1279 2990 H.

1864 616 1885 654 5

1867 1023 1914 1047 10

1865 1951 1913 1974 20
