2027 3257
109 218 281 260 [70M.]

168 1005 216 1039 71
236 1002 297 1039 M.

98 1665 180 1707 Eph.
194 1666 226 1699 ii.
240 1664 271 1700 6.

140 1752 206 1773 ver.
223 1752 253 1783 4,
274 1750 303 1782 5.

183 1909 252 1932 ver.
272 1900 301 1931 8.

189 1986 256 2009 ver.
270 1986 301 2018 9.

312 154 396 194 298
480 154 529 194 B.
563 151 808 194 CYRILLI
839 148 1185 192 ALEXANDR.
1220 147 1591 189 FRAGMENTA
1650 161 1718 187 xv.
1742 159 1780 201 3.
1803 159 1887 199 sqq.

313 262 390 311 λοὶ
415 259 508 326 γὰρ
529 260 637 310 λίαν
664 260 710 310 οἵ
730 282 779 310 τε
805 264 887 310 τοῦ
914 255 1116 309 θανάτου
1132 260 1349 322 Χριστοῦ
1376 258 1450 306 καὶ
1478 257 1559 318 τῆς
1581 251 1890 305 ἀναστάσεως

313 341 558 408 μάρτυρες·
613 339 724 392 εἶναι
766 339 934 391 λοιπὸν
973 339 1071 389 κατ’
1111 337 1274 388 οὐδένα
1308 335 1483 403 τρόπον
1523 336 1795 386 ἐνδοίαστον
1836 332 1890 383 τὸ

313 424 579 474 ἐκτεθνοῖναι
613 422 696 485 μὲν
723 422 835 487 ὑπὲρ
861 420 992 484 ἡμῶν
1019 418 1138 469 κατὰ
1169 418 1327 484 σάρκα
1353 416 1569 483 Χριστὸν
1602 417 1808 479 Ἰησοῦν,
1832 414 1887 464 ἵν’

314 504 453 572 ἐξέλῃ
480 509 561 554 τοῦ
594 502 777 566 κόσμου
803 501 887 566 τὴν
913 501 1162 565 ἁμαρτίαν·
1213 499 1457 565 ε’γηγέρθαι
1488 520 1537 549 τε
1567 498 1625 548 αὖ
1653 501 1892 548 πατοῦντα

314 586 396 636 τὸν
423 584 639 646 θάνατον,
665 585 740 635 ἵνα
766 585 842 634 καὶ
867 584 996 646 ἡμεῖς
1021 580 1074 632 τὸ
1101 583 1259 648 χρῆμα
1285 579 1590 646 κερδάνωμεν.
1631 577 1891 644 ἀναγκαίως
1912 591 1934 628 5

314 666 364 717 δὲ
390 670 451 720 εἰς
474 666 529 717 τὸ
551 665 704 732 παρὸν
729 666 782 716 οὐ
808 663 1021 715 τεθνάναι
1047 662 1204 726 μόνον,
1227 661 1358 712 ἀλλὰ
1383 663 1458 712 καὶ
1485 661 1715 728 τετάφθαι
1742 660 1893 726 φησὶν

315 748 472 798 αὐτόν·
527 745 837 809 πιστούμενος
871 744 964 811 γὰρ
990 743 1044 795 τὸ
1075 742 1290 794 τεθνάναι
1324 741 1443 793 κατὰ
1468 742 1691 805 ἀλήθειαν
1718 742 1742 791 ὁ
1767 741 1889 802 Ἐμ-

314 828 543 893 μανουὴλῇ
569 829 765 880 τέθειται
799 829 846 878 ἐν
881 826 1102 894 μνημείῳ·
1146 824 1275 888 πλὴν
1313 824 1499 885 ἀνεβίω,
1527 821 1736 887 καθάπερ
1776 820 1894 889 ε”φην

315 912 498 977 ἀρτίως·
540 910 616 960 διὰ
643 910 727 973 μὲν
753 915 834 960 τοῦ
859 908 1074 959 τεθνάναι
1101 908 1243 973 σαρκὶ
1277 909 1599 972 πληροφορῶν
1627 903 1695 954 ὅτι
1731 902 1895 968 γε’γονε

316 992 459 1061 σὰρξ,
500 993 648 1043 καίτοι
688 989 809 1044 Θεὸς
846 988 911 1040 ὧν
950 990 975 1039 ὁ
1015 987 1183 1054 Λόγος’
1235 986 1310 1038 διὰ
1349 987 1397 1038 δὲ
1438 992 1520 1037 τοῦ
1561 987 1774 1049 πατῆσαι
1813 981 1895 1034 τὸν

315 1073 533 1136 θάνατον,
567 1072 638 1124 ὅτι
677 1072 797 1126 Θεὸς
837 1070 956 1122 κατὰ
995 1070 1145 1139 φύσιν
1183 1070 1314 1120 ἐστὶν
1352 1070 1559 1134 ἐναργῶς
1599 1066 1892 1134 ἀποφαίνων.

314 1154 445 1219 πλὴν
471 1156 553 1206 οὐκ
579 1153 835 1220 ἀλλότριον
862 1151 1075 1218 ζωοποιεῖ
1097 1149 1208 1201 ναὸν
1235 1152 1260 1201 ὁ
1286 1151 1335 1200 ἐκ
1363 1154 1488 1200 Θεοῦ
1515 1146 1703 1214 Πατρὸς
1727 1146 1897 1211 Λόγος,

317 1235 422 1287 οὐδὲ
451 1235 505 1287 τό
531 1259 655 1289 τινος
682 1236 862 1297 ἁπλῶς,
890 1237 1033 1296 σῶμα
1060 1232 1107 1284 δὲ
1138 1236 1329 1295 μᾶλλον
1357 1229 1409 1281 τὸ
1436 1230 1551 1281 ἰ’διον
1580 1231 1735 1291 αὐτοῦ,
1763 1223 1816 1278 δι’
1844 1227 1898 1277 οῦ

316 1319 391 1369 καὶ
423 1317 538 1384 ὑπὲρ
563 1317 694 1380 ἡμῶν
719 1314 934 1367 τεθνάναι
968 1314 1170 1380 λέγεται,
1197 1313 1271 1364 ἵνα
1300 1311 1376 1363 καὶ
1402 1311 1455 1362 τὸ
1482 1315 1564 1375 τῆς
1590 1309 1898 1361 ἀναστάσεως

316 1397 497 1465 ἀγαθὸν
536 1398 650 1465 ὑπὲρ
676 1399 807 1462 ἡμῶν
846 1398 1037 1461 ἀληθῶς
1067 1395 1264 1461 γεγονὸς
1303 1395 1484 1462 εὑρεθῇ·
1538 1392 1626 1456 ὅλη
1665 1391 1758 1458 γὰρ
1788 1389 1898 1454 ἧνὴ

317 1480 569 1546 ἀνθρώπου
600 1480 746 1548 φύσις
784 1481 832 1530 ἐν
858 1479 984 1547 αὐτῷ
1007 1483 1228 1530 πατοῦσα
1253 1475 1336 1527 τὸν
1374 1475 1593 1527 θάνατον·
1646 1475 1767 1524 οὕτω
1807 1471 1899 1537 γὰρ

317 1563 442 1631 αὐτῷ
467 1562 770 1630 συνταφῆναί
793 1584 839 1612 τε
867 1562 942 1611 καὶ
969 1558 1310 1625 συνεγηγέρθαι
1337 1557 1588 1623 λεγόμεθα,
1609 1554 1900 1620 συγκαθίσαι

319 1667 369 1695 τε
408 1646 483 1695 καὶ
522 1651 549 1673 “
569 1645 617 1694 ἐν
655 1647 751 1697 τοῖς
789 1642 1120 1708 ἐπονρανίοις.”
1175 1642 1340 1691 οὐκοῦν
1377 1638 1611 1709 ἐγηγέρθαι
1651 1636 1735 1700 μέν
1776 1640 1900 1704 φησι

324 1724 447 1778 κατὰ
488 1724 572 1781 τέις
612 1724 820 1794 γραφὰς,
860 1722 1004 1792 ὦφθαι
1048 1722 1096 1773 δὲ
1136 1727 1231 1776 τοῖς
1275 1722 1424 1787 ἁγίοις
1467 1717 1770 1780 ἀποστόλοις,
1812 1715 1901 1766 ἀνὰ

321 1808 458 1874 με’ρος
492 1829 541 1858 τε
575 1808 702 1857 τισὶν
728 1809 790 1860 ὡς
826 1804 1176 1874 ἐξειλεγμένοις,
1202 1806 1278 1854 καὶ
1312 1801 1406 1866 μὴν
1432 1803 1507 1853 καὶ
1541 1799 1659 1851 κατὰ
1693 1798 1896 1862 πληθύν·

322 1888 439 1957 ὤφθη
467 1888 515 1939 δὲ
545 1893 681 1956 κάμοὶ
710 1890 889 1955 ὡσπερεὶ
917 1892 978 1956 τῷ
1005 1885 1252 1955 ἐκτρώματι
1278 1888 1372 1935 τῶν
1399 1880 1704 1935 ἀποστόλων.
1745 1903 1901 1945 μετρι-

321 1969 419 2036 ἀζει
459 1970 507 2021 δὲ
546 1968 754 2038 σφόδρα,
781 1967 936 2038 ὃιῶξαί
971 1991 1019 2019 τε
1059 1967 1126 2027 τὴν
1165 1967 1408 2027 ἐκκλησίαν
1447 1962 1742 2032 ἰσχυρίζεται,
1772 1961 1902 2024 πλὴν

318 2054 552 2117 ἠλεῆσθαι
593 2051 722 2117 παρὰ
768 2055 984 2115 Χριστοῦ
1023 2051 1099 2101 καὶ
1143 2051 1405 2112 κεκλῆσθαι
1449 2045 1567 2112 πρὸς
1603 2042 1898 2107 ἀποστολήν·

319 2137 561 2202 ἀποφῆναι
596 2134 642 2184 δὲ
670 2133 723 2184 τὸ
756 2133 879 2198 μέγα
905 2135 985 2196 τῆς
1011 2128 1321 2183 ἀναστάσεως
1355 2128 1636 2194 μυστήριον,
1667 2127 1769 2177 οὔτε
1806 2129 1901 2178 τοῖς

320 2218 529 2284 ἀρχαίοις
565 2216 713 2282 ἁγίοις
747 2214 1048 2280 ἠγνοημένον·
1091 2212 1362 2279 προείρηται
1388 2209 1496 2277 γάρ·
1552 2210 1653 2260 οὔτε
1688 2207 1782 2272 μὴν
1807 2211 1900 2261 τοῖς

371 2396 403 2419 2.
432 2384 505 2418 Ine.
533 2383 889 2428 Προκεχρῃσμώδηται
914 2382 980 2427 γὰρ
1006 2383 1023 2415 ὁ
1049 2382 1199 2425 Χριστοῦ
1227 2379 1368 2414 θάνατος
1393 2378 1446 2413 διά
1473 2392 1508 2412 τε
1536 2379 1595 2411 τοῦ
1623 2377 1726 2420 νόμου
1755 2375 1808 2409 καὶ
1836 2377 1903 2408 τῶν

322 2433 508 2475 προφητῶν
526 2431 578 2463 καὶ
602 2430 655 2463 διὰ
678 2433 743 2463 τῶν
768 2430 995 2474 εὐαγγελικῶν
1013 2428 1065 2461 καὶ
1082 2427 1320 2461 ἀποστολικῶν
1337 2424 1590 2466 θεσπισμάτων.
1620 2423 1739 2457 οὐκοῦν
1755 2421 1902 2455 ἀνενδοί-

322 2492 429 2512 αστον
446 2477 497 2511 ὅτι
514 2476 676 2510 ἀπέθανεν
692 2475 776 2519 ὑπὲρ
798 2475 846 2509 H.
996 2485 1029 2518 3.
1055 2473 1202 2518 Χριστὸς
1219 2471 1271 2506 ἵνα
1288 2471 1444 2515 ἐξέληται
1464 2470 1512 2504 Η.
1664 2481 1697 2511 4.
1722 2468 1902 2513 ἐγηγέρθαι

322 2538 358 2557 τε
377 2522 418 2557 αὖ
434 2522 619 2567 πατοῦντα]
640 2522 693 2555 καὶ
710 2521 835 2565 ἠγέρθη
853 2519 1007 2563 πατήσας
1028 2520 1074 2553 Η.
1346 2527 1380 2563 5.
1406 2514 1629 2560 κερδάνωμεν]
1651 2515 1762 2559 pergit
1779 2514 1901 2548 abbre-

323 2570 421 2604 vians
449 2569 502 2602 διὰ
527 2567 586 2602 οὖν
602 2571 662 2602 τοῦ
684 2568 837 2602 τεθνάναι
856 2567 957 2610 σαρκὶ
980 2568 1160 2600 πιστοῦται
1179 2564 1230 2598 ὅτι
1246 2564 1365 2609 γέγονε
1380 2565 1469 2606 σὰρξ
1486 2562 1592 2596 καίτοι
1611 2563 1695 2596 Θεὸς
1712 2562 1757 2594 ὣν
1773 2560 1903 2604 ἀπαθὴς

322 2617 376 2649 καὶ
393 2616 448 2649 διὰ
465 2617 525 2649 τοῦ
542 2615 756 2657 ἀνεστηκέναι
775 2614 819 2648 ὡς
837 2614 921 2647 Θεὸς
945 2613 990 2646 ὢν
1006 2611 1124 2655 φύσει.
1159 2612 1203 2646 ὡς
1226 2612 1291 2656 γὰρ
1309 2610 1517 2654 ἀνθρώπινον
1534 2610 1573 2642 τὸ
1592 2608 1721 2648 παθεῖν,
1740 2607 1826 2641 οὕτω
1848 2607 1902 2640 καὶ

322 2662 433 2696 θεικὸν
449 2663 509 2695 τοῦ
533 2660 587 2704 [τὸ
600 2660 629 2705 ?]
649 2662 781 2702 νικῆσαι
803 2659 954 2693 θάνατον·
982 2657 1068 2692 οὕτω
1088 2658 1162 2699 (16)
1184 2657 1231 2691 H.
1446 2666 1498 2689 ΙΙ.
1524 2655 1666 2699 χριστὸς
1683 2665 1746 2698 pro
1765 2654 1839 2688 θεὸς
1857 2653 1900 2687 Α.

327 2717 378 2753 17.
407 2707 638 2751 συντετάφθαι
668 2706 715 2740 H.
768 2705 892 2739 Statim
920 2719 955 2738 τε
983 2716 1052 2738 om.
1082 2704 1130 2738 H.
1205 2702 1410 2748 συγκαθίσαι
1439 2701 1491 2746 τε]
1522 2701 1758 2745 συγκαθῆσθαι
1786 2700 1821 2733 δὲ
1852 2700 1900 2733 H.

327 2756 379 2788 18.
406 2757 452 2799 τῷ
476 2754 604 2797 οὐρανῷ
632 2764 694 2797 pro
711 2754 782 2787 τοῖς
799 2751 1007 2795 ἐπουρανίοις
1025 2751 1186 2784 desinens
1208 2749 1254 2783 H.
1317 2749 1448 2782 Iterum
1474 2749 1540 2781 inc.
1564 2748 1692 2781 Οὐκοῦν
1710 2745 1900 2792 ἐγήγερται,

324 2800 422 2845 ὤφθη
442 2801 476 2834 δέ
495 2801 564 2834 τοῖς
585 2800 631 2833 H.
925 2808 979 2831 20.
1004 2797 1039 2830 δὲ
1057 2796 1191 2840 τίθησιν
1210 2806 1271 2840 pro
1288 2810 1323 2829 τε
1341 2810 1431 2829 τισιν
1451 2794 1530 2838 (sic)
1554 2794 1600 2828 H.
1666 2792 1901 2838 ἐξηλεγμένοις

326 2847 398 2881 des.
420 2847 466 2883 H.
538 2846 591 2879 καὶ
608 2846 665 2879 alt.
683 2850 905 2890 assumptum
922 2856 963 2878 ex
982 2844 1025 2877 A.
1294 2852 1349 2876 21.
1378 2841 1508 2876 lterum
1527 2841 1594 2875 inc.
1615 2840 1792 2883 Μετριάζει
1810 2840 1901 2883 σφό-

324 2894 421 2935 δρως,
440 2892 559 2937 ἐδίωξέ
577 2907 611 2925 τε
632 2892 710 2935 (sic)
735 2891 780 2925 H.
1007 2900 1062 2923 22.
1089 2888 1333 2934 διισχυρίζεται
1354 2887 1401 2921 H.
1626 2897 1680 2931 23.
1705 2883 1902 2928 ἀποστολήν

326 2940 397 2973 des.
419 2939 465 2972 H.

1919 1001 1967 1026 10

1922 1821 1971 1845 20
