1981 3267
40 537 205 570 S.Matth.

39 583 130 613 xxvi.
148 590 200 622 55.

265 96 322 135 24
671 100 722 141 Β.
755 100 1035 142 CYRILLI
1077 102 1460 144 ALEXANDR.
1654 98 1772 139 xviii.
1794 109 1857 137 10.

266 206 561 270 ὡπλισμένοι
601 214 677 259 καὶ
717 210 895 278 ξύλοις,
923 213 996 262 καὶ
1025 210 1192 266 ὅπλοις
1222 209 1575 278 ἐνηρμοσμένοι,
1600 211 1674 261 καὶ
1701 229 1857 259 συνει-

265 289 484 353 λεγμένοι
521 290 641 341 κατὰ
674 291 878 356 πληθὺν,
905 290 934 356 ἢ
970 293 1160 347 πάντως
1199 296 1348 345 ἐκεῖνα
1382 293 1441 344 τὰ
1476 293 1532 344 δι’
1561 291 1626 343 ὧν
1658 290 1715 356 ἧν
1742 288 1860 341 εἰκὸς

263 372 367 436 περὶ
406 375 501 422 τῶν
528 373 746 440 ἐσχάτων
778 378 1074 426 κινδυνεῦσαι
1112 375 1220 430 τοὺς
1257 375 1500 440 μαθητάςς
1548 375 1620 426 ὅτι
1658 372 1752 439 γὰρ
1783 373 1859 423 καὶ

266 451 393 520 ξύλα
429 455 505 504 καὶ
540 455 777 522 μαχαίρας
812 457 1150 523 ἐπεκομίζοντο,
1178 457 1334 525 σαφὲς
1371 459 1479 521 ἡμῖν
1513 456 1807 519 κατέστησεν
1833 455 1858 504 ὁ

267 534 451 601 Σωτὴρ,
478 535 670 603 ἑτέρωθί
701 560 793 589 που
819 537 939 604 πρὸς
974 539 1141 593 αὐτοὺς
1167 540 1360 605 εἰρηκώς
1399 547 1425 568 “
1451 539 1536 593 Ὠς
1564 541 1638 590 ἐπὶ
1671 535 1859 605 λῃστὴν

265 623 292 645 “
318 616 541 685 ἐξήλθετε
580 619 699 682 μετὰ
734 625 980 688 μαχαιρῶν
1005 623 1080 671 καὶ
1116 622 1277 690 ξύλων
1303 626 1575 682 συλλαβεῖν
1611 642 1703 684 με,
1748 619 1855 669 καθ’

218 705 246 746 d
265 704 293 727 “
319 698 495 765 ἡμέραν
520 701 568 750 ἐν
595 705 661 770 τῷ
689 705 795 771 ἱερῷ
829 702 1110 769 ἐκαθεζόμην
1150 702 1388 754 διδάσκων
1427 705 1502 754 καὶ
1541 704 1624 754 οὐκ
1656 700 1854 768 ἐκρατή-

264 787 292 809 “
317 780 444 831 σατε’
469 783 569 846 με.”
619 783 809 847 νομικὸν
834 785 915 835 οῦν
942 785 1033 852 ἄρα
1058 791 1140 836 τοῦ
1170 785 1355 853 Πέτρου
1381 785 1435 836 τὸ
1463 787 1635 850 κίνημα
1662 786 1737 836 καὶ
1762 788 1857 836 τοῖς

263 863 473 930 ἀρχαίοις
509 866 592 916 οὐκ
628 867 810 935 ἀπᾷδον
843 871 1052 931 θεσμοῖς·
1103 868 1128 918 ὁ
1164 867 1212 919 δὲ
1242 867 1416 934 Κύριος
1454 868 1584 932 ἡμῶν
1609 869 1797 932 Ἰησοῦς
1832 867 1857 916 ὁ

262 944 477 1010 Χριστὸς
511 947 698 1014 ἐπείπερ
733 950 906 1018 ἀφῖκτο
945 948 1004 1000 τὰ
1040 949 1155 1016 ὑπὲρ
1196 949 1340 1014 νόμον
1367 949 1754 1015 εἰσηγησάμενος,
1782 949 1857 999 καὶ

262 1028 630 1095 ἀναμορφώσων
674 1030 796 1094 ἡμᾶς
840 1035 902 1085 εἰς
947 1031 1212 1098 ἡμερότητα
1257 1032 1343 1096 τὴν
1387 1033 1494 1084 καθ’
1539 1031 1716 1095 ἑαυτὸν,
1761 1036 1857 1085 τοῖς

261 1109 381 1160 κατὰ
422 1110 566 1173 νόμον
602 1114 791 1182 ἐπιτιμᾷ
830 1112 1098 1178 κινήμασιν,
1126 1117 1188 1169 ὡς
1230 1116 1312 1166 οὐκ
1353 1116 1514 1183 ε”χουσι
1556 1116 1735 1166 τελείαν
1772 1120 1857 1165 τοῦ

262 1191 381 1242 κατὰ
414 1193 641 1258 ἀλήθειαν
666 1197 849 1261 ἀγαθοῦ
875 1196 962 1261 τὴν
988 1196 1303 1263 κατόρθωσιν.
1354 1199 1407 1248 οὐ
1444 1197 1536 1263 γὰρ
1563 1198 1610 1248 ἐν
1635 1202 1735 1257 ταῖς
1761 1201 1856 1248 τῶν

261 1272 381 1324 ἰ’σων
419 1276 778 1343 ἀντεπαγωγαῖς
816 1277 870 1329 τὸ
909 1279 1098 1332 τελείως
1137 1281 1267 1330 ἐστὶν
1308 1280 1504 1345 ἀγαθὸν,
1545 1278 1856 1347 ἀνεξικακιάις

261 1355 309 1406 δὲ
335 1360 528 1419 μᾶλλον
553 1363 654 1412 ταῖς
681 1359 906 1411 ἀνωτάτω
933 1363 1240 1431 διαφαίνεται.

336 1438 629 1492 Ἐνδοιάσειε
668 1442 726 1493 δέ’
755 1465 826 1497 τις
869 1445 944 1494 καὶ
982 1443 1100 1507 μετὰ
1141 1450 1289 1495 ταῦτα
1326 1442 1483 1512 τυχὸν,
1527 1445 1620 1510 ἐρεῖ
1661 1443 1709 1495 δὲ
1747 1445 1853 1494 καθ’

261 1521 426 1572 ἑαυτόν
460 1520 580 1574 Εἶτα
612 1523 758 1576 πόθεν
797 1528 864 1594 τῷ
900 1525 1070 1595 Πέτρῳ
1107 1525 1350 1594 μάχαιρα;
1399 1529 1590 1593 ἐροῦμεν
1614 1525 1663 1577 δὲ
1694 1527 1856 1590 πάλιν,

261 1603 332 1654 ὅτι
365 1603 583 1667 μάλιστα
620 1607 705 1669 μὲν
731 1606 785 1658 τὸ
821 1608 1086 1671 ἀμύνεσθαι
1114 1613 1207 1660 δεῖν
1234 1607 1353 1660 κατὰ
1381 1608 1524 1672 νόμον
1552 1609 1659 1663 τοῦς
1685 1609 1857 1660 ἀδικεῖν

261 1686 520 1754 ᾑρημένους
555 1688 852 1754 εἶσκεκόμικέ
878 1713 978 1743 πως
1011 1695 1087 1742 καὶ
1122 1691 1209 1755 τὴν
1234 1697 1318 1743 τοῦ
1353 1690 1553 1758 σιδήρου
1588 1692 1762 1759 χρείαν.
1813 1692 1861 1742 τί

261 1768 355 1836 γὰρ
382 1773 419 1820 εἰ
455 1771 637 1840 σιδήρῳ
672 1795 741 1826 τις
774 1771 999 1837 πλήττειν
1025 1773 1164 1837 ἤθελε
1203 1773 1310 1827 τοῦς
1349 1773 1482 1824 οὐδὲν
1524 1773 1855 1838 ἀδικήσαντας,

260 1855 362 1906 πῶς
393 1852 451 1903 ἂν
477 1857 572 1904 τῶν
597 1854 717 1904 ’ίσων
743 1853 890 1918 ἦλθεν
913 1859 974 1908 εἷς
1008 1860 1175 1921 πεῖραν
1198 1878 1209 1916 ;
1255 1854 1386 1919 πλὴν
1412 1855 1544 1919 εἰκὸς,
1573 1854 1652 1906 ἅτε
1689 1855 1746 1920 δὴ
1781 1858 1857 1907 καὶ

40 1934 339 1985 1018Α.αδιά
379 1935 530 2000 με’σης
570 1936 734 1991 νυκτὸς
767 1941 862 1988 τῶν
895 1937 1241 2001 καταλυμάτων
1268 1938 1513 1992 ἐκθεόντας
1550 1937 1658 1992 τοὺς
1697 1939 1857 2004 ἁγίους

262 2017 580 2082 ἀποστόλους,
609 2020 743 2073 ὕλαις
778 2043 826 2070 τε
851 2021 927 2071 καὶ
961 2019 1127 2085 κήποις
1155 2022 1381 2085 ἐμβαλεῖν
1408 2019 1854 2088 προσδοκήσαντας,

261 2101 336 2150 καὶ
371 2101 546 2167 θηρίων
572 2102 749 2168 ἀγρίων
775 2102 947 2172 ἔφοδον
979 2102 1350 2164 ὑποβλέπεσθαι·
1410 2103 1584 2169 θηρίων
1622 2102 1669 2154 δὲ
1702 2101 1761 2166 ἧν
1787 2102 1857 2153 ὅτι

259 2181 477 2246 μάλιστα
515 2184 694 2253 τροφὸς
733 2189 827 2236 τῶν
853 2185 1093 2236 Ἰουδαίων
1124 2186 1152 2249 ἡ
1186 2186 1332 2253 χώρα.
1385 2185 1499 2237 ὅταν
1538 2184 1587 2236 δὲ
1625 2187 1701 2236 καὶ
1737 2184 1857 2251 πρὸς

261 2270 399 2316 τοῦτο
431 2266 574 2335 λε’γῃς
602 2264 722 2318 Εἶτα
759 2267 809 2318 τί
842 2269 1078 2335 μαχαίρας
1106 2268 1194 2319 ἔδει
1228 2273 1323 2322 τοῖς
1355 2271 1620 2332 μαθηταῖς,
1671 2269 1724 2319 οὐ
1762 2267 1857 2335 γὰρ

262 2346 319 2398 ἂν
353 2348 606 2417 ἐξήρκεσεν
645 2349 994 2401 κινδυνεύουσιν
1033 2351 1058 2400 ὁ
1098 2350 1328 2417 Χριστὸς,
1356 2350 1482 2401 ὥστε
1521 2350 1741 2414 δηλονότι
1781 2353 1857 2401 καὶ

262 2432 409 2497 θῆρας
449 2431 727 2494 ἀποσοβεῖν,
755 2433 830 2482 καὶ
867 2430 950 2482 τὸν
975 2432 1183 2483 ἐντεῦθεν
1210 2434 1365 2487 αὐτοῖς
1403 2432 1629 2501 ἐξελάσαι
1666 2431 1854 2502 φόβον;

264 2515 337 2564 ναὶ
372 2512 429 2577 δὴ
469 2515 545 2564 καὶ
580 2519 733 2576 τοῦτο,
775 2513 945 2582 φαμὲν,
981 2514 1156 2580 ἄριστά
1193 2537 1262 2569 τις
1299 2517 1401 2581 ε’ρεῖ,
1442 2514 1637 2569 δυνατὸς
1669 2514 1763 2582 γάρ
1795 2519 1857 2568 εἷς

263 2593 452 2647 ἅπαντα
478 2596 707 2662 Χριστός·
754 2595 885 2660 πλὴν
911 2597 1185 2663 εὑρήσομεν,
1212 2596 1282 2648 ὅτι
1317 2600 1393 2647 καὶ
1426 2598 1558 2663 ἕτερα
1597 2601 1855 2661 κατορθοῦν

220 2685 246 2727 b
266 2677 514 2746 ἰσχύοντος
547 2683 631 2729 τοῦ
657 2682 888 2744 Χριστοῦ,
913 2682 1013 2731 ταῖς
1045 2679 1150 2729 καθ’
1179 2678 1300 2742 ἡμᾶς
1332 2679 1598 2743 συνηθείαις
1629 2677 1786 2744 διέζων
1813 2682 1855 2729 οἱ

312 2874 342 2898 1.
369 2863 633 2908 ἐνηρμοσμένοις
650 2863 691 2898 Ε.
877 2875 930 2906 14.
956 2863 1099 2909 ἀγαθὸν]
1125 2867 1161 2904 -1-
1183 2863 1219 2898 ἐν
1238 2862 1331 2898 Catt.
1526 2864 1580 2898 16.
1606 2863 1791 2898 ἐνδοιάσειε
1810 2863 1852 2898 Ε.

260 2910 429 2945 ἐνδοιάσει
448 2910 516 2945 Ed.
737 2919 792 2955 27.
820 2910 1071 2945 κινδυνεύουσιν
1089 2916 1311 2955 assumptum
1331 2922 1372 2944 ex
1391 2911 1433 2955 ἓξ

1881 556 1903 594 5

1881 967 1929 992 10

1878 1799 1927 1824 20

1875 2625 1925 2662 30
