2012 3272
587 749 881 812 INDEX
937 746 1274 809 RERUM.

137 1113 279 1146 Numeri
296 1112 416 1153 quibus
431 1111 601 1152 praecedit
618 1110 714 1140 litera
732 1108 771 1139 M
787 1108 830 1139 ad
845 1109 1034 1148 fragmenta
1050 1107 1189 1137 Maiana
1205 1110 1368 1148 spectant,
1385 1106 1409 1137 ii
1425 1106 1544 1146 qujbus
1566 1105 1735 1146 praecedit

229 1169 274 1205 iii,
294 1167 337 1198 ad
352 1167 507 1197 volumen
524 1166 671 1202 tertium,
690 1164 808 1204 reliqui
825 1164 866 1194 ad
883 1162 1119 1193 commentaria
1136 1162 1170 1192 in
1186 1162 1229 1192 D.
1246 1161 1271 1192 J
1273 1162 1388 1192 oannis
1405 1161 1636 1202 Evangelium.

1025 1310 1275 1358 corruptionis
1306 1309 1486 1345 haeredes
1519 1309 1652 1345 fiamus
1681 1309 1734 1344 iii.

1027 1377 1103 1412 560
1134 1375 1205 1411 eibi
1226 1375 1399 1423 cupidine
1419 1375 1538 1410 victus
1560 1374 1602 1410 M
1625 1377 1687 1411 79.

137 1442 368 1477 ABILENAx-:l
424 1439 599 1476 monachi
652 1439 801 1487 quidam
855 1437 900 1473 de
934 1436 937 1480 ξ
971 1441 1133 1476 Adamas
1155 1440 1296 1476 Christi
1314 1446 1427 1488 typus
1448 1442 1524 1476 435
1541 1452 1572 1475 e.

192 1506 473 1555 quaestionibus
522 1504 748 1553 dogmaticis
803 1504 901 1539 inter
933 1498 937 1551 1
970 1506 1153 1541 Adoratio
1181 1505 1321 1540 servitii
1341 1505 1387 1540 ad
1408 1504 1533 1540 Deum
1553 1504 1735 1540 reddendi

502 1354 537 1389 A
933 1305 937 1405 ἱ

192 1585 232 1608 se
258 1571 523 1608 conflictabant
546 1570 594 1607 iii.
617 1572 706 1606 547,
933 1582 937 1644 Ι
1024 1570 1171 1606 initium
1197 1572 1270 1606 190
1293 1583 1324 1606 a.

137 1637 331 1673 Abraham
362 1636 463 1672 Laus
504 1638 580 1672 548
602 1648 634 1676 e,
671 1637 747 1671 549
768 1646 790 1670 a
827 1633 900 1669 Dei
969 1635 1158 1671 Adoratur
1173 1635 1211 1670 in
1227 1647 1337 1670 carne
1353 1641 1390 1670 et
1404 1646 1487 1670 cum
1505 1647 1615 1670 carne
1631 1634 1735 1670 Deus

192 1702 388 1738 consilium
430 1701 536 1737 novit
575 1701 652 1737 890
673 1700 696 1735 b
744 1698 900 1735 historia
1023 1700 1190 1737 Verbum
1214 1702 1263 1736 95
1286 1712 1317 1736 e.

192 1767 241 1802 ad
261 1779 330 1802 nos
351 1766 537 1814 applicata
557 1767 648 1806 890,
667 1767 758 1801 891.
970 1766 1149 1814 Aegyptii
1209 1765 1384 1800 monachi
1441 1764 1733 1800 Abilenaeorum

136 1832 372 1869 Abscondita
418 1844 495 1867 non
543 1830 811 1879 perscrutanda
848 1829 897 1864 iii.
1026 1843 1150 1866 errore
1170 1829 1324 1866 abducti
1343 1830 1394 1865 iii.
1418 1832 1509 1866 547.

193 1899 282 1933 441.
970 1895 1174 1944 “Aegypti
1212 1894 1493 1942 opprobrium”
1533 1894 1622 1942 quid
1656 1896 1734 1930 437·

137 1961 364 1997 Accedimus
393 1961 440 1997 ad
469 1960 594 1997 Deum
624 1973 690 2008 per
719 1960 897 1996 sanctita·
1024 1973 1044 1996 a
1062 1973 1094 1996 c.

190 2032 269 2062 tem
289 2027 387 2062 vitae
416 2032 453 2062 et
482 2027 595 2062 fidem
620 2039 686 2074 per
706 2026 899 2062 Christum
970 2026 1147 2074 Aegypto
1167 2038 1295 2061 eorum
1325 2037 1418 2073 quae
1447 2024 1496 2065 in,
1519 2024 1618 2060 facta
1647 2030 1734 2060 sunt

193 2093 270 2128 769
291 2104 325 2127 a.
934 2107 938 2155 ἱ
1024 2090 1241 2126 recordatus
1268 2097 1324 2126 est
1350 2097 1529 2137 tanquam
1549 2089 1648 2126 facta
1668 2102 1734 2125 sua

137 2157 328 2192 Accentus
347 2162 478 2192 acutus
501 2159 575 2192 511
595 2169 628 2191 a.
934 2158 937 2187 ἒ
1025 2155 1197 2191 Christus
1219 2158 1294 2191 535
1312 2167 1344 2195 e,
1371 2156 1446 2191 536
1464 2167 1498 2190 a.

136 2220 899 2269 AchaablonganimisDeus595.596ab.
970 2218 1145 2255 Aeneum
1164 2233 1230 2256 vas
1251 2222 1327 2255 878
1350 2219 1384 2255 d.

136 2286 262 2323 Adam
282 2285 434 2321 ultimus
451 2285 624 2322 Christus
644 2285 784 2321 idcirco
803 2298 898 2321 nun·
933 2251 938 2348 ξ
970 2286 1159 2321 Aeternus
1179 2285 1310 2327 Filius,
1331 2285 1415 2332 quia
1436 2284 1618 2332 principio
1641 2283 1734 2319 nihi}

191 2356 363 2398 cupatus.
399 2350 485 2398 quia
515 2363 646 2386 omnes
680 2362 750 2386 nos
784 2350 822 2386 in
861 2363 900 2386 se
1024 2350 1211 2398 antiquior
1244 2353 1291 2387 10
1313 2363 1346 2391 e,
1382 2353 1426 2386 11
1473 2350 1560 2397 quia
1589 2349 1732 2386 seculo-

193 2428 341 2451 eramus
362 2417 412 2452 96
434 2415 469 2455 d,
496 2418 570 2451 114
590 2415 697 2451 bed.
1024 2428 1107 2451 rum
1137 2422 1283 2451 creator
1306 2418 1349 2451 11
1375 2415 1411 2458 d,
1444 2417 1489 2451 12
1512 2427 1546 2450 a.

137 2480 260 2516 Adam
273 2480 427 2516 ultimus
443 2483 518 2517 123
533 2493 564 2520 c,
584 2483 661 2516 473
683 2493 702 2515 c
716 2480 751 2520 d,
774 2482 851 2516 854
866 2493 898 2521 a,
968 2481 1103 2528 Agnus
1124 2480 1352 2516 sacrificatus
1369 2479 1543 2515 Christus
1563 2492 1631 2527 pro
1651 2491 1731 2515 om-

192 2547 269 2581 945
291 2557 324 2585 c,
378 2547 452 2582 991
476 2545 512 2586 b,
563 2547 641 2581 994
662 2545 698 2585 d,
752 2547 852 2581 1045
868 2558 899 2586 a,
1023 2545 1133 2581 nibus
1153 2545 1263 2581 Unus
1283 2547 1356 2581 114
1378 2545 1402 2581 b
1418 2558 1438 2580 c
1455 2545 1479 2580 d
1501 2544 1623 2580 unitas
1643 2556 1733 2591 quo-

195 2611 296 2646 1076
311 2610 346 2651 d,
368 2609 410 2645 M
427 2612 463 2655 6,
482 2613 515 2654 7,
534 2612 570 2651 8,
592 2612 652 2652 79,
671 2612 734 2650 80,
756 2610 804 2646 iii.
822 2612 898 2646 560
1024 2610 1135 2646 modo
1165 2611 1376 2658 significata
1402 2611 1502 2646 1063
1524 2622 1543 2645 c
1558 2610 1592 2652 d,
1614 2609 1661 2645 cf.
1681 2609 1730 2644 iii.

189 2687 277 2710 cum
295 2674 417 2722 primo
436 2674 628 2710 confertus
648 2675 690 2710 M
715 2677 776 2711 79.
1023 2676 1112 2711 595.

136 2739 274 2780 Adam,
297 2739 479 2787 sapientia
506 2739 674 2787 perfecta
695 2740 898 2788 praeditus,
969 2743 1122 2788 Agnum
1152 2740 1373 2781 sacrificant,
1403 2740 1599 2775 veritatem
1629 2737 1730 2773 labe-

190 2803 461 2840 illuminatione
498 2804 638 2840 illibata
674 2807 722 2840 75
743 2805 768 2840 b
806 2818 897 2853 quo·
1022 2805 1163 2841 factant
1183 2804 1321 2841 Judaei
1345 2807 1446 2841 1033
1466 2804 1502 2840 b.

192 2868 307 2904 modo
325 2880 393 2916 per
407 2868 488 2915 ejus
507 2874 702 2915 peecatum
722 2882 792 2905 nos
811 2882 898 2917 pec·
968 2870 1169 2918 Agricolae
1196 2882 1293 2911 moe,
1323 2876 1436 2917 typus
1469 2867 1592 2904 cordis
1622 2879 1728 2914 prae-

194 2938 340 2969 catores
369 2933 501 2968 fiamus
531 2932 574 2968 M
599 2936 635 2977 9,
665 2933 712 2969 ef.
741 2934 792 2969 iii.
823 2936 898 2970 563
1023 2934 1177 2982 parandi
1200 2935 1274 2970 392
1298 2933 1336 2970 d.
