2001 3257
274 107 356 147 112
672 109 722 150 Β.
756 110 1032 153 CYRILLI
1074 114 1462 160 ALEXANDR.
1609 137 1678 164 xx.
1705 136 1856 179 11-13.

233 210 254 236 e

206 251 349 294 12‘Qc
392 250 466 294 οὖν
508 253 670 307 ἔκλαιε,
712 257 962 313 Παρέκυψεν
1010 257 1071 301 eie
1116 260 1165 303 τὸ
1208 260 1429 316 μνΗμεῖον,
1471 266 1541 307 καὶ
1583 266 1738 325 Θεωρεῖ
1782 268 1858 311 δύο

337 337 542 385 ἀΓΓέλουο
578 339 625 380 ἐν
663 337 833 381 λευκοῖο
872 342 1192 399 καθεζομένους,
1229 345 1305 387 ἕνα
1343 347 1451 404 Πρὸς
1488 353 1539 405 τῷ
1580 356 1748 410 κεφαλῇ
1789 352 1859 394 καὶ

206 427 252 464 13
336 420 411 461 ἕνα
448 421 557 477 Πρὸς
593 419 682 463 τοῖς
719 423 856 474 now,
894 424 1002 465 ὅπου
1039 425 1181 467 ἔκειτο
1217 427 1266 469 τὸ
1305 428 1428 478 σῶμα
1466 434 1540 472 τοῦ
1573 432 1731 478 mmo.
1789 434 1858 475 καὶ

337 503 532 551 λέ-Γουσιν
570 505 678 563 αὐτῷ
717 503 875 547 ἐκεῖνοι
904 505 1041 559 Γύναι,
1078 508 1117 550 τί
1155 509 1343 564 κλαίεις,

334 615 505 684 ’Άθρει
530 618 586 683 δὴ
613 619 772 682 ποίλιν,
798 622 860 675 ὡς
886 622 968 673 οὐκ
995 624 1162 686 ἀμισθὶ
1189 623 1242 675 τὸ
1269 626 1344 677 ἐπὶ
1364 629 1565 697 Χριστῷ
1592 634 1858 697 καταχεῖται
1879 644 1901 682 5

269 697 484 766 δάκρυον,
511 702 622 751 ἀλλ’
652 701 757 752 οὐδὲ
789 705 872 766 τῆς
911 707 973 758 εἷς
1012 705 1154 756 αὑτὸν
1180 706 1369 772 ἀγάπης
1400 709 1586 777 μακρὰν
1613 711 1637 761 ὁ
1664 712 1858 778 καρπὸς,

268 782 436 847 γείτων
467 782 515 833 δὲ
552 781 716 849 ὥσπερ
741 786 817 835 καὶ
849 786 1195 853 παρεζευγμένη
1222 794 1317 842 τοῖς
1342 789 1502 845 πόνοις
1527 792 1694 861 ἕψεται
1725 794 1859 861 χάρις

270 865 346 914 καὶ
383 866 596 916 πλουσία
638 866 826 920 πάντως
856 868 1111 923 ἀντίδοσις.
1167 869 1266 921 ἰδοῦ
1299 871 1392 938 γὰρ
1432 872 1531 924 ἰδοῦ
1565 878 1855 942 προσεδρευ-

47 957 156 993 1081
169 944 392 1014 Α.αου’σῃ
418 950 475 1014 τῇ
504 947 722 1014 Μαριὰμ,
742 951 817 1000 καὶ
842 948 975 1020 πόθῳ
1002 950 1086 1014 μὲν
1110 953 1319 1023 φιλοθέῳ
1346 955 1556 1024 τηκούσῃ
1583 955 1636 1007 τὸ
1663 958 1858 1024 σπλάγ-

268 1050 397 1095 χνον,
438 1028 638 1094 γνήσιον
675 1030 723 1081 δὲ
768 1035 834 1101 τῷ
872 1031 1103 1101 Δεσπότῃ
1146 1034 1359 1104 τηρούσῃ
1405 1035 1458 1087 τὸ
1503 1036 1738 1105 φρόνημα,
1782 1039 1857 1091 διὰ
1881 1059 1928 1084 10

269 1112 431 1177 φωνῆς
465 1112 611 1177 ἁγίων
637 1111 860 1179 ἀγγέλων
886 1119 968 1165 τοῦ
1001 1116 1106 1165 καθ’
1134 1115 1299 1167 ἑαυτὸν
1324 1120 1588 1185 μυστηρίου
1614 1120 1699 1186 τὴν
1727 1127 1851 1187 γνῶ-

267 1214 350 1242 σιν
382 1193 406 1242 ὁ
432 1193 601 1260 Σωτὴρ
632 1194 882 1261 ἐχαρίζετο.
936 1198 1098 1248 ἐθεᾶτο
1133 1197 1226 1264 γὰρ
1263 1199 1500 1264 ἀγγέλους
1535 1204 1582 1252 ἐν
1615 1203 1856 1268 ἐσθήμασι

267 1279 518 1340 λαμπροῖς,
560 1279 644 1339 τῆς
693 1278 949 1342 ἀγγελικῆς
1001 1278 1321 1346 καθαρότητος
1366 1281 1420 1332 τὸ
1461 1286 1857 1350 εἰλικρινέστατον

267 1354 448 1410 κάλλος
487 1360 570 1421 τῆς
608 1362 703 1409 τῶν
743 1359 938 1423 ἱματίων
978 1360 1308 1426 σημαινούσης
1346 1368 1649 1430 περιστολῆς,
1695 1366 1739 1418 οἳ
1780 1371 1855 1420 καὶ

266 1444 351 1489 τοῦ
393 1443 579 1505 θρηνεῖν
626 1440 948 1495 ἀποπαύοντες
999 1443 1199 1509 λέγουσι
1253 1444 1380 1496 Γύναι
1435 1449 1481 1497 τί
1534 1454 1744 1510 unciam
1801 1451 1856 1501 οὐ
1878 1466 1925 1506 15

268 1519 362 1587 γὰρ
400 1521 551 1585 δήπου
585 1522 671 1586 τὴν
707 1524 858 1574 αἰτίαν
883 1527 966 1587 τῆς
1000 1529 1094 1576 τῶν
1120 1526 1333 1592 δακρύων
1368 1532 1640 1594 καταβολῆς
1666 1531 1855 1600 ἀξιοῦσι

222 1604 250 1645 b
267 1606 447 1666 μαθεῖν’
493 1602 672 1671 ᾔδεσαν
697 1604 791 1672 γὰρ
817 1607 892 1656 καὶ
919 1611 957 1656 εἰ
982 1606 1047 1671 μὴ
1075 1608 1206 1673 λε’γοι
1231 1608 1375 1676 τυχὸν
1400 1610 1427 1673 ἡ
1454 1611 1587 1676 γυνὴ,
1615 1614 1689 1662 καὶ
1717 1613 1856 1668 αὐτὸς

267 1683 316 1735 δὲ
342 1686 367 1735 ὁ
394 1691 477 1736 τοῦ
509 1686 790 1753 πράγματος
822 1688 1003 1742 σκοπὸς
1039 1691 1091 1740 οὐ
1124 1691 1317 1756 μετρίαν
1350 1692 1407 1760 ἐξ
1434 1693 1599 1744 ἑαυτοῦ
1638 1692 1730 1762 εἶχε
1768 1696 1855 1760 τὴν

267 1765 494 1830 δήλωσιν·
545 1775 830 1834 παραινοῦσι
856 1770 903 1821 δὲ
929 1775 1121 1834 μᾶλλον
1146 1778 1440 1838 περιστεῖλαι
1468 1774 1522 1825 τὸ
1551 1776 1765 1842 δάκρυον,
1792 1780 1855 1832 ὡς

267 1849 350 1899 οὐκ
384 1850 432 1899 ἐν
458 1854 602 1919 καιρῷ
633 1853 698 1920 τῷ
732 1852 972 1918 πρέποντι,
1000 1855 1074 1904 καὶ
1106 1854 1178 1922 ἐφ’
1208 1853 1275 1908 οἷς
1301 1856 1473 1920 ἥκιστα
1508 1860 1627 1924 χρῆν
1653 1860 1853 1928 ἑλομένῃ
1875 1891 1922 1914 20

266 1929 349 1981 τὸν
388 1934 576 1997 θρῆνον·
631 1933 889 1997 λελυμένου
928 1934 1021 2002 γὰρ
1066 1942 1149 1987 τοῦ
1189 1937 1393 1990 θανάτου
1434 1941 1510 1989 καὶ
1549 1940 1854 2006 ἀτονησάσης

265 2012 354 2077 ἤδη
381 2016 464 2076 τῆς
490 2018 687 2082 φθορᾶς,
711 2017 1022 2083 ἐγηγερμένον
1049 2016 1098 2068 δὲ
1119 2017 1194 2069 διὰ
1220 2025 1358 2070 τοῦτο
1377 2026 1458 2071 τοῦ
1477 2024 1696 2088 Σωτῆρος
1721 2023 1853 2086 ἡμῶν

265 2097 494 2161 Χριστοῦ,
523 2099 597 2147 καὶ
633 2098 1062 2163 καινοτομήσαντος
1097 2105 1193 2154 τοῖς
1232 2107 1408 2168 νεκροῖς
1443 2101 1525 2167 τὴς
1558 2108 1619 2157 εἷς
1658 2106 1847 2173 ἀφθαρ-

266 2178 379 2229 σίαν
404 2181 478 2229 καὶ
505 2177 624 2244 ζωὴν
648 2180 930 2247 ἀναδρομὴν,
960 2188 1041 2232 τοῦ
1069 2181 1125 2246 δὴ
1152 2182 1290 2250 χοῖριν
1316 2190 1478 2251 καιροῦ
1503 2185 1601 2249 μὲν,
1630 2184 1666 2237 ὦ
1691 2187 1847 2253 γύναι,

226 2276 248 2303 0
266 2266 348 2311 τοῦ
373 2261 632 2326 πρέποντος
660 2262 978 2331 ἀποσφάλλῃ,
1007 2266 1172 2333 φασὶν,
1199 2264 1355 2319 ἀλύεις
1382 2266 1430 2317 δὲ
1457 2267 1529 2331 δὴ,
1555 2271 1630 2319 καὶ
1657 2268 1852 2337 σφόδρα
1870 2293 1919 2332 25

265 2346 454 2407 πικρῶς,
501 2346 583 2406 τῆς
623 2347 718 2394 τῶν
768 2345 1062 2411 πραγμάτων
1106 2347 1345 2408 ἐκβάσεως
1393 2350 1635 2414 καλούσης
1684 2355 1747 2405 εἷς
1797 2351 1851 2402 τὸ

265 2424 506 2485 ἐναντιόν;
566 2426 741 2492 χαίρειν
792 2425 885 2493 γὰρ
935 2427 1081 2483 ὅντως
1133 2431 1208 2479 καὶ
1259 2432 1608 2493 διευθυμεῖσθαι
1659 2437 1850 2496 μᾶλλον

264 2506 418 2571 ἐχρῆν.
472 2508 517 2556 τί
551 2513 802 2573 τοιγαροῦν
844 2511 1034 2568 κλαίεις,
1076 2512 1307 2562 ἀδικοῦσα
1344 2511 1521 2579 τρόπον
1560 2513 1664 2565 τινὰ
1699 2513 1753 2565 τὸ
1791 2518 1850 2583 τῇ

262 2586 521 2652 πανηγύρει
546 2589 932 2654 χρεωστούμενον
957 2595 1124 2658 σχῆμα
1143 2614 1156 2654 ;

338 2668 590 2719 Φαίνονται
636 2668 684 2719 δὲ
730 2670 1007 2741 καθεζόμενοι
1054 2675 1155 2737 πρός
1202 2697 1251 2724 τε
1296 2680 1345 2747 τῇ
1396 2677 1582 2746 κεφαλῇ’
1633 2681 1709 2728 καὶ
1759 2681 1847 2733 τοῖς
1867 2708 1917 2744 30

260 2755 389 2801 ποσὶν
427 2749 535 2802 ’ὅπου
575 2750 708 2802 ἔκειτο
749 2752 793 2803 τὶ
834 2752 973 2821 σῶμα
1011 2756 1083 2805 τοῦ
1120 2757 1271 2818 Ἰησοῦ,
1311 2755 1457 2819 μόνον
1503 2758 1606 2825 οὐχὶ
1651 2760 1726 2809 καὶ
1771 2759 1847 2810 διὰ

306 2878 340 2907 4.
367 2867 455 2912 αὐτῷ
476 2865 516 2900 Ε.
677 2867 727 2901 18.
755 2870 815 2902 τοῦ
832 2868 1029 2913 πράγματος
1048 2871 1065 2903 ὁ
1084 2870 1222 2906 inverso
1240 2870 1360 2907 ordine
1376 2872 1417 2907 E.
1562 2885 1615 2908 20.
1643 2874 1747 2920 ἐχρῆν
1766 2875 1794 2910 Ι.
1814 2888 1845 2911 a.

261 2922 316 2946 22.
343 2927 379 2947 τε
397 2925 460 2958 pro
478 2913 513 2947 δέ
534 2912 562 2948 Ι.
580 2925 609 2948 a.
