2012 3272
460 124 749 165 EPISTULA
779 125 861 165 AD
895 125 1081 165 (JALOS
1089 126 1121 164 Y
1130 126 1191 165 1ss
1202 126 1234 165 U
1244 126 1305 166 M.
1594 126 1676 165 (307

90 232 199 286 σιάς
231 234 399 283 αὐτῶν.
454 234 563 284 ἀλλ’
591 238 628 284 εἰ
659 233 742 297 μὲν
769 236 929 284 ἐκεῖνοι
960 239 1293 297 μετανοοῦντες
1319 234 1534 301 ἔρχονται
1561 232 1679 299 πρὸς

90 313 196 367 τοὺς
242 314 538 383 ὀρθοδόξους,
581 315 804 366 ἔστωσαν
843 316 1008 366 δεκτοί·
1060 318 1219 379 μηδεὶς
1261 314 1310 365 δὲ
1351 317 1678 384 ἀδιαφορείτω,

88 394 206 459 μηδὲ
245 397 516 448 κοινωνείτω
555 399 740 450 ἐκείνοις
778 396 844 460 μὴ
882 397 1338 463 μεταγινώσκουσιν,
1379 397 1455 447 ἵνα
1499 397 1578 460 μὴ,
1618 399 1680 450 ὡς

89 477 223 545 ἔφην,
251 481 460 529 κοινωνοὶ
488 478 711 543 γένωνται
738 481 820 543 τῆς
847 479 1047 544 ἐνούσης
1073 479 1382 533 κακοπιστίας
1408 479 1577 532 αὐτοῖς.

49 583 70 620 5
170 564 333 612 Ταῦτα
360 561 388 625 ἡ
414 561 480 625 σὴ
507 561 753 621 θεοσεβεια
784 563 1152 627 ἀναγνωσθῆναι
1184 560 1599 627 παρασκευασάτω
1631 562 1679 611 ἐν

88 643 273 696 ἐκείνοις
317 647 414 697 τοῖς
458 643 792 709 μοναστηρῖοις
837 647 899 697 εἰς
941 642 1192 707 οἰκοδομὴν
1242 647 1336 693 τῶν
1382 642 1558 705 αὐτόθι,
1602 644 1679 693 καὶ

87 723 464 790 παραγγελλέτω
515 724 773 792 φυλάττειν
824 723 956 786 αὐτὰ,
1007 725 1083 774 ἵνα
1145 724 1262 788 μήτε
1326 727 1367 775 οἱ
1430 723 1677 793 ὀρθόδοξοι
1696 732 1722 772 b

88 804 304 869 κάμνωσι
341 805 703 871 παραλυομένης
745 806 900 856 αὐτῶν
938 809 1020 870 τῆς
1059 806 1391 870 συνειδήσεως,
1429 805 1545 870 μήτε
1584 806 1678 870 μὴν

87 890 129 938 οἱ
155 888 467 955 ἀργοτροφεῖν
493 885 735 941 ἐθέλοντες
763 887 915 955 ε”χωσῖ
934 911 1038 938 τινα
1068 889 1388 955 παρείσδυσιν
1414 894 1497 939 τοῦ
1525 891 1678 939 δοκεῖν

22 989 68 1014 10
87 967 203 1020 εἶναι
229 970 445 1036 χρηστοί.

159 1051 437 1118 Ἐῤῥῶσθαί
466 1073 525 1101 σε
560 1052 607 1101 ἐν
650 1050 810 1120 Κυρίῳ
849 1051 1057 1118 εὔχομαι,
1093 1052 1306 1117 ἀγαπητὲ
1347 1053 1421 1102 καὶ
1459 1050 1675 1103 ποθεινό-

85 1156 210 1183 ΤαΤΕ.

136 1265 164 1287 1.
191 1254 349 1297 ἔρχονται
366 1253 461 1287 Α.Ι).
480 1254 645 1298 ἕρχωνται
664 1252 729 1286 Ed.
945 1264 977 1297 3.
1005 1253 1192 1297 κοινωνὴτω
1211 1254 1255 1287 Α.
1472 1267 1505 1296 4.
1532 1253 1676 1298 ἐνούσης

19 1301 23 1307 ’
86 1300 305 1335 κακοπιστίας
322 1300 434 1334 αὐτοῖς
454 1301 497 1334 A.
516 1300 626 1334 αὐτῶν
643 1300 863 1334 naxon-corias
882 1299 948 1334 Ed.
1212 1309 1243 1344 7.
1271 1302 1302 1334 οἱ
1321 1300 1504 1344 ὀρθόδοξοι
1522 1301 1674 1346 κάμνωσι

85 1347 152 1381 hoc
171 1346 291 1381 ordine
310 1347 353 1380 A.
544 1357 577 1391 9.
605 1347 728 1391 ἔχουσι’
746 1347 791 1380 Α.

282 1674 416 1705 ΔΟΞΑ
456 1674 634 1703 ΧΡΙΣΤΩ
671 1675 732 1703 ΤΩ
769 1675 926 1705 ΔΟΝΤΙ
966 1676 1141 1705 ΑΡΧΗΝ
1184 1676 1269 1705 ΚΑΙ
1307 1676 1477 1706 ΤΕΛΟΣ.
