2017 3252
60 329 92 378 S.
107 328 206 359 Joan.

61 382 81 402 1.
102 379 152 411 14.

282 156 367 195 444
715 152 723 185 Γ
772 152 850 192 DE
883 150 1273 192 FRAGMENTIS
1307 151 1376 191 IN

284 265 342 307 τῆς
371 262 454 306 μετὰ
487 262 612 308 σαρκὸς
640 261 824 305 οἰκονομίας
852 261 929 305 ἡμῖν
955 261 994 294 τὸ
1023 258 1208 304 μυστήριον
1233 259 1269 294 εὖ
1296 260 1388 304 μάλα
1416 259 1592 306 διατρανοῖ.
1632 259 1701 294 υίὸς
1727 258 1793 304 γὰρ
1821 255 1867 292 ὧν

284 325 390 372 φύσει
410 325 462 361 καὶ
481 325 613 370 άληθῶς
638 326 690 360 καὶ
716 325 753 368 ἐξ
781 325 882 368 αὐτῆς
907 324 1111 370 ἀναλάμψας
1129 325 1186 367 τῆς
1205 323 1321 359 οὐσίας
1340 325 1400 358 τοῦ
1420 325 1506 358 Θεοῦ
1525 323 1578 358 καὶ
1597 323 1732 368 Πατρὸς
1749 321 1866 368 γέγονε

285 391 385 436 σὰρξ,
405 389 578 424 τουτέστιν
596 389 769 435 ἅνθρωπος
796 389 878 423 κατὰ
903 388 961 432 τὴν
979 387 1131 422 Ἰωάννου
1157 387 1283 433 φωνὴν,
1304 388 1356 421 καὶ
1381 388 1617 433 κεχρημάτικεν
1634 386 1784 431 ἀδελφὸς
1801 387 1868 419 τῶν

285 455 341 490 ε’πὶ
368 456 425 498 τῆς
452 455 513 500 γῆς
541 454 594 488 καὶ
621 453 681 497 τὴν
700 454 782 486 κατὰ
808 453 916 498 σάρκα
941 451 1017 496 μεθ’
1038 452 1129 494 ὑμῶν
1150 450 1278 495 ὑπέστη
1297 451 1462 497 γέννησιν,
1482 449 1585 485 καίτοι
1609 451 1806 496 προαιώνιος
1823 446 1869 483 α’)’ν

284 519 337 553 καὶ
364 518 414 552 ἀεὶ
443 517 706 563 συνυφεστηκὼς
734 519 780 563 τῷ
808 517 1027 562 γεγεννηκότι.
1068 515 1156 559 πλὴν
1184 516 1212 549 εἶ
1240 516 1293 549 καὶ
1317 515 1435 561 γέγονε
1464 515 1562 560 σὰρξ,
1582 513 1666 549 ’ίδιον
1694 514 1773 548 ὅντα
1791 514 1869 547 Υἶὸν

285 579 374 616 οἶδεν
393 582 494 616 αὐτὸν
513 581 566 615 καὶ
585 579 689 616 οὕτως
708 582 726 614 ὁ
746 580 875 625 Πατὴρ,
895 580 962 625 ἔφη
982 580 1047 625 γὰρ
1067 579 1118 613 ὅτι
1137 580 1214 614 Υἱός
1234 593 1298 623 μου
1317 576 1349 613 εἶ
1366 579 1420 619 σὺ,
1441 578 1506 624 ἐγὼ
1527 577 1674 623 σήμερον
1691 576 1870 624 γεγέννηκά

286 661 338 681 σε.
377 645 456 691 ὅρᾳς
485 645 604 690 ἐναργῆ
633 644 692 688 τὴν
711 644 894 689 ὁμολογίαν
919 645 1023 689 ἤγουν
1041 643 1100 687 τὴν
1120 643 1313 689 ἀνάρρησιν·
1344 644 1384 677 τὸ
1411 643 1471 687 μὲν
1494 643 1559 689 γὰρ
1579 640 1624 677 E?
1644 642 1797 686 τέθεικεν,
1817 639 1870 676 ἵνα

287 710 379 753 δείξῃ
400 710 459 744 τὸν
478 710 686 755 προαιώνιον·
716 709 754 742 οὐ
780 708 845 754 γὰρ
871 708 907 742 ἐν
924 709 1035 754 χρόνῳ
1061 708 1209 753 γέγονεν,
1230 706 1306 740 ἀλλ’
1326 705 1366 750 ἦν
1383 707 1433 741 ἀεὶ
1457 709 1569 748 τοῦτο,
1589 707 1762 741 τουτέστιν
1780 707 1869 742 Υἱός·

286 773 445 820 ἐπήνεγκε
465 773 501 807 δὲ
521 775 559 807 τό
579 774 726 818 Σήμερον
745 772 907 818 ἐγέννησά
927 786 980 812 σε,
1001 770 1052 806 ἵνα
1073 771 1134 814 τὴν
1152 771 1316 815 νεωτάτην
1334 772 1435 805 αὐτοῦ
1461 772 1512 805 καὶ
1537 771 1619 805 κατὰ
1644 771 1753 816 σάρκα
1777 770 1870 814 δείξῃ

284 837 450 884 γέννησιν,
471 835 510 881 ἣν
536 837 708 881 ὑπέμεινεν
734 837 815 871 ἑκὼν
844 836 897 870 διὰ
925 837 984 879 τῆς
1012 833 1106 881 ἁγίας
1135 834 1313 880 παρθένου·
1344 834 1501 878 ταύτῃτοι
1529 835 1580 869 καὶ
1609 834 1762 869 θεότοκος
1790 834 1869 868 ὠνό-

285 916 420 946 μασται.
492 899 639 936 Extanb
664 898 754 936 haee
781 897 963 935 nonnulla
992 896 1198 935 lectionum
1217 897 1399 934 varietate
1418 900 1457 935 et
1476 898 1575 934 inter
1598 896 1739 934 scholia
1759 907 1871 946 quae-

287 966 374 1002 dam
395 964 435 1001 in
454 964 617 1014 psalmos
638 962 677 1000 in
697 962 905 1000 Bodleiana
924 965 1054 999 nostra
1073 961 1154 999 cod.
1176 961 1296 999 Laud.
1318 961 1383 999 Gr.
1403 975 1449 1008 42
1472 961 1536 999 fol.
1561 974 1635 1010 290
1655 973 1690 998 v.

733 1073 754 1097 a
774 1060 837 1097 fol.
860 1072 907 1108 92
930 1072 968 1097 V.
991 1060 1099 1095 Ἴδετε
1119 1062 1150 1095 οἱ
1169 1061 1426 1107 καταφρονηταί.

343 1136 383 1175 S.
403 1135 667 1185 Chrysostomi
687 1138 726 1173 et
745 1135 783 1172 S.
801 1135 937 1184 cyrilli
957 1134 1112 1171 nomina
1132 1134 1232 1172 inter
1259 1147 1297 1172 se
1317 1134 1532 1184 transponit
1552 1147 1600 1181 a.‚
1619 1133 1720 1172 unde
1740 1132 1872 1184 Migne

289 1201 355 1251 qui
374 1205 502 1238 tamen
531 1213 661 1237 revera
686 1212 764 1236 esse
791 1199 961 1237 scholion
981 1198 1020 1237 S.
1039 1199 1299 1248 Chrysostomi
1319 1199 1366 1235 ad
1385 1199 1455 1236 loc.
1477 1199 1646 1236 adnotat.
1703 1198 1872 1235 Nomina

288 1269 388 1303 recte
408 1265 562 1302 exhibet
582 1264 660 1301 cod.
679 1264 793 1302 COiSl.
809 1266 1098 1311 Κατακεκραγότες
1116 1263 1184 1311 [Sic
1198 1264 1234 1310 a]
1249 1266 1307 1308 τῆς
1321 1265 1435 1299 ἀδίκου
1455 1265 1597 1310 κρίσεως
1615 1266 1674 1299 τοῦ
1689 1263 1870 1310 προφήτου

287 1331 486 1375 Ἀμβακοὺμ
524 1330 735 1376 ἀποκρίνεται
773 1333 790 1364 ὁ
829 1331 914 1365 Θεὸς
950 1331 1021 1365 τοῖς
1057 1329 1211 1364 ἀδικοῦσι
1252 1330 1311 1365 τὰς
1348 1329 1508 1373 ἐσομένας
1545 1329 1726 1374 συμφορὰς
1762 1329 1874 1365 αὐτοῖς

288 1394 592 1441 προαπαγγέλλων.
644 1394 813 1439 θαυμάσια
846 1394 881 1428 δέ
912 1394 1005 1440 λέγει
1035 1394 1077 1428 τὰ
1104 1395 1215 1428 αὐτοῖς
1244 1391 1486 1437 συμβήσεσθαι
1512 1392 1690 1438 μέλλοντα.
1729 1393 1781 1427 καὶ
1807 1392 1873 1438 γὰρ

287 1457 327 1502 ἣν
353 1460 484 1503 πολλῆς
512 1457 701 1502 ἐκπλήξεως
728 1458 833 1502 ἰίξιον,
852 1460 924 1493 πῶς
951 1460 970 1492 ὁ
995 1457 1135 1503 Ἰσραὴλ
1164 1460 1181 1491 ὁ
1210 1458 1245 1492 ἐν
1262 1458 1386 1493 τέκνοις
1414 1457 1692 1503 κατηριθμημένος
1712 1459 1801 1491 Θεοῦ
1820 1456 1873 1491 καὶ

288 1525 500 1570 πρωτότοκος
527 1522 760 1567 ὠνομασμένος
785 1522 837 1556 καὶ
863 1521 902 1556 δι’
924 1522 969 1555 ὧν
995 1521 1052 1567 [δι’
1069 1520 1148 1568 3112]
1173 1521 1349 1556 ἀπόλωλεν
1366 1520 1543 1568 Αἴγυπτος,
1565 1521 1786 1567 παραδέδοται
1804 1522 1873 1557 τοῖς

289 1588 515 1630 βαβυλωνίοις
534 1587 586 1621 καὶ
605 1588 642 1621 οὐ
661 1588 763 1631 μόνον
786 1586 945 1632 μαχαίρᾳ,
965 1586 1055 1620 ἀλλὰ
1082 1587 1147 1633 γὰρ
1174 1587 1225 1620 καὶ
1254 1586 1387 1630 δουλείᾳ
1411 1586 1463 1620 καὶ
1488 1584 1704 1630 αἰχμαλωσίᾳ
1728 1585 1781 1619 καὶ
1805 1586 1874 1621 τοῖς

289 1652 462 1687 ἀπευκτοῖς
481 1652 596 1687 ἅπασι.
637 1653 741 1685 ταῦτα
761 1651 807 1695 δὲ,
828 1651 928 1696 φησὶ,
948 1653 1098 1685 τοσαῦτα
1126 1651 1178 1685 καὶ
1206 1651 1387 1694 τηλικαῦτα
1414 1650 1452 1684 τὸ
1479 1649 1620 1695 μέγεθός
1644 1649 1737 1684 ἐστιν
1759 1649 1803 1684 ὡς
1822 1650 1874 1684 καὶ

290 1716 506 1751 ἀπιστεῖσθαι
535 1714 566 1750 εἴ
591 1730 640 1751 τις
668 1716 751 1750 αὐτὰ
778 1716 854 1759 ὑμῖν
880 1714 1169 1761 προαπαγγέλλοι.
1200 1712 1288 1750 Vide
1316 1712 1356 1749 in
1376 1712 1605 1762 prophetam
1624 1711 1797 1750 Abaccuc
1824 1712 1874 1750 ad

290 1779 374 1826 loc„
394 1779 495 1816 unde
513 1778 610 1816 forte
629 1778 848 1815 abbreviata
866 1778 968 1815 haee.

732 1888 755 1912 a
774 1875 839 1912 fol.
857 1888 919 1924 94.
950 1877 1087 1911 Τέθεικά
1108 1892 1149 1911 σε
1169 1875 1311 1923 εἷςῖφῶς
1331 1877 1443 1912 ἐθνῶν.

347 1952 550 1998 Ἐπέλαμψε
570 1952 681 1986 τοίνυν
695 1954 765 1988 τοῖς
783 1952 915 1986 ἔθνεσιν
934 1955 951 1987 ὁ
971 1953 1118 1997 Χριστὸς
1136 1953 1188 1986 καὶ
1207 1954 1321 1998 φωτὸς
1343 1952 1433 1986 θείου
1451 1950 1708 1996 μεμεστωμένην
1725 1951 1875 1997 ἀπέφηνε

292 2017 351 2062 τὴν
369 2017 423 2052 ὑπ’
444 2017 584 2062 οὐρανὸν
602 2016 655 2050 καὶ
673 2016 827 2062 καθαροῖς
853 2016 997 2052 διανοίας
1022 2015 1150 2061 ὄμμασι
1168 2016 1227 2062 τὴν
1245 2017 1336 2051 θείαν
1354 2031 1390 2050 τε
1409 2017 1461 2050 καὶ
1480 2015 1634 2050 ἀνωτάτω
1653 2016 1876 2063 περιαθρῆσαι

292 2080 401 2127 φύσιν
418 2081 470 2116 καὶ
488 2080 566 2116 τοὺς
584 2082 641 2124 τῆς
658 2082 877 2124 πνευματικῆς
895 2080 1051 2126 λατρείας
1069 2080 1269 2127 καθιερῶσαι
1287 2082 1440 2127 τρόπους.

348 2190 370 2214 a
389 2177 453 2215 fol.
475 2186 539 2225 97.
563 2177 763 2214 ’Ἔθος--τὰ
783 2179 893 2223 ἱμάτια
915 2179 1006 2223 ὑμῶν
1025 2189 1044 2215 e
1064 2190 1198 2214 comm.
1220 2177 1260 2213 in
1281 2177 1436 2215 Nahum
1457 2179 1533 2226 496
1554 2177 1638 2215 init.
1661 2178 1874 2228 desumpta.

751 2282 773 2307 a
792 2270 853 2307 fol.
882 2282 968 2307 101.
997 2271 1037 2305 Τί
1054 2272 1225 2317 πειράζετε
1244 2271 1301 2306 τὸν
1321 2273 1416 2307 Θεόν.

350 2347 412 2381 Καὶ
429 2349 511 2393 γοῦν
530 2346 580 2381 ὅτι
608 2361 644 2381 τε
672 2347 700 2381 εἷ
728 2347 888 2393 φορτικὸς
916 2347 968 2381 καὶ
996 2345 1178 2382 δύσοιστος
1205 2349 1223 2381 ὁ
1252 2348 1351 2390 νόμος
1379 2347 1666 2393 διωμολογὴκασιν
1687 2345 1819 2390 ἀληθῶς
1845 2347 1877 2381 οἱ

296 2411 473 2446 θεσπέσιοι
501 2411 644 2455 μαθηταὶ
672 2413 743 2446 ταῖς
775 2414 872 2446 τινῶν
899 2411 1052 2455 ἀμαθίαις
1081 2410 1350 2455 ἐπιπλήττοντες.
1389 2411 1541 2456 ἔφασκον
1567 2412 1632 2457 γάρ
1661 2412 1733 2445 Νῦν
1759 2409 1817 2444 οῦν
1843 2410 1878 2445 τί

296 2476 465 2520 πειράζετε
485 2475 537 2508 καὶ
555 2475 597 2508 τὰ
616 2475 703 2518 ἑξῆς.

350 2541 417 2572 Τοῦ
436 2539 551 2573 αὐτοῦ.
591 2540 750 2584 Φορτικὸς
767 2539 828 2583 μὲν
845 2541 1025 2586 γὰρ-τοῦ
1044 2541 1146 2584 νόμου
1165 2551 1185 2575 e
1205 2538 1318 2575 Hom.
1342 2540 1391 2586 85
1412 2537 1453 2575 in
1474 2537 1511 2576 S.
1528 2537 1620 2575 Luc.
1645 2536 1755 2584 (Maii
1774 2536 1874 2575 Bibl.

296 2601 393 2639 Nov.
415 2600 453 2638 ii.
478 2602 570 2647 282)
591 2601 800 2650 desumpta.

351 2700 374 2724 a
393 2687 455 2724 fol.
485 2699 555 2723 102
577 2700 612 2724 v.
643 2689 766 2733 Σκηνὴν
784 2690 983 2730 Δαβὶδ-ἐν
1002 2692 1140 2737 Χριστῷ
1160 2700 1179 2724 e
1200 2687 1480 2726 commentariis
1506 2687 1546 2725 in
1566 2687 1685 2725 Amos
1706 2687 1819 2736 350b
1839 2689 1878 2726 ei:

299 2765 319 2790 c
334 2752 359 2789 d
379 2752 586 2800 desumpta.

689 2839 711 2863 a
732 2826 792 2864 fol.
821 2839 905 2864 120.
927 2825 994 2862 Ὃν
1013 2827 1070 2863 οὖν
1087 2829 1283 2874 ἀγνοοῦντες
1303 2830 1486 2871 εὐσεβεῖτε.

353 2904 515 2939 Τουτέστι
533 2904 590 2939 τὸν
609 2904 695 2938 Θεὸν
722 2904 780 2938 τὸν
803 2902 954 2950 ὕψιστον
975 2905 1037 2952 [τῷ
1058 2906 1132 2952 Θεῷ
1161 2907 1208 2952 τῷ
1236 2905 1376 2952 ὑψίστῳ
1396 2904 1475 2942 cod.
1498 2902 1644 2950 COiSl.]·
1674 2906 1704 2939 οἱ
1722 2904 1787 2950 γὰρ
1806 2903 1874 2938 δεί-
