1997 3262
77 216 249 256 [84M-]

133 436 186 469 85
205 434 266 469 M.

65 841 96 872 S.
109 842 181 872 Jac.
202 842 223 871 i.

138 1017 203 1037 Ver.
220 1015 269 1037 20.

68 1497 99 1527 S.
113 1497 213 1527 Joan.

66 1540 131 1571 xvi.
153 1549 202 1579 23,
223 1549 271 1578 2⁴-

69 2151 151 2223 geu.
168 2150 249 2181 xlix.

71 2305 125 2335 Es.
140 2304 183 2335 vi.
203 2314 230 2335 1.

284 151 369 190 324
486 148 536 187 B.
562 145 811 187 CYRILLI
848 142 1195 184 ALEXANDR.
1235 141 1606 182 FRAGMENTA
1666 141 1690 180 i.
1714 142 1861 193 18sqq.

286 263 368 307 τοῦ
400 261 524 307 Θεοῦ
563 255 638 306 διὰ
672 258 888 320 Χριστοῦ
926 252 1070 315 μόνον
1109 252 1286 317 ἔχουσα
1325 252 1369 301 τὶ)
1412 252 1491 300 ναί·
1545 248 1865 314 ἀπαράδεκτον

286 337 334 388 δὲ
372 341 617 389 παντελῶς
657 335 709 385 τὸ
751 337 809 386 οὔ·
865 334 980 398 ὅπερ
1011 334 1141 383 ἐστὶν
1168 332 1195 395 ἡ
1230 333 1438 396 ἄρνησις·
1492 332 1566 381 καὶ
1607 328 1697 395 γάρ
1734 331 1865 379 ἐστιν

287 418 424 472 αὐτὸς
458 419 485 482 ἡ
518 417 727 481 ἀλήθεια.
780 414 1212 480 προσαποδείκνυσι
1248 413 1295 463 δὲ
1323 415 1397 462 καὶ
1423 418 1587 462 τοῦτον
1613 413 1769 463 ἑνικῶς
1795 409 1865 461 ὅτι

286 500 406 551 κατὰ
432 499 580 567 φύσιν
606 501 706 548 ἐστὶ
729 497 864 550 Θεός·
906 500 942 546 εἰ
969 495 1062 561 γὰρ
1088 495 1171 545 οὐκ
1198 492 1254 544 ἂν
1276 493 1588 562 διαψεύσαιτο
1613 492 1696 545 τὰς
1722 493 1865 556 ε’παγ-

286 581 462 646 γελιάς,
489 583 774 644 ἀποπερανεῖ
805 577 853 627 δὲ
884 582 1075 640 μᾶλλον
1101 580 1195 629 τοῖς
1231 576 1380 640 ἁγίοις
1415 573 1570 636 αὐτὰς,
1604 573 1750 624 καίτοι
1784 577 1866 622 τοῦ
1888 588 1910 625 5

288 667 413 714 Θεοῦ
453 665 527 712 καὶ
571 659 762 725 Πατρός
802 658 861 710 τὰ
902 657 1060 723 ἀγαθὰ
1100 658 1410 719 διανέμοντος,
1448 660 1548 709 πῶς
1590 656 1672 705 οὐκ
1712 653 1769 704 ἂν
1800 654 1867 715 εἰἠ

289 744 433 810 φύσει
472 765 521 793 τε
562 744 637 792 καὶ
676 744 864 805 ἀληθῶς
891 739 1019 802 Υἱὸς,
1059 741 1134 789 καὶ
1174 741 1234 791 ὡς
1274 740 1322 788 ἐκ
1358 742 1482 788 Θεοῦ
1510 735 1649 798 Θεὸς,
1693 738 1717 786 ὁ
1751 737 1799 786 ἐν
1833 733 1869 804 ᾧ

289 831 316 853 “
340 829 477 875 πᾶσα
516 821 649 876 δόσις
688 821 842 888 α’γαθὴ
870 824 945 871 καὶ
981 826 1076 871 πᾶν
1103 819 1298 886 δώρημα
1336 817 1545 869 τελειον”
1588 819 1641 868 οὐ
1679 819 1864 885 διεψευ-

289 906 475 969 σμένως
499 927 510 967 ;

353 985 470 1038 (Ότι
509 986 559 1037 δέ
583 989 712 1036 ἐστιν
747 983 956 1053 ἀψευδὴς
988 987 1014 1034 ὁ
1054 982 1212 1048 λόγος,
1248 984 1575 1048 προσεμπεδοῖ
1608 981 1764 1046 λέγων
1792 979 1869 1031 Aah

291 1073 368 1119 καὶ
399 1065 449 1118 δι’
480 1069 609 1118 αὐτοῦ
635 1073 694 1136 τῷ
720 1071 819 1135 Θεῷ
846 1065 891 1116 r}
921 1064 1035 1132 ἀμὴν
1062 1065 1169 1132 πρὶς
1196 1060 1324 1132 δόξαν
1352 1060 1402 1114 δι’
1432 1062 1561 1130 ἡμῶν·
1603 1061 1757 1125 ἐπειδὴ
1779 1061 1872 1127 γάρ

288 1152 419 1200 ἐστιν
445 1148 583 1202 αὐτὸς
612 1149 636 1198 ὁ
662 1148 871 1211 μεσίτης,
898 1147 922 1196 ὁ
950 1147 1003 1196 δι’
1034 1146 1087 1196 οῦ
1112 1147 1187 1194 καὶ
1215 1144 1359 1207 μόνου
1385 1142 1612 1209 προσιτὸς
1639 1145 1663 1193 ὁ
1689 1143 1872 1209 Πατὴρ,

289 1233 314 1281 ὁ
354 1233 401 1281 ἐν
441 1228 477 1299 ᾧ
517 1234 654 1281 πᾶσα
693 1226 824 1280 δόσις
861 1225 1171 1290 πνευματικὴ,
1214 1226 1268 1276 δι’
1298 1226 1439 1275 αὐτοῦ
1477 1223 1533 1287 δὴ
1571 1224 1758 1277 πάντως
1796 1227 1872 1274 καὶ

288 1317 384 1363 πᾶν
410 1312 544 1362 ἔσται
568 1310 714 1375 πέρας
740 1310 894 1376 εὐχῆς·
943 1310 1019 1358 καὶ
1044 1307 1182 1358 τοῦτό
1209 1308 1311 1357 ἐστι
1338 1305 1384 1358 r&
1409 1307 1535 1374 ἀμήν·
1577 1307 1651 1356 καὶ
1677 1304 1792 1370 πρός
1819 1328 1872 1370 γε

289 1398 427 1444 τοῦτο
462 1393 582 1456 ἡμᾶς
616 1390 753 1444 αὐτὸς
789 1392 813 1440 ὁ
840 1389 954 1443 Υἱὸς
988 1388 1378 1453 πεπαιδαγώγηκε
1413 1388 1568 1452 λέγων
1600 1392 1694 1440 τοῖς
1725 1387 1870 1452 ἁγίοις

290 1472 581 1527 ἀποστόλοις
627 1481 652 1502 “
676 1474 771 1523 Καὶ
812 1473 858 1521 ἐν
896 1471 1042 1539 ἐκείνῃ
1080 1475 1136 1538 τῇ
1177 1469 1324 1537 ἡμέρᾳ
1366 1469 1444 1532 ἐμὲ
1485 1470 1572 1519 οὐκ
1615 1467 1873 1534 ἐρωτήσετε

292 1563 318 1586 “
344 1556 491 1606 οὐδέν·
537 1554 661 1619 ἀμὴν
687 1552 810 1616 ἀμὴν
835 1553 963 1617 λέγω
991 1554 1110 1615 ὑμῖν,
1132 1552 1211 1602 ἐοίν
1239 1574 1281 1601 τι
1309 1549 1531 1615 αἰτήσητε
1563 1548 1645 1600 τὸν
1668 1549 1873 1614 Πατέρα,

290 1645 315 1666 “
339 1637 481 1688 δώσει
506 1638 612 1699 ὑμῖν
635 1637 683 1686 ἐν
704 1638 769 1704 τῷ
795 1633 991 1697 ὀνόματί
1012 1651 1116 1697 μου·
1155 1633 1242 1685 ἕως
1268 1632 1372 1698 ἄρτι
1394 1633 1482 1682 οὐκ
1509 1630 1716 1698 ᾐτήσατε
1742 1629 1875 1681 οὐδὲν

289 1727 315 1748 “
343 1720 391 1769 εἰ)
417 1722 483 1787 τῷ
510 1716 708 1780 ὀνόματί
729 1735 836 1779 μου·
881 1719 1047 1766 αἰτεῖτε
1074 1717 1149 1765 καὶ
1177 1713 1412 1782 λήψεσθε,
1437 1714 1514 1764 ἵνα
1540 1714 1567 1777 ἡ
1595 1712 1719 1780 χαρὰ
1746 1714 1874 1775 ὑμῶν

290 1808 316 1830 “
343 1797 372 1867 ᾗ
399 1796 791 1865 πεπληρωμένη.”
840 1794 893 1847 δι’
918 1798 1050 1847 αὐτοῦ
1076 1795 1160 1859 μὲν
1188 1795 1268 1845 οῦν
1295 1797 1339 1845 τὶ
1367 1793 1482 1862 ἀμην
1508 1799 1568 1864 τῷ
1593 1800 1693 1863 Θεῷ
1719 1795 1874 1860 Πατρῖ

290 1881 396 1948 πρὶς
425 1877 555 1949 δόξαν
581 1877 633 1930 AE'
655 1878 784 1946 ἡμῶν.
826 1877 929 1931 ε”θος
954 1876 1046 1942 γὰρ
1073 1877 1184 1940 ἡμῖν
1210 1874 1400 1939 ἁπάσης
1427 1876 1563 1942 εὐχῆς
1589 1876 1876 1926 κατακλείειν

290 1962 434 2027 πέρας
472 1963 520 2011 ἐν
559 1960 751 2023 ὀνόματι
791 1964 874 2009 τοῦ
899 1962 1129 2024 Χριστοῦ.
1179 1956 1249 2008 ὅτι
1289 1957 1337 2007 δὲ
1376 1957 1458 2008 οὐκ
1497 1955 1554 2007 ἂν
1582 1955 1877 2022 ἀμοιρήσειεν

291 2039 430 2094 αὐτὸς
472 2045 555 2091 τοῦ
606 2039 969 2108 δοξολογεῖσθαι
1014 2036 1223 2103 πρέπειν,
1266 2038 1443 2087 ἀκονιτὶ
1484 2035 1749 2104 διοψόμεθα
1793 2042 1876 2087 τοῦ

291 2123 520 2188 μακαρίου
559 2119 939 2187 προφητεύοντος
969 2118 1143 2179 Ἰακώβ
1180 2125 1206 2148 “
1230 2117 1397 2180 Ἰούδα,
1433 2117 1491 2168 σὲ
1526 2118 1804 2168 αἱνέσαισαν
1834 2121 1877 2168 οἱ

293 2212 318 2233 “
347 2204 550 2272 ἀδελφοί
571 2203 704 2252 σου””
746 2201 895 2269 ἀνέφυ
921 2199 1013 2266 γὰρ
1039 2201 1088 2250 ἐκ
1115 2203 1196 2263 τῆς
1221 2199 1376 2250 Ἰούδα
1397 2202 1553 2266 φυλῆς
1577 2198 1696 2250 κατὰ
1716 2197 1875 2264 σάρκα

293 2284 519 2350 Χριστός·
575 2281 785 2334 Ἡσαΐου
829 2280 979 2347 γεμὴν
1017 2287 1099 2331 τοῦ
1138 2280 1387 2349 προφήτου
1425 2280 1648 2346 λέγοντος
1687 2287 1713 2310 “
1734 2278 1876 2332 Εἶδον

293 2374 320 2395 “
347 2365 428 2417 τὸν
472 2366 648 2431 Κύριον
689 2362 895 2425 σαβαὼθ
940 2361 1202 2427 καθήμενον
1244 2363 1318 2413 ἐπὶ
1359 2361 1529 2428 θρόνου
1571 2365 1759 2430 ὑψηλοῦ
1801 2363 1876 2411 καὶ

345 2527 374 2549 1.
400 2518 459 2548 τοῦ
477 2527 546 2549 om.
567 2515 615 2548 H.
680 2514 717 2547 τὸ
736 2514 788 2547 ναὶ
805 2515 906 2557 μόνον
924 2513 1054 2556 ἔχουσα
1072 2513 1210 2546 inverso
1227 2512 1349 2546 ordine
1371 2511 1419 2545 H.
1484 2510 1873 2556 ἀπαράὸεκτον-ἐστὶν]

295 2563 334 2595 οὐ
351 2563 415 2605 μὴν
432 2563 469 2594 τὸ
487 2564 526 2594 οὔ
543 2560 718 2594 τουτέστιν
738 2559 785 2592 H.
888 2570 921 2603 3.
948 2558 966 2602 ἡ
985 2570 1055 2592 om.
1077 2558 1124 2592 H.
1218 2567 1298 2602 3—5.
1323 2556 1801 2601 προσαποδείκνυσι-αὐτὰς]
1823 2559 1876 2591 καὶ

296 2609 404 2641 πάντα
421 2609 609 2650 πληροῦται
627 2607 681 2640 διὰ
698 2607 845 2650 χριστοῦ
864 2605 913 2639 H.
1066 2603 1099 2638 6.
1126 2605 1179 2638 καὶ
1197 2610 1418 2648 assumptum
1437 2615 1477 2637 ex
1498 2603 1545 2637 H.
1618 2603 1877 2646 διανέμοντος-

296 2653 361 2698 εἵη]
384 2654 538 2697 νέμοντος
554 2652 606 2686 ἵνα
622 2655 752 2696 γνῶμεν
769 2651 819 2685 ὅτι
839 2651 888 2685 Η.
1067 2658 1097 2694 7.
1123 2651 1192 2685 υἱὸς
1211 2649 1281 2694 καὶ]
1303 2651 1372 2684 υἱὸς
1389 2651 1406 2682 ὁ
1423 2650 1566 2693 χριστὸς
1586 2648 1634 2683 H.
1699 2652 1716 2683 ὁ
1735 2661 1803 2683 om.
1827 2649 1874 2684 H.

297 2701 358 2734 S—-1
373 2712 400 2734 1
428 2699 605 2741 οὐ-ἡμῶν
622 2710 692 2731 om.
714 2698 761 2732 H.
926 2706 978 2730 12.
1005 2696 1104 2731 αὐτός
1122 2696 1215 2730 ἐστιν
1232 2696 1370 2730 inverso
1389 2696 1510 2729 ordine
1530 2696 1578 2730 H.
1643 2697 1661 2729 ὁ
1680 2695 1874 2730 secundum

296 2753 365 2780 et
356 2748 373 2780 ὁ
401 2746 434 2779 ἐν
459 2749 484 2790 ᾠ
509 2747 604 2778 πᾶσα
634 2745 730 2778 δόσις
751 2742 954 2786 πνευματικὴ
973 2754 1042 2775 om.
1064 2741 1113 2776 H.
1358 2753 1410 2786 13
1438 2742 1477 2784 δη
1496 2754 1565 2775 om.
1587 2741 1634 2776 H.
1708 2743 1804 2776 ἕσται
1822 2742 1877 2776 καὶ

297 2794 362 2826 πᾶν
379 2792 516 2825 invelso
535 2791 655 2825 ordme
676 2790 723 2823 ll.
932 2800 985 2830 14.
1011 2787 1113 2831 ἀμήν]
1142 2788 1254 2832 pelgit
1279 2789 1355 2823 ἔθος
1379 2802 1455 2845 γαρ
1471 2788 1546 2831 ἡμῖν
1570 2790 1636 2822 πᾶν
1654 2788 1756 2831 πέρας
1776 2789 1876 2832 εὐχῆς

298 2839 483 2872 κατακλείει
487 2853 503 2871 ν
528 2838 561 2870 ἐν
586 2837 635 2871 ὀν
630 2837 722 2880 ίματι
749 2835 918 2877 (cf.inf1'2
937 2834 995 2875 22)
1022 2837 1081 2867 τοῦ
1100 2837 1260 2878 Χριστοῦ.
1295 2835 1335 2868 δι
1355 2836 1456 2868 αὐτοῦ
1481 2834 1539 2868 οὐν
1556 2834 1647 2878 ἡμῶν
1662 2850 1701 2868 το
1724 2837 1812 2878 ἀμὴν
1829 2836 1875 2879 τῷ

298 2886 407 2928 Πατρὶ
425 2885 661 2927 ἀναπέμπωμεν
677 2883 729 2916 καὶ
747 2882 804 2914 οὐκ
823 2896 862 2915 (ιν
879 2882 943 2924 ἕξω
963 2881 1022 2921 (cf
1041 2881 1109 2914 inf1
1111 2893 1130 2913 <1
1147 2891 1257 2924 325,1
1270 2882 1301 2923 Ι)
1320 2883 1379 2914 τοῦ
1399 2881 1664 2924 προσκυνεῖσθαι
1685 2883 1731 2925 τῷ
1754 2881 1875 2926 Πατρι,

299 2946 357 2965 κιιν
374 2945 511 2976 γεγονεν
528 2934 593 2965 τῶν
610 2929 713 2975 ἁγίων
730 2928 926 2972 λειτουργὸς
943 2928 997 2960 διὰ
1015 2929 1052 2961 τὸ
1069 2927 1277 2971 ἀνθρώπινον
1294 2928 1349 2972 (ut
1367 2939 1409 2971 3..
1395 2938 1447 2972 5,
1466 2928 1502 2971 8)
1521 2927 1682 2962 desinens
1703 2915 1750 2961 H.

1895 997 1942 1022 10

1895 1823 1944 1848 20
