2012 3272
485 155 722 195 CONTRA
766 154 1226 195 SYNOUSIASTAS.
1570 156 1653 195 479

68 267 151 313 τοῦ
178 261 339 327 Λόγου
367 262 516 330 φύσιν
542 266 603 315 εἷς
640 263 754 327 ὅπερ
788 264 869 313 οὐκ
909 261 982 326 ἧν,
1013 264 1159 315 οὕτως
1198 263 1280 313 οὐκ
1319 262 1376 313 ἂν
1412 266 1474 316 εἷς
1507 260 1657 330 φύσιν

70 342 288 407 θεότητος
325 342 680 410 μεταχωρήσειν
719 344 783 394 ἔτι
822 343 904 394 τὸν
943 343 1153 410 γενητὸν,
1180 344 1254 394 ἵνα
1293 342 1358 407 μὴ
1395 341 1562 394 πολλὰ
1598 340 1659 392 τὰ

71 422 165 475 ἀπὸ
191 429 285 475 τῶν
313 427 417 490 περὶ
447 424 590 488 αὐτὴν
617 426 766 491 ὁρῶτο
795 426 1136 489 συμβαίνοντα,
1163 423 1193 474 ἃ
1234 427 1308 475 καὶ
1340 423 1478 491 με’χρι
1503 422 1660 487 μόνων

72 507 257 556 ἐννοιῶν
282 506 524 556 ἐλάσαντα
563 505 917 558 δυσαπόνιπτον
943 506 1001 557 ἂν
1036 506 1133 574 ε”χοι
1173 509 1253 570 τῆς
1293 506 1567 574 δυσφημίας
1604 502 1660 555 τὸ

32 606 54 644 5
74 587 303 654 ἔγκλημα.
359 592 396 639 εἰ
429 587 522 654 γὰρ
550 587 674 641 ὅλως
707 589 992 652 μεθίσταταί
1022 611 1066 639 τι
1098 592 1192 639 τῶν
1218 592 1426 654 γενητῶν
1464 591 1528 641 εἰς
1559 585 1661 637 θεό-

73 691 192 732 τητα
233 674 460 736 φυσικῶς,
496 670 578 720 οὐκ
617 669 675 720 ἄν
713 693 782 723 τις
820 669 1019 735 ἁμάρτοι
1060 675 1298 735 λογισμοῦ
1339 674 1422 719 τοῦ
1463 667 1657 730 εἰκότος,

75 750 200 816 ε’ίπερ
235 750 389 801 ἕλοιτο
428 751 583 816 λε’γειν
619 754 694 802 καὶ
733 753 815 802 οὐκ
854 751 911 820 ἐξ
946 752 1029 802 οὐκ
1068 750 1216 802 ὅντων
1253 748 1476 818 ὑπάρχειν
1501 748 1660 813 αὐτὴν,

78 834 152 882 καὶ
180 833 298 896 ὕλην
324 830 488 899 ὥσπερ
511 832 616 883 τινὰ
653 839 736 883 τοῦ
773 831 887 883 εἶναι
926 836 1091 900 λαχεῖν
1117 831 1170 883 τὸ
1207 833 1290 883 οὐκ
1326 830 1379 883 ὃν
1405 832 1560 895 αὐτῆς,
1587 832 1663 881 καὶ

78 913 240 967 οὐσίας
278 914 535 977 ἀσωμάτου
569 914 623 964 τὸ
658 919 800 978 σῶμα
840 915 1062 979 γενέσθαι
1098 912 1358 976 σύστασιν,
1386 911 1588 979 ἀοράτου
1614 934 1665 962 τε

14 1025 60 1050 10
79 995 154 1045 καὶ
180 996 391 1063 ἀναφοῦς
422 994 577 1060 ἁπτήν
602 1018 652 1046 τε
687 998 777 1047 καὶ·
797 995 986 1061 ὁρατήν.
1039 998 1115 1047 καὶ
1146 995 1273 1061 ε’ίπερ
1299 996 1401 1045 ἐστὶ
1427 992 1520 1060 ζωὴ
1546 991 1666 1044 κατὰ

81 1075 229 1144 φύσιν
255 1079 317 1130 ὡς
355 1078 404 1127 ἐκ
439 1076 556 1143 ζωῆς
594 1082 676 1128 τοῦ
711 1076 903 1144 Πατρὸς
941 1078 966 1128 ὁ
1004 1076 1281 1143 Μονογενὴς
1321 1076 1463 1126 αὑτοῦ
1489 1074 1664 1140 Λόγος,

80 1157 345 1226 εἰσεδέξατο
381 1157 430 1209 δὲ
464 1158 584 1209 κατὰ
616 1157 796 1224 τροπὴν
820 1163 882 1212 εἰς
913 1157 1259 1223 ὁμοουσιότητα
1293 1155 1417 1208 καθά
1455 1160 1578 1225 φησι
1612 1153 1667 1206 τὸ

81 1240 137 1307 ἐξ
160 1239 454 1306 ἀνθρωπίνου
481 1240 769 1307 φυράματος,
795 1239 923 1290 πολὺ
948 1240 996 1290 δὲ
1022 1239 1076 1290 τὸ
1104 1240 1218 1301 δεός,
1244 1238 1309 1303 μὴ
1336 1239 1428 1304 ἄρα
1451 1261 1521 1292 τις
1547 1236 1668 1288 εἴποι

83 1325 298 1386 καθαρῶς
337 1322 420 1371 οὐκ
463 1319 576 1371 εἶναι
618 1320 738 1386 ζωὴν
777 1321 933 1372 αὐτόν·
976 1323 1029 1372 οὐ
1068 1322 1161 1387 γοίρ
1200 1323 1330 1371 ἐστιν
1369 1318 1540 1385 ἀμιγὴς
1584 1323 1668 1369 τοῦ

19 1416 64 1455 15
86 1403 362 1470 φθείρεσθαι
405 1401 682 1470 πεφυκότος.
754 1403 953 1471 μάχεται
1005 1402 1053 1454 δὲ
1099 1406 1174 1454 καὶ
1225 1402 1390 1468 ἑτέρως
1440 1404 1498 1468 τῇ
1551 1398 1670 1464 μετὰ

86 1483 263 1550 σαρκὸς
289 1485 527 1553 οἰκονομίᾳ
561 1489 655 1535 τῶν
680 1485 1107 1549 πεπλανημένωνὴ
1143 1483 1274 1552 δόξα·
1316 1485 1391 1534 καὶ
1426 1484 1530 1534 τίνα
1563 1481 1670 1548 τρό-

85 1588 177 1616 πον
216 1567 421 1631 ἐροῦμεν·
476 1565 686 1635 ἐπεφάνη
726 1565 818 1632 γὰρ
858 1567 968 1630 ἡμῖν
997 1564 1118 1619 Θεὸς
1157 1563 1222 1616 ῶν
1252 1564 1438 1631 Κύριος,
1464 1564 1540 1615 ἵνα
1584 1562 1670 1627 τὴν

86 1646 195 1698 καθ’
237 1647 369 1711 ἡμῶν
406 1647 776 1713 τυραννήσασαν
816 1647 962 1716 ἀνέλῃ
999 1646 1198 1715 φθόραν,
1239 1647 1326 1713 οὐχ
1370 1647 1445 1697 ἵνα
1489 1649 1673 1715 φθορᾶς

87 1729 287 1796 μέτοχον
311 1728 398 1792 τὴν
424 1730 594 1780 οἰκείαν
626 1729 764 1783 αὐτὸς
803 1729 1028 1797 ἀποφήνῃ
1056 1728 1207 1797 φύσιν
1239 1730 1499 1794 ἀνακιρνῶν
1525 1728 1674 1794 ἑαυτῷ

23 1832 70 1858 20
87 1809 173 1874 τὴν
199 1812 265 1879 τῷ
289 1810 476 1880 θανάτῳ
501 1810 703 1878 κάτοχον
728 1809 900 1877 σάρκα.
956 1809 1186 1863 ἶσοπαλὲς
1217 1811 1298 1861 οὖν
1325 1810 1416 1875 ἄρα
1441 1808 1495 1860 τὸ
1523 1830 1671 1871 κατη-

88 1891 287 1958 γόρημα,
330 1891 416 1943 κᾶν
454 1896 492 1943 εὶ
535 1892 618 1943 τὸν
655 1898 738 1943 τοῦ
778 1896 904 1944 Θεοῦ
944 1891 1105 1958 Λόγον
1150 1896 1212 1945 εἰς
1257 1891 1479 1955 σώματος
1525 1888 1676 1958 φύσιν

88 1974 444 2042 μετεστράφθαι
483 1997 562 2027 ,τις
614 1973 759 2040 λε’γοι,
805 1973 892 2025 κᾶν
937 1973 1024 2024 εἴτε
1069 1973 1156 2036 τὴν
1201 1973 1360 2039 σάρκα
1412 1971 1676 2040 μεταφύναι

89 2053 237 2106 πάλιν
279 2059 342 2109 εἰς
385 2054 729 2119 ὁμοουσιότητα
780 2055 899 2121 πρὸς
939 2056 1078 2106 Θεόν.
1148 2057 1414 2124 ἀποφοιτᾶν
1459 2054 1540 2104 οῦν
1585 2053 1677 2118 ἄρα

86 2136 260 2202 ’πρέποι
287 2135 344 2187 ἂν
374 2137 494 2199 ἡμᾶς
523 2137 690 2187 τούτου
721 2158 770 2186 τε
801 2137 1025 2198 κάκείνου,
1053 2136 1179 2202 εἴπερ
1211 2137 1343 2186 ἐστὶν
1370 2135 1452 2186 οὐκ
1484 2132 1677 2200 ἀζήμιον

28 2237 75 2276 25
93 2216 146 2269 τὸ
171 2219 363 2269 ἑλέσθαι
389 2222 577 2287 φρονεῖν
604 2225 630 2247 “
648 2219 758 2283 παρ’
786 2217 811 2268 ὃ
838 2221 907 2268 δεῖ
927 2218 1157 2286 φρονεῖν.”
1694 2218 1858 2252 Rom.xii.
1873 2227 1903 2259 3·

888 2408 899 2425 Ι

163 2515 269 2566 Ἵνα
298 2514 594 2578 πιστεύωμεν
620 2515 690 2565 ὅτι
724 2513 811 2565 κᾶν
841 2517 879 2565 εἰ
911 2518 1006 2567 τοῖς
1044 2512 1281 2577 ἡμετέροις
1315 2510 1542 2574 σώμασιν
1568 2511 1674 2573 ὁμο-

100 2596 213 2665 φυὲς
245 2596 303 2660 ἧν
334 2595 387 2648 τὸ
424 2596 560 2662 ἅγιον
591 2597 732 2648 αὐτοῦ
771 2598 846 2646 καὶ
873 2595 1117 2660 πάναγνον
1143 2598 1302 2656 σῶμα,
1332 2593 1442 2642 ἀλλ’
1472 2592 1554 2642 οὖν
1578 2593 1682 2642 ε’στι

147 2767 180 2801 3.
206 2758 274 2800 ὁρῶ
290 2757 328 2790 τὸ
347 2755 382 2791 b.
539 2756 572 2790 6.
598 2756 732 2792 εἰκότως
748 2755 783 2790 b.
944 2764 975 2800 7.
1003 2754 1190 2789 delendum
1209 2754 1268 2787 οὐκ
1285 2753 1395 2797 prius.
1534 2765 1537 2767 ’
1554 2762 1607 2795 19.
1625 2750 1683 2784 ἀν-

101 2804 236 2846 ακιρνᾶν
253 2814 282 2836 c.
357 2813 411 2836 20.
429 2802 486 2836 οὖν
502 2801 582 2847 ἄρα]
603 2803 667 2846 ἄρα
684 2801 723 2846 ἧν
741 2814 770 2836 c.
959 2810 1061 2846 27—p.
1075 2801 1155 2843 480,
1173 2801 1196 2834 1.
1215 2811 1268 2842 14.
1290 2799 1386 2832 Haec
1405 2798 1486 2831 citat
1505 2797 1553 2841 (et
1571 2807 1684 2841 usque

103 2847 146 2881 ad
172 2850 255 2892 ζωῆς
285 2847 336 2892 [p.
355 2849 477 2890 480,1.
497 2847 535 2892 3]
555 2849 657 2882 nobis
681 2847 915 2891 conservavit)
942 2847 1168 2882 Justinianus
1195 2846 1390 2890 Imperator
1416 2849 1537 2877 contra
1554 2843 1685 2876 Mono-

103 2893 260 2938 physitas
278 2895 314 2928 in
326 2895 412 2928 Maii
428 2894 554 2939 Script.
566 2895 644 2930 Vet.
657 2895 714 2930 vii.
729 2905 810 2940 302,
822 2894 916 2944 λέγει
933 2895 999 2939 γὰρ
1017 2894 1052 2928 ἐν
1068 2895 1115 2939 τῷ
1134 2893 1216 2927 κατὰ
1233 2896 1299 2926 τῶν
1316 2892 1575 2925 συνουσιαστῶν
1591 2889 1685 2934 λόγῳ

103 2942 207 2974 ταῦτα
225 2941 461 2985 praemittens.
