2012 3272
499 131 656 171 RESP.
691 130 771 170 AD
803 131 913 171 TIB.
950 130 1299 172 SOCIOSQUE.
1611 131 1691 171 591

1717 270 1776 301 392
1796 272 1815 291 a
1832 262 1875 292 A.

176 310 266 350 ‘'O-n
289 312 350 350 διὰ
373 312 435 361 τῆς
459 312 555 352 ἰδίας
577 310 717 362 σαρκὸς
739 312 890 363 ἐνεργεῖ
909 313 975 353 τὰς
997 311 1206 361 θεοσημίας
1230 310 1333 353 Θεὸς
1355 310 1409 350 ὢν
1431 312 1450 349 ὁ
1474 311 1612 362 ΔΧόγος.
1713 314 1777 355 Θ’.

717 441 1061 478 ΕΠΙΛΎΣΙΣ.

166 544 456 610 ’Ἄνθρωπον
494 544 540 595 δὲ
581 545 805 610 γενέσθαι
847 545 1004 612 φαμὲν
1036 544 1117 596 τὸν
1148 547 1400 611 Μονογενῆ
1444 550 1526 595 τοῦ
1565 549 1692 597 Θεοῦ
1714 554 1739 594 b

104 626 277 692 Λόγον,
305 628 391 693 οὐχ
417 627 491 676 ἵνα
517 626 570 677 τὸ
598 624 712 676 εἶναι
733 625 855 680 Θεὸς
881 627 1123 694 ἀποβάλῃ,
1150 628 1261 677 ἀλλ’
1291 627 1385 678 οὐδ’
1414 628 1488 677 ἵνα
1515 626 1692 692 γυμνὸς

61 727 82 764 5
104 711 263 772 νοῆται
289 708 461 773 Λόγος,
488 708 857 774 ε’νανθρωπήσας
897 709 943 759 δὲ
983 714 1188 771 μᾶλλον,
1216 712 1291 759 καὶ
1331 709 1446 759 ἴδιον
1479 708 1686 772 ποιησά-

101 813 238 851 μενος
273 794 415 851 σῶμα
441 790 495 839 τὸ
523 791 572 839 ἐκ
598 792 681 853 τῆς
706 790 842 855 ἁγίας
878 794 952 841 καὶ
981 789 1201 841 θεοτόκου
1227 791 1480 856 παρθένου.
1526 792 1693 840 οὐκοῦν

102 873 126 921 ὁ
173 871 390 938 Χριστὸν
435 870 690 938 ὀνομάζων,
735 873 839 923 οὔτε
880 871 1042 938 Λόγον
1087 873 1309 936 σημαίνει
1353 872 1549 937 γυμνὸν,
1588 873 1692 922 οὔτε

100 953 350 1019 ἄνθρωπον
389 953 557 1016 κοινὸν,
597 952 626 1017 ἢ
666 955 729 1007 ὡς
770 954 850 1005 ἕνα
894 959 989 1005 τῶν
1037 953 1145 1005 καθ’
1183 954 1322 1018 ἡμᾶς·
1377 953 1687 1019 ε’νανθρωπή-

100 1058 256 1086 σαντα
295 1034 343 1086 δὲ
383 1037 444 1088 ὡς
479 1035 599 1103 ἔφην
634 1035 715 1087 τὸν
746 1038 796 1087 ἐκ
824 1040 949 1088 Θεοῦ
978 1036 1170 1102 Πατρὸς
1197 1035 1373 1102 Λόγον,
1413 1037 1489 1085 καὶ
1529 1058 1687 1103 κεχρι-

33 1132 81 1158 10
100 1117 278 1180 σμένον
316 1121 379 1171 εἰς
414 1118 709 1182 ἀποστολήν.
761 1119 814 1169 οὐ
845 1118 940 1184 γὰρ
967 1119 1213 1184 ἄνθρωπος
1252 1116 1541 1181 ε’θεοποιήθη,
1568 1118 1730 1168 καθάθ

101 1199 230 1266 φασί
265 1222 398 1261 τινες,
438 1201 621 1253 ἑνωθεῖς
658 1204 725 1268 τῷ
764 1199 922 1269 Λόγῳ,
949 1201 1060 1250 ἀλλ’
1091 1199 1230 1254 αὐτὸς
1269 1201 1294 1250 ὁ
1336 1199 1492 1264 Λόγος
1532 1198 1691 1266 σάρκα

100 1279 268 1340 λαβὼν
295 1283 369 1331 καὶ
395 1279 642 1346 γενόμενος
669 1281 915 1346 ἄνθρωπος
942 1282 1169 1346 μεμένηκε
1197 1281 1273 1331 καὶ
1299 1282 1420 1331 οὕτω
1447 1279 1584 1334 Θεός.

165 1360 325 1413 θΌταν
371 1363 453 1413 οῦν
498 1362 738 1429 ἐργάζεται
782 1362 866 1417 τὰς
908 1362 1179 1427 θεοσημιάς,
1226 1361 1292 1427 μὴ
1338 1363 1550 1428 διορίσας
1602 1362 1691 1412 ἀνὰ

99 1443 237 1509 μέρος
281 1447 363 1507 τῆς
403 1444 539 1509 ἁγίας
578 1446 719 1495 αὐτοῦ
758 1443 938 1510 σαρκὸς
980 1444 1063 1495 τὸν
1105 1446 1155 1494 ἐκ
1194 1448 1319 1494 Θεοῦ
1362 1444 1523 1509 Λόγον
1561 1445 1690 1513 αὐτῷ

34 1541 81 1579 15
101 1525 219 1576 κατὰ
254 1526 401 1589 μόνας
439 1525 525 1589 τὴν
548 1527 622 1576 ἐπὶ
654 1530 749 1579 τοῖς
777 1525 1072 1589 τελουμένοις
1096 1526 1287 1594 ἀνάψῃς
1326 1525 1538 1587 δύναμιν·
1594 1525 1688 1576 νόει

99 1606 149 1657 δὲ
187 1611 377 1669 μᾶλλον
415 1610 624 1668 εὐσεβῶς
665 1608 734 1659 ὅτι
775 1608 1022 1674 γενόμενος
1062 1609 1309 1674 ἄνθρωπος
1350 1609 1374 1657 ὃ
1404 1607 1687 1673 Μονογενὴς

99 1694 182 1740 τοῦ
221 1693 345 1740 Θεοῦ
385 1689 555 1753 Λόγος,
590 1691 665 1739 καὶ
704 1689 779 1740 διὰ
816 1693 898 1752 τῆς
940 1691 1056 1743 ἰδίας
1094 1691 1235 1740 αὑτοῦ
1274 1690 1454 1756 σαρκὸς
1499 1689 1685 1756 ἐνήργει

98 1770 347 1833 πολλάκις,
374 1773 435 1824 ὡς
461 1772 581 1822 ἰδίαν
610 1772 730 1839 ἔχων
751 1770 908 1836 αὐτὴν,
932 1773 985 1822 οὐ
1009 1772 1130 1823 κατὰ
1157 1771 1400 1839 σύγχυσιν
1426 1771 1453 1836 ἢ
1482 1772 1685 1840 φυρμόν.
1706 1782 1733 1821 d

99 1855 174 1904 καὶ
226 1851 390 1918 ὥσπερ
442 1853 572 1903 ε”στιν
619 1854 694 1904 ἐπὶ
739 1853 990 1918 ἀνθρώπου
1040 1853 1253 1920 τεχνίτου
1308 1858 1428 1904 νοεῖν
1473 1854 1688 1907 τέκτονος

32 1956 82 1981 20
99 1933 254 2002 τυχὼν
277 1933 306 1998 ὴ
333 1935 574 2000 σιδηρέως,
597 1935 668 1985 ὅτι
693 1939 818 1986 ποιεῖ
838 1934 897 1986 τὰ
923 1935 1038 2001 ἔργα
1064 1934 1182 1998 μετὰ
1209 1940 1291 1985 τοῦ
1320 1936 1436 1986 ἰδίου
1462 1935 1689 1999 σώματος

99 2015 305 2084 ἡψυχή·
360 2019 435 2067 καὶ
473 2018 556 2067 οὐκ
594 2017 652 2067 ἄν
677 2040 747 2070 τις
785 2017 904 2068 εἴποι
943 2020 1105 2085 ψυχῆς
1144 2017 1259 2082 ἔργα
1298 2016 1444 2080 μόνης
1482 2015 1609 2080 εἶναι,
1651 2021 1689 2068 εἱ

100 2100 174 2148 καὶ
202 2098 317 2162 αὐτὴ
343 2103 460 2149 κινεῖ
480 2097 597 2165 πρὸς
626 2099 739 2164 ε’]ογα
766 2097 819 2149 τὸ
846 2103 1002 2162 σῶμα,
1032 2098 1164 2148 ἀλλὰ
1191 2104 1272 2149 τοῦ
1300 2099 1685 2166 συναμφοτέρου·

152 2281 182 2304 1.
202 2268 297 2314 Ὅτι]
317 2269 402 2313 πρὸς
422 2268 500 2304 τοὺς
525 2268 689 2314 λέγοντας
716 2268 906 2313 praemittit
934 2273 970 2302 Γ.
1044 2273 1072 2301 Θ
1101 2269 1242 2312 reposui
1264 2280 1282 2302 e
1301 2275 1336 2303 Γ.
1357 2274 1388 2302 H
1407 2269 1548 2303 exhibet
1565 2270 1597 2303 A
1616 2282 1688 2314 mg.

102 2317 242 2360 ἐνείργει
261 2317 301 2350 C.
541 2326 573 2349 2.
598 2315 650 2349 Ita
668 2321 703 2355 Γ,
722 2322 755 2349 et
773 2321 852 2348 ante
870 2314 922 2348 ὅτι
941 2314 970 2349 C
990 2327 1060 2359 mg.
1080 2315 1238 2350 ἐπίλυσις
1255 2327 1327 2349 non
1345 2316 1485 2350 exhibet
1504 2317 1545 2350 A.
1565 2317 1688 2361 κεφαλ.

102 2365 158 2402 κβ.
175 2362 241 2396 Ed.
310 2373 342 2407 3.
361 2362 681 2406 γενέσθαι-Λόγον
701 2361 767 2395 hoc
785 2361 907 2394 ordine
924 2361 1013 2395 A.C.
1032 2363 1090 2394 τὸν
1106 2364 1270 2405 μονογενῆ
1289 2364 1396 2407 λόγον
1412 2365 1471 2396 τοῦ
1491 2365 1579 2396 Θεοῦ
1596 2364 1689 2407 ’γενέ-

103 2410 185 2444 σθαι
203 2409 315 2452 φαμέν
333 2408 399 2442 Ed.
520 2420 554 2450 4.
579 2408 772 2448 ἀποβάλλει
791 2408 829 2441 C.
849 2408 1032 2451 ἀποβάλλῃ
1052 2408 1098 2441 D.
1168 2407 1238 2441 οὐδ’
1257 2409 1352 2442 A.D.
1371 2409 1448 2443 οὐδὲ
1467 2409 1508 2443 C.
1527 2408 1602 2443 οὔθ’
1620 2409 1688 2443 Ed.

102 2466 135 2500 5.
165 2457 279 2498 νοῆται
310 2455 401 2489 C.D.
433 2457 554 2488 νοεῖται
585 2454 628 2488 A.
664 2456 774 2488 νοοῖτο
802 2454 869 2488 Ed.
953 2455 1181 2497 ποιησάμενος
1215 2457 1313 2498 σῶμα
1346 2455 1414 2490 hoc
1446 2456 1566 2489 ordine
1602 2456 1689 2490 A.C.

102 2502 134 2536 6.
167 2502 265 2546 ἁγίας
292 2507 514 2546 assumptum
545 2513 585 2535 ex
615 2501 742 2535 A.C.r.
815 2501 868 2534 καὶ
898 2500 1056 2534 θεοτόκου
1083 2501 1251 2545 παρθένου
1277 2501 1344 2535 hoc
1373 2501 1495 2535 ordine
1524 2503 1608 2536 Α.Γ.
1636 2503 1690 2536 καὶ

102 2548 260 2582 θεοτόκου
277 2560 346 2581 om.
367 2547 407 2581 C.
551 2548 583 2581 8.
608 2546 626 2590 ἢ
645 2559 713 2581 om.
734 2547 775 2581 C.
837 2546 1141 2627 ε’νανῙθρωπήσαντα
1159 2548 1194 2582 δέ
1213 2548 1256 2583 ὡς
1273 2549 1359 2593 ἔφην
1377 2548 1443 2582 hoc
1461 2548 1582 2582 ordine
1600 2548 1688 2583 A.C.

103 2595 146 2630 ὡς
164 2595 251 2639 ἔφην
268 2594 303 2628 δέ
322 2592 626 2638 ἐνανθρωπὴσαντα
646 2594 712 2628 Ed.
926 2595 1050 2638 ,φησὶ
1070 2594 1110 2628 C.
1282 2606 1334 2638 13.
1359 2595 1471 2629 τοίνυν
1488 2607 1551 2639 pro
1569 2595 1627 2629 οῦν
1646 2594 1686 2628 C.

103 2641 284 2698 ἐργάζεται
295 2641 490 2685 [εργάζηται
504 2641 547 2674 A.
552 2640 566 2685 ]
587 2641 645 2675 τὰς
663 2640 864 2683 θεοσημείας
881 2640 948 2674 hoc
965 2640 1086 2673 ordine
1100 2640 1143 2675 A.
1148 2640 1190 2674 C.
1248 2640 1336 2684 διορ
1301 2655 1400 2684 ρισης
1417 2641 1456 2676 C.
1558 2653 1612 2683 14.
1629 2642 1687 2674 αι’-

102 2690 162 2721 τοῦ
181 2688 308 2731 σαρκὸς
324 2687 391 2720 hoc
409 2686 531 2720 ordine
548 2688 591 2720 A.
597 2687 637 2720 C.
703 2686 810 2732 αὐτῷ]
835 2691 871 2727 -f—
894 2687 929 2719 δὲ
951 2685 1047 2731 [post
1064 2687 1219 2731 διορίσης
1237 2687 1359 2741 supra]
1382 2687 1422 2721 C.
1524 2696 1575 2731 15.
1604 2689 1687 2721 κατὰ

102 2735 204 2776 μόνας
221 2734 264 2767 Α.
269 2732 308 2766 C.
314 2738 349 2766 Γ.
356 2733 400 2766 D.
418 2733 500 2766 κατὰ
517 2733 622 2775 μονὴν
640 2732 706 2766 Ed.
779 2734 849 2767 τοῖς
873 2732 1088 2776 τελουμένοις
1112 2734 1155 2766 Α.
1162 2733 1202 2767 C.
1205 2739 1240 2767 Γ.
1247 2733 1292 2766 D.
1318 2735 1376 2777 τῆς
1398 2733 1600 2776 τελουμένης
1619 2733 1685 2766 Ed.

107 2789 161 2825 17.
186 2782 246 2813 τοῦ
274 2781 362 2812 Θεοῦ
391 2780 498 2822 Λόγος
526 2779 592 2812 hoc
619 2779 740 2812 Ordine
757 2779 801 2812 A.
807 2778 848 2812 C.
921 2780 1042 2813 ἑαυτοῦ
1059 2779 1103 2812 A.
1120 2780 1229 2813 invito
1249 2779 1289 2813 C.
1364 2780 1494 2824 ἐνήργει
1519 2780 1687 2814 πολλάκις

103 2825 169 2859 hoc
187 2825 308 2859 ordine
319 2825 362 2858 A.
368 2824 409 2858 C.
509 2835 562 2869 19.
581 2825 638 2858 ἐπι
653 2825 830 2869 ἀνθρώπου
847 2840 1001 2870 τεχνιτου
1015 2827 1102 2859 νοεῖν
1118 2825 1222 2870 [νοεῖν
1235 2837 1305 2859 om.
1321 2825 1367 2870 C]
1388 2826 1541 2860 τέκτονος
1554 2825 1596 2858 A.
1603 2824 1643 2858 C.
1649 2830 1686 2860 Γ.

104 2874 191 2906 νοεῖν
208 2872 262 2906 ε’πι
283 2871 318 2918 [ι
320 2885 384 2915 πε
403 2870 468 2904 Ed.
471 2870 485 2914 ]
506 2870 682 2914 ἀνθρώπου
700 2886 863 2910 τεκτονος,
881 2872 1035 2916 τεχνίτου
1054 2872 1100 2905 D.
1116 2872 1182 2906 Ed.
1337 2883 1391 2905 20.
1419 2872 1522 2915 τυχὸν
1540 2877 1630 2904 recte
1649 2877 1687 2905 ut

103 2918 173 2952 vid.
195 2918 328 2962 Mlgne.
401 2916 502 2961 μετὰ]
522 2918 603 2950 κατὰ
622 2917 688 2950 Ed.
835 2929 890 2951 21.
915 2919 1018 2961 μόνον
1036 2917 1076 2953 C.
1149 2918 1178 2950 εἷ
1195 2932 1247 2950 κιιι
1266 2918 1308 2950 Α.
1313 2917 1354 2951 C.
1374 2932 1425 2950 και
1446 2918 1492 2951 D.
1511 2917 1569 2951 κᾶν
1588 2917 1654 2950 Ed.
