1981 3247
264 130 340 164 644

322 250 422 285 1034
449 247 506 283 cd
557 248 634 295 ipse
670 248 748 284 sine
782 248 1023 284 excusatione

321 314 421 348 1038
444 312 480 352 d,
515 315 614 349 1052
636 325 668 355 c,
705 315 805 349 1054
827 326 848 349 a
890 313 1024 349 timore

320 376 438 412 victus
463 380 562 413 1052
584 377 618 413 b.

262 440 399 489 Plagae
429 454 566 489 paucae
596 447 632 477 et
664 442 801 477 multae
831 454 1023 477 servorum

316 506 467 540 Domini
497 506 726 541 voluntatem
760 505 957 541 scientium
987 512 1023 542 et

316 570 563 605 nescientium
603 572 678 607 636
701 570 724 605 b
746 583 764 606 c
786 571 821 611 d,
855 573 929 606 728
953 571 1021 611 cd,

316 634 357 669 M
384 636 430 670 17
453 635 528 676 fin.,
558 637 618 677 18,
650 635 698 671 iii.
722 637 798 671 450
819 641 896 671 not.
933 635 1023 670 Vide

316 697 514 746 Supplicia.

260 762 494 800 Plaudebant
513 763 828 811 praedicatoribus
852 764 1021 800 nonnulli

314 827 362 864 iii.
386 831 472 866 473.

260 892 384 928 Plebis
432 893 545 928 duces
593 906 660 941 pro
699 906 816 941 grege
855 893 1020 941 perituro

313 957 495 993 rationem
516 958 672 993 reddent
693 960 770 994 460
792 958 848 993 ab
862 970 893 994 e.

260 1026 282 1040 “
302 1021 451 1057 Pluviae
468 1021 775 1057 Benedictionis”
797 1022 883 1069 quid
898 1024 970 1058 651
989 1034 1018 1057 c.

258 1085 383 1121 Poena
413 1087 517 1133 pejor
548 1087 750 1134 paralytico
783 1099 863 1122 esse
892 1091 1020 1134 posset

313 1150 381 1185 nisi
405 1163 443 1186 se
464 1151 687 1186 custodisset
706 1153 780 1187 597
800 1151 823 1186 d
856 1151 1017 1186 immise—

311 1214 509 1250 ricordium
532 1215 579 1251 iii.
602 1217 689 1252 565.

258 1278 527 1314 Poenite11ti÷un
573 1280 730 1321 differre,
772 1280 1017 1328 periculosum

313 1345 389 1379 297
412 1356 442 1385 e,
466 1346 541 1380 298
563 1357 593 1381 a.

258 1407 514 1445 Poenitentiae
536 1410 673 1445 utilitas
695 1410 745 1445 iii.
766 1413 852 1447 429.

259 1478 280 1490 ‘¹
303 1472 475 1508 Pontifex
537 1474 748 1510 misericors
766 1475 786 1487 ’'
844 1474 1018 1511 Christus

311 1538 498 1584 quomodo
519 1538 568 1574 iii.
588 1541 662 1575 465
700 1540 817 1575 fidelis
831 1537 849 1554 '⁷
870 1540 917 1575 iii.
941 1542 1017 1577 466

311 1601 508 1638 oblationis
538 1616 626 1639 suae
656 1604 703 1641 iii.
727 1607 802 1640 477
852 1617 934 1640 cum
962 1605 1018 1640 Eo

309 1664 378 1702 Cui
393 1667 555 1703 oblatum
572 1674 627 1704 est
642 1667 1015 1717 Co-aequalisOhris-

310 1735 370 1766 tus
389 1731 437 1767 iii,
460 1733 548 1768 468.

255 1793 369 1830 Porta
400 1800 436 1831 et
470 1802 599 1843 portae
630 1797 814 1833 Dominus
845 1797 1017 1834 Christus

310 1860 385 1894 638
408 1859 441 1895 b.

256 1922 512 1971 Praeceptoris
537 1930 593 1960 est
613 1926 816 1973 repetendo
836 1938 910 1961 non
932 1939 1018 1974 gra-

308 1988 397 2029 vari,
420 1989 487 2024 sibi
518 2002 638 2025 noxae
668 1991 799 2038 majori
820 2003 929 2038 quarn
951 2003 1013 2026 au-

310 2052 493 2089 ditoribus
542 2054 729 2090 silentium
770 2060 900 2102 putare
948 2067 1016 2090 nec

309 2117 463 2153 Domini
479 2118 663 2154 talentum
680 2119 716 2154 in
733 2119 868 2167 ignava
885 2119 1016 2155 inertia

308 2183 455 2218 tradere
479 2185 552 2219 128
575 2196 606 2223 e,
633 2186 706 2220 129
729 2197 747 2218 a
764 2184 798 2224 b,
820 2184 866 2219 cf.
888 2186 961 2221 192
983 2196 1014 2225 e,

310 2248 386 2283 508
420 2247 454 2288 b,
493 2249 568 2284 565
605 2248 640 2289 d,
681 2248 727 2283 iii.
766 2250 841 2284 473
895 2248 1017 2283 modis

308 2312 418 2346 variis
463 2311 668 2347 difficiliora
707 2312 905 2360 explanare
941 2315 1013 2348 148

309 2375 343 2416 b,
376 2378 451 2411 214
484 2389 515 2417 e,
551 2376 596 2413 cf.
620 2379 695 2413 352
716 2377 773 2412 bc
817 2377 1016 2426 neophytis

307 2439 417 2474 fidem
441 2440 571 2475 afferre
587 2441 709 2487 potius
727 2454 834 2488 quani
854 2441 1015 2477 rationes

312 2505 386 2539 149
404 2516 433 2538 e.

253 2566 493 2615 Praeceptori
524 2569 652 2616 culpae
680 2582 753 2604 non
782 2574 838 2604 est
868 2570 1012 2605 audito-

308 2645 388 2667 rum
423 2632 577 2667 tarditas
611 2635 682 2669 148
706 2645 724 2668 e
773 2639 837 2669 aut
866 2645 1014 2669 recusa-

308 2696 360 2731 tio
394 2698 466 2732 961
506 2709 525 2732 e
583 2697 762 2732 docentur
800 2710 821 2732 a
851 2697 1014 2733 Domino

308 2760 562 2807 proximorum
583 2761 737 2796 salutem
750 2761 899 2809 majoris
908 2762 1013 2797 aesti-

309 2836 409 2859 mare
444 2837 553 2872 quani
594 2825 648 2861 sui
688 2825 854 2874 corporis
888 2838 1013 2862 curam

314 2890 386 2924 196
403 2889 425 2923 b
442 2901 471 2924 c.

793 128 1006 164 INDEX
1065 128 1309 166 RERUM.

1701 144 1852 167 PLAGAE

1092 248 1356 298 Praeceptores
1407 250 1531 286 inania
1576 251 1852 301 interrogantes

1146 315 1240 350 male
1261 315 1384 350 ferunt
1405 317 1481 351 295
1503 315 1568 352 de.

1094 378 1399 426 Praeceptoribus
1413 380 1706 415 submittendum
1726 382 1800 417 308
1816 381 1850 417 b.

1093 442 1379 491 Praeceptorum
1409 444 1591 479 bonorum
1622 445 1774 480 verbum
1807 446 1850 481 ad

1145 508 1321 543 virtutem
1354 508 1554 556 vitamque,
1586 508 1772 544 malorum
1805 510 1850 545 ad

1145 572 1390 619 perditionem
1414 575 1489 609 445
1512 585 1543 613 e,
1575 575 1651 609 446
1673 586 1693 608 a
1744 586 1850 621 repe-

1144 642 1227 672 tens
1261 637 1474 685 exemplum
1504 637 1616 673 habet
1646 637 1849 684 agricolam

1143 701 1307 737 laborem
1340 707 1569 749 repetentem
1604 704 1679 738 508
1701 702 1756 737 cd
1799 702 1846 738 D.

1145 765 1298 802 Paulum
1323 768 1397 802 508
1417 766 1449 802 d.

1091 830 1327 878 Praeceptori
1349 830 1538 878 exemplar
1558 829 1742 872 Christus,
1772 844 1846 867 non

1143 908 1272 931 omnes
1292 895 1438 930 lucrans
1460 895 1515 930 vel
1537 894 1624 942 Ipse
1646 898 1721 931 533
1754 901 1849 931 tem-

1142 972 1232 1007 pora
1245 959 1504 995 convenientia
1517 959 1718 995 observans
1734 962 1808 996 722
1817 972 1848 995 a.

1089 1024 1353 1071 Praeceptores
1379 1023 1425 1058 ad
1448 1023 1566 1058 Deum
1589 1023 1662 1066 Qui
1686 1023 1848 1059 fructum

1142 1089 1488 1135 incrementumque
1510 1088 1584 1128 dat,
1601 1088 1764 1136 aspicere
1785 1089 1848 1124 de-

1141 1153 1231 1188 bent
1253 1154 1326 1189 901
1347 1152 1370 1187 d
1412 1157 1588 1200 tanquam
1620 1158 1656 1188 et
1685 1153 1850 1201 agricola

1144 1218 1216 1254 901
1242 1230 1260 1252 e
1313 1229 1388 1252 non
1415 1217 1562 1265 gravari
1587 1222 1650 1253 aut
1679 1217 1847 1259 deficere,

1143 1281 1171 1316 si
1194 1281 1353 1316 fructum
1375 1294 1449 1316 non
1470 1281 1619 1317 videant
1642 1284 1730 1319 902.

1087 1345 1397 1393 Praeeeptoribus
1431 1359 1588 1393 gregum
1628 1347 1846 1394 spiritalium

1141 1423 1227 1446 cura
1251 1410 1474 1458 praecipitur
1498 1413 1597 1447 1119
1620 1411 1654 1447 d.

1087 1475 1352 1522 Praeceptores
1383 1475 1426 1510 iis
1461 1475 1522 1523 qui
1553 1475 1730 1511 animales
1761 1482 1849 1512 sunt

1291 1540 1474 1587 spiritales
1514 1541 1553 1575 M
1593 1542 1643 1576 54
1702 1540 1740 1576 in
1778 1540 1849 1577 Die

1140 1604 1275 1640 ,Iudicii
1296 1605 1507 1640 auditorum
1528 1605 1744 1640 surditatem
1765 1617 1850 1653 pro-

1142 1552 1234 1587 opus

1140 1668 1236 1705 ferre
1256 1682 1330 1705 non
1351 1675 1527 1716 poterunt
1548 1669 1595 1705 iii.
1619 1672 1707 1706 473.

1087 1732 1319 1769 Praedicatio
1349 1734 1564 1782 evangelica
1592 1733 1733 1771 Christi
1762 1747 1846 1782 pro-

1140 1798 1218 1846 prie
1241 1801 1331 1835 534.
1372 1798 1461 1834 Vide
1482 1799 1651 1834 Animus.

1087 1861 1268 1904 Praemia,
1308 1875 1383 1898 non
1420 1875 1562 1910 poenae
1596 1868 1756 1904 tantum,
1789 1862 1846 1898 Is-

1141 1927 1279 1962 raelitis
1317 1927 1522 1962 afferuntur
1561 1929 1637 1963 423
1664 1927 1687 1962 d

1140 1996 1262 2026 torum
1294 2004 1366 2026 non
1398 2004 1511 2038 parva
1541 1991 1583 2026 M
1607 1993 1655 2027 28
1710 2005 1848 2040 magna

1139 2055 1220 2090 Deo
1254 2055 1512 2091 obedientibus
1542 2059 1617 2092 728
1636 2056 1658 2091 d
1706 2057 1849 2105 majora

1140 2119 1356 2167 minoraque
1376 2120 1412 2155 in
1434 2120 1538 2155 coelo
1566 2122 1641 2156 763
1658 2121 1682 2155 d
1719 2133 1845 2156 eorum

1141 2184 1200 2232 qui
1223 2196 1290 2232 pro
1312 2183 1463 2221 Christo
1483 2185 1673 2232 patiantur
1694 2187 1782 2221 903.

1084 2248 1250 2284 Praemia
1279 2249 1552 2285 abundantiora
1577 2255 1617 2285 ut
1641 2250 1846 2286 severiores

1138 2313 1283 2349 labores
1303 2314 1346 2348 M
1370 2316 1418 2350 96
1446 2315 1497 2361 [p.
1517 2315 1627 2360 348].

1086 2378 1307 2426 Praeparate
1330 2378 1434 2413 Viam
1457 2378 1609 2413 Domini
1633 2380 1706 2415 109
1728 2379 1765 2414 b.

1740 1940 1844 1963 Sanc-

1086 2442 1336 2477 Praescientia
1352 2442 1420 2478 Dei
1438 2443 1706 2490 arbitriumque
1726 2443 1844 2479 homi-

1139 2507 1194 2542 nis
1216 2506 1369 2542 liberum
1391 2519 1464 2542 una
1484 2507 1694 2542 consistunt
1716 2509 1792 2544 976
1810 2521 1842 2543 a.

1085 2570 1217 2606 Preces
1238 2576 1274 2606 et
1294 2571 1500 2618 psalmodia
1522 2571 1694 2618 primum,
1712 2572 1845 2608 deinde

1137 2634 1276 2682 linguis
1296 2635 1394 2682 loqui
1418 2635 1459 2670 M
1483 2637 1532 2671 69
1555 2633 1605 2686 [p.
1627 2637 1703 2672 294
1724 2634 1820 2687 init.]

1084 2698 1197 2734 Primi
1220 2698 1339 2734 ultimi
1360 2700 1454 2735 fiunt
1478 2702 1554 2736 206
1577 2701 1644 2737 ab.

1088 2763 1273 2799 Primitiae
1305 2769 1460 2800 naturae
1492 2770 1642 2801 nostrae
1673 2765 1844 2801 Christus

1139 2829 1213 2864 814
1237 2828 1258 2863 d
1296 2829 1578 2864 resurrectionis
1606 2834 1643 2865 et
1671 2830 1766 2866 vitae
1797 2830 1840 2866 M

1140 2895 1187 2927 74
1211 2893 1284 2937 fin„
1310 2895 1356 2928 76
1381 2894 1430 2941 [p.
1451 2894 1559 2939 308].
