1986 3282
26 1002 40 1026 1

25 1827 74 1852 20

25 2243 44 2266 h)

53 2243 72 2277 ἰτι

49 579 70 616 Ε-Ἶ.

49 1001 71 1025 0

93 128 205 169 xviii.
228 143 291 185 23.
366 131 440 171 IN
473 131 515 171 S.
540 130 880 171 ιῙΟΑΝΝΕΜ.
935 129 1062 170 LIB.
1086 129 1165 170 XI.
1218 128 1355 170 CAP.
1379 128 1485 170 XII.
1628 128 1684 168 39

92 236 220 307 μόνῳ
246 240 433 302 νεύματι
458 238 639 295 πάντας
674 240 821 307 ἄρδην
846 240 1098 292 Ἰουδαίους
1134 237 1371 291 ἀπολέσαι
1407 237 1682 301 δυνάμενος,

91 321 427 387 δουλοπρεπῶς
470 322 727 389 ῥαπίζεται·
795 324 870 374 καὶ
910 323 999 391 δρᾷ
1039 320 1124 385 μὲν
1159 319 1305 384 οὐδὲν,
1345 318 1599 385 ἀντεπάγει
1639 319 1687 370 δὲ

90 406 184 452 τῶν
218 404 503 455 ἀδικούντων
542 406 692 456 οὐδενὶ
729 404 816 470 τὴν
853 407 1146 472 παραχρῆμα
1182 401 1402 462 κόλασιν,
1435 404 1532 454 ἐπεὶ
1570 401 1693 466 μηδέ

89 486 191 535 ἐστι
222 487 329 537 καθ’
359 487 480 551 ἡμᾶς
511 486 728 552 ἀσθενὴς,
755 486 784 552 ἢ
822 488 985 553 ὀργαῖς
1019 485 1048 551 ὴ
1086 485 1260 540 λύπαις
1293 484 1683 552 τυραννούμενος,

90 564 118 630 ἢ
145 571 211 636 τῷ
236 571 319 632 τῆς
343 569 620 638 πλεονεξίας
646 568 782 635 βάρει
809 569 1075 634 νικώμενος,
1102 570 1319 620 δυσωπεῖ
1341 567 1389 618 δὲ
1417 566 1578 634 πράως
1605 565 1688 618 τὸν

90 649 399 717 ἐφεστηκότα,
425 651 508 702 τὸν
531 651 663 702 οὐδὲν
690 650 897 706 ἐκτόπως
923 650 1212 714 λαλήσαντα
1242 647 1307 715 μὴ
1340 652 1508 717 χρῆναι
1535 649 1689 701 παίειν

91 731 245 795 εἰπὼν,
268 736 343 784 καὶ
370 734 524 788 αὐτοῖς
552 734 601 785 δὲ
625 739 721 788 τοῖς
748 737 970 785 δοκοῦσιν
996 731 1110 784 εἶναι
1137 736 1299 786 δεινοῖς
1326 734 1672 800 ἐναποληφθεὶς

90 818 185 864 τῶν
210 815 388 866 οἰκείων
413 815 793 881 ἐπιτηδευμάτων
820 817 903 867 οὐκ
939 817 1120 882 ἀλογεῖ.
1177 818 1403 883 λογισμῷ
1438 813 1531 880 γὰρ
1567 815 1684 864 ἀνα-

90 896 235 947 πείθει
274 901 340 966 τῲ
380 899 529 949 δέοντι
567 901 649 962 τῆς
688 900 736 949 ἐν
768 897 948 951 τούτοις
987 897 1268 964 προπετείας
1307 897 1573 963 ἀποχωρεῖν
1606 898 1728 958 τῆςο

90 983 184 1029 τῶν
223 979 460 1031 Ἰουδαίων
507 981 770 1049 ὑπεροψίας
813 978 896 1031 τὸν
941 978 1194 1046 ὑπουργὸν,
1236 977 1556 1042 κομισάμενος
1600 976 1688 1042 μὲν

90 1061 228 1115 αὐτὸς
255 1069 283 1091 “
301 1062 485 1129 πονηρὰ
523 1064 625 1114 ἀντὶ
664 1063 901 1128 ἀγαθῶν,”
931 1062 1051 1113 κατὰ
1089 1061 1144 1113 τὸ
1183 1059 1522 1128 γεγραμμένον,
1555 1061 1683 1111 ἀντι-

92 1144 243 1199 διδοὺς
271 1143 319 1196 δὲ
346 1151 440 1199 τοῖς
467 1145 773 1211 ἀτιμάζουσιν
799 1147 902 1196 ἀντὶ
927 1149 1150 1211 πονηρῶν
1177 1141 1348 1210 ἀγαθά.

152 1227 278 1278 Ἀλλ’
299 1228 322 1278 ὁ
343 1226 428 1291 μὲν
447 1228 622 1295 Κύριος
649 1228 781 1292 ἡμῶν
797 1228 985 1291 Ἰησοῦς
1007 1229 1032 1278 ὁ
1049 1225 1265 1293 Χριστὸς
1285 1227 1361 1277 καὶ
1381 1223 1689 1293 ῥαπιζόμενος

92 1309 363 1378 ἀνεξικακεῖ,
384 1311 531 1361 καίτοι
551 1310 672 1364 Θεὸς
699 1309 924 1378 ὑπάρχων
945 1307 1183 1374 ἀληθινὸς,
1202 1311 1289 1375 γῆς
1310 1331 1359 1359 τε
1386 1309 1463 1358 καὶ
1487 1308 1687 1373 οὐρανοῦ

97 1391 285 1458 Κύριος·
327 1392 455 1456 ἡμεῖς
483 1392 530 1443 δὲ
557 1395 598 1443 οἱ
625 1391 837 1455 τάλανες,
864 1395 906 1443 οἱ
933 1399 960 1422 “
979 1395 1040 1458 γῆ
1071 1393 1146 1443 καὶ
1174 1390 1396 1454 σποδὸς,”
1426 1392 1468 1442 οἱ
1494 1391 1687 1455 σμικροὶ

94 1476 167 1524 καὶ
189 1473 449 1542 ἐλάχιστοι,
468 1476 542 1525 καὶ
560 1478 618 1542 τῇ
638 1479 733 1525 τῶν
748 1474 976 1542 λαχάνων
993 1473 1117 1542 χλόῃ
1138 1471 1518 1541 παρεικασμένοι·
1541 1479 1567 1501 “
1581 1470 1687 1523 Ἄν-

1750 1058 1804 1088 Ps.

1750 1102 1862 1132 xxxiv.

1754 1154 1802 1175 12.

1749 1391 1833 1421 Gen.

1749 1434 1838 1465 xviii.
1861 1442 1910 1474 27.

1750 1478 1869 1509 1>ε.οῑῑ.

1756 1530 1804 1560 15*

94 1563 120 1585 ‘⁴
147 1560 334 1621 θρωπος
361 1556 454 1623 γὰρ
482 1558 595 1607 ὡσεὶ
621 1556 791 1624 χόρτος
825 1559 872 1607 αἶ
905 1555 1069 1623 ἡμέραι
1103 1557 1260 1618 αὐτοῦ,
1288 1556 1363 1606 καὶ
1399 1556 1512 1606 ὡσεὶ
1546 1554 1688 1607 ἄνθος
1706 1567 1915 1604 211029A.

894 1639 903 1655 ἱ

93 1646 119 1667 “
145 1643 227 1688 τοῦ
251 1640 401 1704 ἀγροῦ
429 1639 575 1693 οὕτως
611 1638 889 1707 ἐξανθήσει,’
933 1638 1054 1689 κατὰ
1087 1637 1142 1689 τὸ
1177 1636 1520 1704 γεγραμμένον·
1565 1635 1689 1690 τινὸς

93 1720 197 1770 ἔσθ’
227 1719 301 1771 ὅτε
336 1724 431 1771 τῶν
458 1722 680 1787 ἀδελφῶν
709 1720 1019 1774 διαπεσόντος
1057 1724 1120 1774 εἰς
1157 1719 1324 1785 λόγον,
1354 1720 1430 1770 καὶ
1457 1717 1618 1785 βραχύ
1643 1741 1690 1768 τι

94 1802 555 1872 παραφθεγξαμένου
610 1808 705 1854 τῶν
762 1804 995 1854 εἰωθότων
1050 1807 1230 1864 λυπεῖν,
1283 1800 1553 1868 δρακόντων
1605 1799 1690 1863 μὲν

94 1886 225 1949 δίκην
266 1886 642 1951 ἐκπικραίνεσθαι
681 1887 775 1936 δεῖν
814 1884 883 1936 ἐπ’
924 1886 1049 1954 αὐτῷ
1087 1883 1386 1951 λογιζόμεθα,
1423 1883 1602 1949 μυρίοις
1641 1881 1689 1933 δὲ

94 1967 198 2017 ἄνθ’
226 1967 327 2021 ἑνὸς
352 1971 826 2036 κατασφενδονῶντες
854 1967 1017 2034 λόγοις
1052 1968 1106 2018 οὐ
1142 1965 1472 2033 κορεννύμεθα,
1502 1965 1556 2016 οὐ
1589 1969 1690 2018 ταῖς

92 2049 406 2115 ἀνθρωπίναις
455 2051 793 2119 μικροψυχίαις
839 2054 1090 2118 κιχρῶντες
1140 2048 1227 2113 τὴν
1272 2048 1464 2117 ἄφεσιν,
1506 2047 1560 2098 οὐ
1604 2045 1690 2110 τὴν

203 2131 217 2146 Χ
313 2135 333 2144 ἢ
442 2131 453 2147 Ι
623 2134 634 2148 2
749 2138 769 2147 Α
927 2134 937 2148 9
1024 2130 1036 2148 Ι
1236 2132 1247 2146 ’
1329 2134 1350 2144 Α
1600 2128 1612 2145 Ι

93 2155 250 2196 κοινην
278 2155 360 2196 της
385 2136 577 2200 φυσεως
611 2155 873 2186 εννοουντες
911 2135 1171 2194 ασθενειαν,
1198 2154 1251 2181 ου
1286 2154 1352 2200 τῳ
1389 2134 1688 2198 φιλαλληλῳ
1707 2139 1733 2179 b

94 2213 472 2280 καταχωννύντες
517 2213 675 2284 τρόπῳ
719 2213 804 2267 τὰς
848 2216 1059 2265 ἐντεῦθεν
1103 2212 1263 2279 ὀργὰς,
1307 2213 1392 2263 οὐκ
1434 2215 1497 2266 εἷς
1542 2209 1686 2261 αὐτὸν

94 2296 450 2357 ἀποβλέποντες
477 2302 504 2325 “
524 2295 607 2348 τὸν
633 2299 715 2360 τῆς
749 2296 956 2349 πίστεως
993 2296 1125 2360 ἡμῶν
1151 2293 1365 2362 ἀρχηγὸν
1391 2295 1466 2344 καὶ
1492 2299 1681 2344 τελειω-

95 2385 122 2408 cc
187 2377 199 2394 ³
283 2379 292 2394 ’
426 2384 445 2394 ἢ
491 2379 515 2395 ”
578 2380 589 2395 ’
665 2379 676 2394 ’
734 2379 743 2393 ‘
870 2377 882 2393 *
973 2378 983 2392 ’
1114 2382 1133 2391 ς
1386 2375 1396 2387 ’
1672 2376 1684 2392 ⁸

148 2401 234 2443 την
300 2382 488 2443 Ιησουν,
563 2385 664 2429 αλλ
722 2401 913 2432 εαυτους
962 2380 1156 2428 εκδικειν
1205 2375 1566 2442 σπουδαζοντες,
1611 2397 1686 2425 και

94 2467 233 2512 τοῦτο
267 2465 459 2526 πικρῶς,
488 2461 636 2512 καίτοι
672 2463 755 2524 τῆς
792 2460 918 2514 θείας
955 2459 1194 2526 λεγούσης
1228 2461 1435 2526 γραφῆς,
1463 2456 1576 2509 ποτὲ
1602 2456 1687 2520 μὲν

94 2544 165 2595 ὅτι
197 2551 224 2573 “
251 2545 348 2594 ὁδοὶ
387 2542 693 2608 μνησικάκων
733 2548 796 2597 εἷς
835 2541 1078 2605 θάνατον,”
1113 2540 1227 2593 ποτὲ
1266 2541 1316 2592 δὲ
1353 2539 1502 2591 πάλιν
1536 2546 1563 2569 “
1584 2538 1687 2603 Τὴν

25 2658 74 2693 30
95 2633 121 2656 ‘⁶
148 2626 312 2676 κακίαν
350 2625 550 2678 ἕκαστος
589 2630 672 2676 τοῦ
711 2625 924 2693 ἀδελφοῦ
962 2625 1106 2675 αὐτοῦ
1147 2623 1213 2687 μὴ
1253 2623 1599 2687 μνησικακείτω
1639 2622 1687 2671 ἐν

97 2715 123 2737 “
149 2711 248 2760 ταῖς
274 2707 484 2772 καρδίαις
512 2707 686 2769 ὑμῶν.”
728 2706 858 2756 ἀλλὰ
886 2706 979 2771 γὰρ
1006 2708 1068 2759 εἷς
1093 2705 1242 2756 τύπον
1270 2705 1379 2768 ἡμῖν
1406 2700 1687 2769 ἡμερότητος

146 2907 177 2938 5.
205 2897 243 2929 τὸ
262 2895 354 2929 Λιιὶ),
375 2895 508 2929 correxi
527 2907 567 2929 ex
589 2895 627 2929 E.
894 2905 946 2928 ΙΙ.
974 2894 1046 2928 ἀντὶ
1066 2894 1106 2927 Ε.
1125 2893 1193 2927 ἀντ’
1215 2893 1282 2928 Ed.
1307 2892 1398 2938 [ἀντὶ
1415 2891 1551 2935 ἀγαθῶν
1569 2889 1687 2933 Alex]

103 2954 155 2985 15.
185 2943 215 2976 οἱ
233 2943 296 2976 ult.
317 2942 357 2976 E.
376 2942 429 2976 καὶ
448 2942 515 2978 Εάο
662 2954 714 2987 19.
741 2956 772 2975 τι
790 2948 1013 2986 assumptum
1029 2952 1071 2974 ex
1090 2940 1131 2975 E.

1750 2293 1839 2324 Heb.
1854 2293 1911 2325 xii.

1751 2347 1766 2358 η

1750 2380 1845 2411 Rom.
1853 2379 1909 2411 xii.

1752 2433 1801 2465 19.

1748 2541 1912 2573 Prov.xii.

1752 2594 1766 2615 2
1775 2594 1801 2623 7.

1748 2629 1844 2659 Zach.
1856 2628 1912 2658 vii.

1754 2681 1800 2703 10.
