2027 3257
105 201 174 242 [ιε
192 202 272 243 Μ]

270 312 291 346 9

90 577 122 607 S.
138 576 262 607 Matth.

90 621 180 651 xviii.
196 619 244 650 16.

89 903 139 933 Ib.
155 903 256 934 xxvii.

90 955 141 985 34-

249 1242 290 1266 11

159 1600 215 1634 43
233 1598 293 1634 M.

310 138 395 177 240
504 138 555 178 B.
588 137 836 177 CYRILLI
873 137 1223 177 ALEXANDR.
1261 137 1632 178 FRAGMENTA
1692 138 1801 191 xi.9,
1826 151 1888 177 11.

455 299 529 340 Καὶ
565 298 696 349 Δαβὶὃ
735 301 846 347 λεΤει
886 298 1115 340 ΓενΗθήτω
1153 298 1175 339 ἡ
1215 298 1400 356 τράπεζα
1437 299 1579 340 αὐτῶν
1616 302 1756 344 κ.τ.λ.

387 410 592 471 Γενηθήτω
627 413 778 479 φησιν
805 414 825 471 ἦ
852 411 1055 480 τράπεζα
1083 410 1221 462 αὐτῶν
1247 416 1304 465 εἰς
1332 407 1534 476 παγίδα,
1564 415 1637 461 καὶ
1670 409 1730 461 τὰ
1762 410 1889 479 ἑξῆς·

311 493 612 559 παρακομίζει
638 491 756 557 πρὸς
782 491 1020 560 ἀπόδειξιν
1046 490 1110 542 ὧν
1136 489 1232 543 εἷπε
1260 493 1335 542 καὶ
1362 491 1558 558 γράμμα
1582 492 1890 560 προφητικὸν,

313 574 400 641 οὐχ
425 573 525 627 ἑνὸς
552 573 683 624 ἀλλά
710 573 792 624 δύο
818 577 1078 641 προφητῶν
1103 573 1221 640 πρὸς
1246 574 1504 635 σύστασιν,
1533 581 1559 602 “
1578 574 1654 623 ἵνα
1679 575 1753 624 ε’πὶ
1779 572 1892 624 στό-

312 662 340 684 “
365 678 512 718 ματος
530 655 612 706 δύο
638 657 712 705 καὶ
729 660 870 721 τριῶν
895 656 1146 722 μαρτύρων
1168 660 1325 723 σταθῇ
1351 660 1445 706 πᾶν
1463 655 1631 722 ῥῆμα.”
1664 654 1892 721 ἐπάρατος
1912 681 1934 720 5

311 736 404 803 γὰρ
439 739 514 787 καὶ
551 742 685 800 μᾶλα
719 738 868 803 ὀρθῶς
903 738 1095 802 γε’γονεν
1125 737 1262 788 αὐτῶν
1293 737 1556 806 ητράπεζα,
1584 736 1827 787 τουτέστιν
1864 736 1893 799 ἡ

313 819 558 887 κακοξενία
585 820 661 869 καὶ
687 819 714 882 ἡ
742 817 939 882 ὠμότης,
965 819 1023 883 ἣν
1048 821 1122 870 ἐπὶ
1143 822 1341 886 Χριστῷ
1368 820 1642 882 πεποίηνται
1669 817 1787 868 κατὰ
1812 816 1894 868 τὸν

311 906 396 951 τοῦ
415 905 741 967 σταυροῦσθαι
761 900 936 967 καιρόν·
978 900 1250 970 δεδιψηκότι
1275 900 1368 966 γὰρ
1389 901 1514 969 αὐτῷ
1537 899 1894 966 προσεκόμισαν

313 981 423 1051 ὅξος
455 984 580 1050 χολῇ
618 983 868 1049 συμμιγές·
918 982 993 1033 διὰ
1028 989 1166 1033 τοῦτο
1198 985 1272 1033 καὶ
1307 982 1647 1046 ἐσκοτώθησαν
1672 980 1755 1032 τὸν
1786 986 1896 1032 νοῦν

314 1066 389 1114 καὶ
415 1063 541 1115 κάτω
568 1063 804 1132 κεκύφασι
829 1063 950 1128 μόνα
977 1063 1316 1133 φανταζόμενοι
1341 1064 1400 1114 τὰ
1425 1066 1498 1115 ἐπὶ
1524 1066 1628 1129 γῆς.

489 1225 608 1272 ΛέΓω
644 1222 732 1276 οὖν,
769 1224 824 1274 μή
864 1224 1070 1267 ἔπταισαν
1108 1225 1177 1267 ἵνα
1215 1225 1405 1277 Πέσωσι;
1443 1224 1498 1273 μὴ
1539 1225 1716 1272 Γένοιτο.

380 1335 589 1403 Ἄγαμαί
623 1361 681 1389 σε
707 1341 789 1403 τῆς
816 1340 1068 1402 ἐπιεικείας,
1094 1336 1130 1389 ὦ
1156 1337 1375 1390 θεσπέσιε
1403 1342 1583 1400 Παῦλε,
1609 1335 1896 1405 μεταχειρίζῃ

313 1418 407 1486 γὰρ
457 1420 681 1488 εὐτεχνῶς
727 1423 810 1484 τῆς
856 1421 1119 1484 οἰκονομίας
1168 1419 1275 1474 τοὺς
1319 1420 1511 1486 λόγους·
1581 1422 1683 1487 οὐχὶ
1724 1419 1896 1483 ταύτης

313 1501 442 1552 ἕνεκα
479 1504 562 1564 τῆς
603 1505 751 1556 αἰτίας
789 1506 1050 1567 κεκλῆσθαι
1095 1502 1154 1554 τὰ
1192 1504 1302 1567 ε”θνη
1338 1500 1687 1566 διατεινόμενος,
1723 1501 1799 1552 ἵνα
1835 1505 1897 1554 εἰς

1919 1090 1964 1115 10

323 1582 344 1600 ιν
499 1585 509 1599 ›
631 1584 644 1601 t
799 1588 818 1597 n
916 1589 926 1603 ‚
1074 1583 1088 1600 x
1177 1587 1187 1601 9
1267 1586 1278 1602 t
1404 1586 1414 1600 e
1446 1584 1456 1600 2
1595 1583 1607 1599 x
1718 1582 1767 1603 'e'

314 1607 440 1635 απαν
483 1607 719 1635 αποπεσοι
763 1607 846 1649 της
890 1609 953 1639 εις
999 1589 1124 1636 Θεον
1165 1588 1354 1638 ελπιδος
1395 1608 1420 1635 ο
1463 1588 1649 1650 Ισραηλ
1693 1606 1767 1634 οια
1807 1605 1896 1633 τινι
1917 1604 1964 1642 15

313 1665 433 1735 λίθῳ
458 1666 852 1732 περιπταίσαντες
877 1670 1091 1735 Χριστῷ,
1118 1667 1230 1716 ἀλλ’
1258 1667 1332 1718 ἵνα
1362 1671 1554 1730 μᾶλλον
1580 1663 1688 1719 τοὺς
1722 1664 1893 1729 ἀδοκή-

311 1770 402 1800 τως
444 1748 821 1813 εἶσδεδεγμένους
858 1748 1253 1815 παραζηλοῦντες,
1292 1752 1577 1812 μεταμαθεῖν
1615 1746 1798 1798 ἕλοιντο
1837 1746 1897 1798 τὰ

313 1828 499 1896 αἰσχίω,
528 1831 603 1880 καὶ
642 1834 832 1897 φρονεῖν
858 1830 1045 1894 ἄμεινον
1076 1830 1104 1895 ὴ
1143 1832 1267 1896 πρὶν,
1306 1827 1649 1898 παραδέξαιντό
1687 1851 1737 1879 τε
1776 1831 1895 1879 οὕτω

313 1909 396 1961 τὸν
440 1910 702 1977 λυτρωτήν.
771 1911 1132 1978 παραστήσεται
1177 1911 1225 1963 δὲ
1270 1913 1294 1961 ὁ
1340 1912 1485 1977 λόγος
1531 1914 1591 1965 ὡς
1636 1913 1683 1961 ἐν
1727 1915 1902 1977 βραχεῖ

313 1993 672 2057 παραδείγματι·
713 1998 874 2047 παῖδες
900 1994 986 2055 μὲν
1006 1993 1099 2060 γὰρ
1125 1994 1233 2045 ἔσθ’
1263 1993 1339 2044 ὅτε
1364 1994 1522 2059 μικροί
1543 2016 1592 2044 τε
1619 1995 1694 2044 καὶ
1715 1992 1895 2056 ἄνηβοι,
1918 2017 1966 2040 20

314 2074 397 2127 τὰς
441 2079 537 2128 τοῖς
582 2076 647 2126 ε”τι
692 2077 871 2139 νηπίοις
914 2076 1189 2140 πρέπουσας
1230 2077 1520 2143 εἰσδέχονται
1564 2075 1731 2128 λύπας·
1799 2072 1896 2126 εἶτα

314 2155 493 2222 πατρὸς
532 2155 559 2221 ἢ
592 2156 767 2224 μητρὸς
805 2157 1156 2223 ἀποδραμόντες
1194 2156 1364 2225 βραχὺ,
1405 2156 1775 2225 ἀπροφάσιστον
1811 2156 1896 2220 μὲν

315 2242 410 2288 τῶν
444 2237 668 2302 ὀμμάτων
704 2238 987 2307 καταχέουσι
1026 2240 1244 2305 δάκρυον,
1284 2245 1493 2291 λυποῦσι
1531 2238 1579 2290 δὲ
1616 2240 1668 2289 οὐ
1701 2238 1897 2305 μετρίως

316 2321 422 2373 τοὺς
448 2321 798 2386 γεγεννηκότας·
853 2320 983 2388 φέρει
1020 2321 1115 2387 γὰρ
1142 2325 1203 2374 εἰς
1228 2327 1366 2372 τοῦτο
1398 2324 1479 2384 τῆς
1507 2323 1711 2388 φυσικῆς
1748 2326 1891 2389 φιλο-

317 2403 544 2467 στοργίας
572 2404 596 2452 ὁ
626 2401 782 2466 νόμος·
838 2405 913 2453 καὶ
947 2401 1002 2466 δὴ
1029 2406 1112 2467 τῆς
1146 2404 1463 2472 μικροψυχίας
1503 2405 1577 2453 καὶ
1617 2402 1895 2466 εἶκαιότητος
1918 2422 1965 2460 25

318 2491 660 2549 νηπιοπρεποῦς
688 2484 974 2551 ἀφιστάντες
1002 2485 1238 2552 εὐτέχνως,
1264 2485 1448 2535 παιδίον
1474 2484 1639 2538 ἁπλῶς
1665 2483 1718 2534 τὸ
1745 2507 1896 2550 παρα-

316 2563 459 2632 τυχὸν
499 2564 804 2630 ἁρπάζουσιν,
847 2567 972 2633 αὐτῷ
1013 2589 1062 2616 τε
1112 2566 1417 2631 προσάγουσι
1458 2564 1540 2618 τὰς
1584 2564 1713 2631 παρὰ
1754 2570 1897 2634 σφῶν

317 2645 466 2710 τιμὰς,
517 2645 894 2712 παραζηλοῡντες
946 2649 1089 2697 ἐκεῖνο
1141 2648 1216 2697 καὶ
1267 2646 1364 2697 οἷον
1415 2647 1779 2713 κατερεθίζοντες
1836 2651 1896 2701 εἰς

365 2801 397 2833 3.
426 2790 498 2823 Ine.
517 2789 790 2833 παρακομίζειΑ.
959 2797 1038 2833 3—5.
1068 2789 1163 2822 Haec
1182 2788 1537 2833 παρακομίζει-ῥῆμα
1555 2795 1774 2823 accesserunt
1793 2802 1833 2823 ex
1851 2791 1895 2825 A.

318 2837 350 2871 6.
370 2837 404 2870 δέ
423 2848 485 2881 pro
502 2837 566 2881 γὰρ
585 2836 637 2869 καὶ
655 2836 698 2869 Α.
843 2847 874 2879 9,
899 2846 950 2870 10.
977 2836 1139 2879 διὰ-γῆς
1156 2842 1335 2879 assumpta
1353 2847 1393 2868 ex
1413 2837 1455 2869 A.
1580 2847 1632 2869 12.
1662 2837 1734 2871 Ine.
1754 2838 1797 2871 ὡς
1814 2837 1895 2881 (lya-

317 2898 375 2926 μαι
394 2884 436 2918 Α.
461 2924 467 2931 .
584 2892 634 2925 15.
663 2881 724 2927 εἷς]
744 2883 828 2925 πρὸς
847 2882 889 2915 A.
1033 2882 1084 2915 16.
1109 2882 1333 2925 περιπταίσας
1352 2883 1394 2916 Α.
1539 2894 1593 2916 20.
1620 2897 1654 2916 τε
1673 2890 1896 2928 assumptum

318 2942 357 2963 ex
378 2932 419 2963 A.
612 2929 666 2964 26.
693 2931 730 2962 τὸ
751 2930 793 2962 Α.
812 2943 846 2963 τε
868 2928 932 2962 Ed.
1126 2937 1179 2973 27.
1206 2929 1294 2973 αὐτῷ
1312 2928 1365 2973 τε]
1385 2929 1437 2962 καὶ
1456 2928 1562 2974 τούτῳ
1581 2929 1622 2962 Α.

2019 2894 2027 3041 ψ
