2012 3272
142 169 160 191 B
168 168 186 191 A
196 169 212 192 Ρ
217 170 238 192 Τ
244 169 252 192 l
259 169 325 192 STA

193 279 268 313 923
291 289 311 311 a
324 276 358 317 b,
383 278 582 317 975-977‚
606 276 646 311 M
671 277 735 316 20,
755 278 817 316 21,
839 278 900 316 23,

194 343 338 382 36-40,
379 341 426 377 iii.
461 343 550 381 552,
590 340 636 376 cf.
666 340 709 376 M
735 343 783 376 32
824 340 901 376 sine

191 405 261 441 Dei
281 418 351 453 ope
373 406 559 453 impotens
581 408 657 441 976
679 405 702 441 b
719 418 738 441 c
755 405 792 442 d.

683 155 894 191 INDEX
957 156 1199 192 RERUM.

1657 161 1733 194 615

974 276 1165 323 Baptisma
1201 277 1237 311 in
1278 275 1348 312 SS.
1370 276 1591 313 Trinitatem
1627 280 1671 313 17
1704 291 1735 321 e,

1027 342 1076 376 93
1098 353 1130 382 a,
1154 340 1193 375 M
1221 342 1267 377 10
1317 341 1382 377 sed
1411 347 1448 377 ct
1479 342 1515 376 in
1544 341 1736 378 Christum

1028 404 1070 440 M
1101 408 1160 441 10.

135 470 261 506 Arbor
280 470 388 506 nobis
405 476 442 506 et
461 470 639 506 damnum
657 476 693 506 et
714 470 901 505 revocatio
972 468 1165 517 Baptisma
1191 472 1263 506 147
1286 483 1317 511 c,
1344 473 1417 507 159
1440 471 1475 512 d,
1503 474 1576 507 164
1597 485 1628 517 e,
1660 474 1736 508 602

195 537 296 571 1060
314 548 344 571 c.

136 601 233 636 Arca
270 606 382 649 typus
422 601 588 642 Christi;
634 614 777 642 aurum,
817 601 902 649 quia

189 671 292 701 totus
325 666 512 713 pretiosus
544 672 622 702 est:
668 667 812 714 lignum
847 666 900 702 in-

191 731 442 778 corruptibilis
463 736 500 767 et
521 731 615 779 legis
639 731 900 778 repositorium

190 795 275 842 quia
315 795 478 831 Carnem
516 795 701 831 inhabitat
736 796 901 831 Verbum

191 861 264 896 388
288 872 308 895 a
321 860 344 895 b
381 860 479 895 intra
498 859 621 896 velum
643 860 728 907 quia
746 860 902 896 abscon-

190 924 289 960 ditus
316 924 354 960 in
383 937 493 960 carne
523 923 627 961 Deus
656 925 826 961 Verbum
851 925 899 961 ib.

188 988 248 1024 bc
284 989 465 1038 populum
495 990 684 1037 praecedit
716 990 803 1038 quia
832 1003 901 1026 nos

188 1054 267 1102 agit
288 1054 390 1091 Deus
418 1054 592 1090 Christus
612 1055 662 1091 ib.
685 1055 842 1092 d—389
865 1055 900 1091 d.

134 1118 265 1154 Ariani
304 1119 482 1155 haeretici
518 1121 563 1156 19
586 1120 622 1161 d,
655 1122 705 1156 20
727 1132 759 1161 e,
795 1123 843 1156 25
867 1133 898 1161 e,

190 1185 266 1219 496
288 1196 321 1225 a,
355 1186 428 1220 521
456 1196 488 1226 e,
520 1184 571 1220 iii.
589 1185 681 1229 370,
702 1187 791 1225 371,
811 1187 898 1226 583,

187 1248 235 1284 cf.
257 1248 308 1284 iii.
332 1250 423 1292 367,
447 1251 522 1285 375
566 1248 723 1284 Judaeis
753 1250 899 1298 pejores

192 1315 265 1349 178
284 1326 319 1349 a.

133 1377 253 1413 Arieti
273 1377 465 1414 confertur
486 1377 660 1415 Christus
686 1381 786 1416 1096
808 1380 841 1415 b.

133 1442 251 1478 Arma
270 1442 450 1490 spiritalia
471 1455 564 1490 quae
584 1442 625 1479 M
652 1446 739 1480 101.

132 1507 326 1544 Articulus
363 1508 647 1556 grammaticus,
678 1521 807 1544 verum
843 1521 898 1545 se-

183 1573 430 1620 junctumque
473 1573 606 1609 definit
646 1576 695 1610 39
718 1574 753 1616 d,
792 1576 841 1610 64
863 1575 898 1619 b,

188 1638 264 1673 683
280 1650 311 1679 a,
337 1639 438 1674 1109
460 1651 492 1673 c.

132 1702 315 1738 Ascensio
332 1702 473 1738 Christi
490 1701 623 1739 Carnis
643 1703 750 1739 nobis
773 1715 897 1740 neces-

187 1766 325 1802 sarium
347 1767 454 1803 valde
475 1769 553 1803 916
575 1779 608 1803 e.

135 1830 306 1867 Ascetica
328 1831 406 1868 sine
426 1844 553 1868 amore
574 1831 666 1867 nihil
693 1835 769 1869 754
791 1847 810 1869 c
828 1834 850 1869 d
867 1847 896 1870 e.

134 1901 156 1914 “
172 1895 316 1932 Audire
333 1895 355 1908 '’

190 1962 266 1997 549
289 1973 321 1997 c,

131 2031 155 2045 “
172 2025 315 2062 Audire
330 2025 350 2038 ’'
369 2037 479 2074 saepe
497 2031 519 2045 “
535 2026 718 2062 obedire'’
735 2029 812 2064 567
829 2028 852 2064 d
865 2041 896 2065 e.

130 2089 311 2125 Auricula
349 2089 482 2126 dextra
528 2089 764 2139 sinistraque,
806 2105 898 2140 quae

192 2156 292 2190 1018
315 2166 335 2189 c
351 2154 386 2189 d.

395 1895 440 1931 de
479 1896 560 1932 Deo
605 1896 757 1943 dictum,
806 1898 899 1935 scire

500 2261 531 2296 B

132 2350 188 2386 ΒΑ
197 2361 392 2385 PTISMATE
413 2349 463 2391 in,
482 2348 730 2397 interrogatio
750 2351 895 2387 confes-

186 2415 314 2462 sioque
354 2413 502 2461 triplex,
543 2412 685 2450 Christi
725 2416 897 2463 exemplo

190 2481 288 2516 1191
325 2479 348 2514 d
395 2478 582 2527 perfectos
620 2479 733 2516 efficit
770 2479 812 2516 M
847 2481 893 2517 61

187 2545 239 2591 [p.
257 2544 365 2591 279]‚
392 2543 441 2579 iii.
465 2546 540 2581 422
570 2544 741 2581 remissio
768 2558 896 2593 pecca-

184 2612 311 2643 torum
349 2607 390 2643 M
435 2610 478 2644 11
548 2609 756 2657 consepulti
813 2623 897 2646 cum

186 2671 340 2708 Christo
356 2673 545 2720 quomodo
562 2672 603 2709 M
622 2675 668 2711 12
701 2673 898 2722 Baptisma

184 2741 271 2785 post
290 2736 376 2772 fidei
397 2737 672 2774 confessionem
694 2738 735 2775 M
757 2742 816 2775 11.

132 2800 376 2849 Baptismatis
403 2801 650 2838 ministerium
675 2806 760 2839 πᾶσι
780 2820 895 2851 τεταγ-
930 2817 932 2826 ’

185 2866 294 2910 μένοις
332 2866 378 2901 εἷς
415 2866 599 2911 ἐπισκοπὴν
638 2868 824 2905 commisit
856 2868 894 2905 S.

187 2929 322 2965 Paulus
344 2929 387 2965 M
410 2932 470 2966 50.

1026 535 1049 570 d
1070 547 1089 571 e
1129 535 1375 571 sanctificatio
1403 537 1540 584 duplex
1571 538 1738 585 corporis

1025 605 1062 635 et
1082 600 1228 636 animae
1253 603 1326 636 147
1349 613 1369 636 c
1403 614 1422 637 e
1445 602 1524 637 Deo
1544 607 1652 637 natos
1683 602 1736 637 ef-

1026 665 1114 706 ficit,
1147 665 1316 701 Naturae
1339 665 1497 702 Divinae
1525 667 1736 714 participes,

1026 735 1063 765 et
1093 729 1274 777 Spiritum
1307 729 1488 766 Sanctum
1522 731 1558 766 in
1596 731 1738 779 seipsos

1025 794 1185 830 incolam
1219 798 1295 831 475
1318 809 1351 836 c,
1383 796 1427 831 cf.
1455 798 1557 832 1086
1579 809 1611 837 a,
1648 796 1689 831 M
1717 799 1733 831 1

1024 871 1100 907 per,
1124 859 1264 895 Christi
1288 873 1416 896 sumus
1438 861 1481 896 M
1505 863 1554 897 50
1576 860 1655 896 init.

972 924 1164 971 Baptisma
1197 924 1358 960 Joannis
1395 927 1468 962 156
1499 938 1518 960 c
1569 925 1736 961 Distine-

1024 989 1146 1026 tiones
1176 990 1454 1038 Baptismatum
1483 990 1651 1026 locorum
1682 990 1736 1026 di-

1025 1055 1199 1091 versitate
1220 1055 1388 1091 innuitur
1413 1058 1485 1091 157
1503 1068 1533 1091 a.

970 1120 1216 1167 Baptismatis
1257 1121 1392 1156 modus
1433 1123 1509 1157 630
1539 1132 1558 1155 c
1580 1120 1603 1155 d
1652 1119 1738 1156 fidei

1023 1185 1209 1220 confessio
1239 1185 1288 1230 in,
1319 1199 1395 1221 non
1424 1185 1640 1221 hominibus
1671 1185 1737 1221 sed

1024 1249 1108 1285 Deo
1140 1250 1240 1286 facta
1265 1253 1341 1286 683
1365 1251 1387 1286 d
1427 1262 1653 1298 sponsorum
1686 1250 1736 1295 in,

1025 1314 1178 1350 Martha
1198 1315 1389 1363 exemplar
1410 1317 1487 1351 683
1510 1315 1533 1351 d
1552 1328 1585 1351 e.

970 1379 1213 1426 Baptismatis
1242 1379 1426 1427 primitiae
1457 1393 1573 1428 aquae
1604 1379 1736 1417 effusio

1022 1457 1041 1480 e
1063 1444 1205 1480 Christi
1222 1445 1356 1481 Latere
1382 1448 1483 1481 1074
1506 1458 1537 1481 c.

970 1509 1163 1556 Baptisma
1190 1510 1237 1545 ad
1261 1510 1507 1558 praeparatiO,
1528 1510 1621 1546 fides
1642 1510 1735 1546 vita-

1023 1587 1093 1622 que
1114 1575 1174 1622 pia
1198 1577 1295 1611 1101
1321 1575 1354 1612 d.

973 1639 1202 1686 Baptismate
1231 1653 1307 1675 non
1333 1640 1469 1688 egebat
1491 1639 1664 1676 Christus
1685 1640 1732 1675 iii.

1026 1706 1116 1740 526.

970 1768 1210 1816 Baptismalis
1250 1783 1345 1818 aqua
1376 1769 1567 1817 quomodo
1597 1770 1735 1806 virtute

1022 1833 1191 1880 praedita
1219 1836 1292 1870 147
1315 1834 1348 1869 d.

970 1897 1152 1945 Baptista,
1167 1899 1353 1947 baptisma
1369 1912 1390 1935 a
1406 1898 1559 1936 Christo
1580 1912 1733 1949 rogans,

1021 1962 1258 2011 baptismatis
1289 1964 1408 2000 sancti
1433 1964 1594 2013 gratiam
1615 1977 1734 2013 agno-

1026 2028 1095 2064 scit
1117 2032 1193 2065 475
1216 2029 1239 2065 b
1256 2041 1288 2065 c.

968 2095 1140 2142 Baptista
1160 2107 1235 2130 non
1252 2092 1437 2142 Angelus,
1453 2094 1518 2130 sed
1534 2108 1555 2130 a
1571 2094 1735 2130 Domino

1022 2160 1073 2195 ita
1102 2158 1331 2200 nominatus,
1362 2158 1449 2206 quia
1477 2158 1628 2200 missus,
1651 2159 1737 2206 quia

1022 2223 1104 2264 Dei,
1125 2235 1198 2258 non
1222 2235 1300 2263 sua,
1321 2223 1436 2258 verba
1455 2223 1610 2270 loquens
1631 2224 1677 2259 61
1703 2235 1734 2265 c,
1778 2220 1783 2225 ⁷

1023 2289 1071 2324 62
1098 2300 1117 2323 c
1165 2287 1265 2323 Laus
1294 2288 1375 2335 ejus
1406 2288 1455 2323 64
1486 2300 1520 2329 a,
1569 2287 1618 2323 iii.
1641 2290 1732 2331 459,

1021 2352 1212 2388 Nativitas
1237 2352 1317 2399 ejus
1342 2364 1428 2387 cum
1457 2351 1609 2388 Christo
1638 2352 1735 2388 nati—

1021 2416 1137 2453 vitate
1163 2422 1381 2464 comparata
1414 2418 1488 2453 125
1542 2417 1733 2464 quomodo

1021 2482 1187 2518 minutus
1239 2483 1314 2518 160
1367 2482 1542 2525 Veritati,
1592 2482 1629 2518 id
1676 2487 1734 2518 est

1021 2545 1188 2592 Christo,
1235 2546 1496 2583 testimonium
1544 2546 1734 2595 perhibuit

1022 2613 1099 2648 244
1120 2611 1143 2647 b
1173 2611 1378 2647 Dominum
1409 2624 1517 2647 suum
1538 2612 1732 2648 confessus

1020 2681 1077 2712 est
1097 2675 1145 2712 iii.
1161 2678 1238 2712 459
1269 2675 1431 2712 officium
1448 2688 1555 2711 suum
1572 2675 1732 2723 explicat

1025 2743 1098 2777 110
1109 2753 1128 2776 e
1151 2740 1339 2788 Propheta
1355 2740 1464 2776 simul
1477 2745 1513 2776 et
1522 2739 1732 2787 Apostolus

1025 2807 1097 2841 113
1120 2818 1140 2840 a
1170 2805 1358 2853 Propheta
1378 2809 1464 2840 ante
1483 2809 1630 2852 partum
1656 2806 1729 2840 115

1021 2882 1039 2904 c
1087 2869 1274 2917 quomodo
1301 2869 1419 2904 nescit
1439 2867 1629 2905 Christum
1656 2870 1729 2904 115

1021 2934 1109 2970 cde
1149 2934 1261 2969 verba
1296 2946 1361 2969 sua
1393 2933 1529 2969 iterum
1562 2939 1730 2981 repetere
