1981 3282
101 168 205 191 MORS

153 280 275 311 totum
306 277 343 312 in
375 276 579 313 Dominum
615 276 752 312 amoris
784 276 863 312 offi-

154 340 252 376 ciurn
274 341 469 388 perficiunt
491 344 567 378 695
584 342 618 377 b.

99 402 286 452 Martyres
308 408 383 441 818
402 419 433 442 c.

100 467 315 505 Matthaeus
359 471 600 519 Evangelista
642 468 864 506 nominatim

154 534 290 570 citatus
307 537 382 571 282
401 548 433 576 e,
453 538 528 572 328
544 549 574 576 c,
594 539 669 572 547
684 535 719 577 d,
738 536 815 570 854
831 545 862 575 e,

158 601 258 635 1067
274 612 304 640 c,
331 603 432 636 1079
447 613 478 645 a,
505 603 604 637 1092
623 613 656 636 a.

101 662 289 699 Mediator
329 664 505 700 Christus
547 665 632 712 quia
675 664 779 700 Deus
826 668 864 698 et

156 728 283 765 Homo
307 732 381 766 769
398 731 430 769 b,
461 730 505 766 cf.
530 732 605 766 987
623 730 659 771 d,
690 730 790 765 1006
808 740 828 763 a
844 740 864 763 c

156 806 308 830 suorum
339 807 414 829 non
444 794 648 830 infidelium
676 793 865 830 Mediator

157 859 232 894 967
251 858 274 893 d
312 859 516 894 mediatore
547 859 626 894 sine
657 870 724 893 nos
754 857 866 892 docet

157 921 329 958 Christus
351 925 424 959 881
442 936 472 959 a.

102 985 337 1023 Medicorum
368 987 644 1023 mansuetudini
673 999 864 1035 compara·

155 1057 217 1087 tur
237 1052 421 1088 Dominus
443 1053 616 1089 Christus
638 1055 715 1089 490
732 1052 768 1088 b.

101 1114 295 1152 Meletiani
315 1117 363 1154 iii.
386 1119 474 1154 606.

101 1179 278 1217 Meliores
299 1182 367 1217 sibi
387 1182 545 1218 invicem
566 1182 735 1218 arbitrari
755 1182 867 1218 debe-

159 1259 241 1282 mus
264 1249 338 1283 727
357 1260 387 1283 e.

103 1312 208 1349 Melli
257 1317 521 1359 comparantur
569 1312 709 1348 Christi
757 1311 870 1347 verba

158 1380 234 1414 407
257 1377 292 1412 b.

103 1442 213 1479 Mens
247 1442 408 1477 humana
442 1441 615 1477 lucernae
654 1447 869 1489 comparata

160 1509 209 1543 66
227 1520 259 1543 e.

105 1571 215 1609 Mens
245 1572 396 1607 indocta
424 1571 536 1619 lapidi
560 1571 739 1607 resilienti
766 1583 866 1607 com-

158 1642 287 1685 parata
306 1638 379 1673 146
395 1637 418 1672 d
459 1649 564 1672 mens
584 1636 734 1672 indocta
755 1638 830 1672 358
846 1636 868 1671 b

159 1707 269 1737 acuta
316 1701 398 1737 cani
442 1700 612 1736 venatico
655 1705 870 1748 comparata

161 1770 236 1803 357
255 1779 286 1809 e,
309 1768 384 1802 358
403 1778 424 1801 a
438 1765 472 1801 b.

104 1830 241 1868 Mensa
274 1830 415 1866 Christi
444 1842 512 1865 nos
543 1830 728 1877 pascentis
759 1835 869 1878 typus

161 1898 237 1932 389
254 1908 284 1941 e,
307 1897 383 1931 390
400 1895 434 1930 b.

105 1960 262 1997 Mensae
290 1959 445 1995 Domini
473 1971 549 1994 non
579 1958 828 1995 admittuntur
845 1959 871 1994 ii

160 2025 221 2073 qui
252 2024 430 2072 Spiritum
454 2023 635 2059 Sanctum
659 2037 736 2059 non
765 2037 869 2060 acce-

159 2089 282 2137 perint
303 2091 402 2125 1086
420 2089 442 2124 b
459 2101 489 2124 c.

105 2153 252 2191 Mensis
293 2153 436 2201 primus
481 2158 636 2189 naturae
684 2153 870 2189 humanae

159 2218 352 2255 renovatio
375 2219 449 2254 387
468 2217 503 2254 d.

106 2283 303 2320 Mentibus
332 2280 597 2329 simpliciorum
628 2287 870 2318 conversatur

160 2348 264 2383 Deus
288 2351 307 2383 7
325 2347 359 2382 b.

107 2412 246 2449 Messis
266 2411 440 2459 spiritalis
464 2413 537 2447 199
555 2423 585 2446 c.

107 2476 361 2513 Ministerium
382 2476 441 2517 ad,
458 2488 570 2512 nemo
586 2474 688 2511 venit
708 2488 729 2511 a
748 2475 870 2523 seipso

161 2546 317 2576 vocatus
337 2543 414 2577 639
430 2553 463 2578 e.

108 2605 358 2642 “Ministeria
395 2604 644 2641 damnationis
681 2610 718 2641 et
757 2604 867 2652 justi-

161 2669 263 2706 tiae''
282 2670 369 2717 quid
393 2672 465 2706 102
481 2682 512 2706 e.

108 2733 377 2771 Ministrabant
422 2746 488 2781 per
528 2733 599 2769 Dei
636 2733 869 2769 voluntatem

162 2798 375 2834 hominibus
396 2803 432 2833 et
454 2797 590 2845 Angeli
619 2803 656 2834 et
684 2797 868 2839 homines,
906 2793 908 2806 ¹

162 2876 239 2899 non
262 2875 281 2898 e
303 2874 370 2898 suo
398 2862 463 2897 sed
487 2861 608 2910 magis
632 2874 679 2897 ex
705 2875 749 2898 eo
770 2862 871 2909 quod

162 2927 344 2975 largiatur
364 2926 550 2962 Dominus
570 2926 671 2962 Deus
692 2929 754 2969 73,
778 2929 839 2963 74.

644 155 855 192 INDEX
914 154 1158 190 RERUM.

1623 155 1699 189 639

935 275 1161 311 Miraculum
1192 274 1353 322 primum
1385 281 1561 323 operatur
1592 275 1704 310 Chri-

989 347 1080 382 stus,
1121 340 1301 376 honorem
1342 340 1558 387 parentibus
1597 339 1700 375 debi-

988 408 1066 439 tam
1086 404 1267 439 exhibens
1288 406 1360 440 135
1376 417 1406 440 e.

935 468 1118 505 Miracula
1138 481 1204 516 pro
1221 469 1489 516 Apostolorum
1510 468 1585 503 vita
1605 480 1697 515 quo-

987 533 1128 569 tidiana
1161 546 1238 569 non
1272 533 1495 581 operabatur
1526 532 1700 569 Christus

990 600 1093 634 1018
1111 611 1130 634 a
1145 598 1169 634 b
1185 611 1218 634 c.

934 661 1216 699 Misericordiae
1255 662 1418 707 Domini,
1457 675 1526 698 nos
1566 673 1700 709 parvos

988 728 1243 776 abjectosque,
1259 740 1418 775 magnos
1439 726 1700 773 mirabilesque

989 805 1055 840 per
1082 792 1288 828 bonitatem
1309 792 1432 840 Ipsius
1460 792 1626 827 efficiunt
1648 794 1696 827 75

990 857 1013 892 d
1029 870 1048 893 e

936 920 1218 958 Misericordiae
1239 934 1330 969 erga
1350 921 1441 957 alios
1467 921 1548 957 laus
1569 923 1645 958 284
1667 933 1699 964 c,

992 988 1068 1023 285
1083 999 1115 1023 a.

937 1051 1071 1088 Missio
1104 1063 1180 1086 non
1213 1050 1301 1086 facit
1340 1051 1474 1086 missos
1508 1050 1702 1087 inferiores

993 1119 1065 1152 671
1082 1116 1119 1151 b.

939 1181 1095 1218 Modum
1129 1181 1198 1216 Dei
1230 1193 1383 1228 operum
1414 1179 1496 1216 Deo
1531 1179 1704 1215 commit-

992 1246 1147 1282 tendum
1196 1253 1374 1293 tanquam
1421 1251 1459 1281 et
1503 1245 1703 1281 machinali

993 1311 1147 1347 scientia
1193 1310 1320 1358 peritis
1360 1323 1403 1346 ea
1441 1323 1535 1358 quae
1581 1310 1704 1346 facere

993 1376 1215 1424 promittant
1235 1376 1309 1411 fide
1329 1375 1530 1422 accipimus
1553 1377 1642 1412 359.

940 1440 1116 1477 Moerore
1162 1453 1302 1488 magno
1351 1440 1473 1475 affecti
1517 1453 1593 1475 non
1644 1452 1702 1475 re-

992 1505 1258 1554 prehendendi,
1295 1504 1499 1540 Salvatoris
1534 1505 1703 1553 exemplo

993 1572 1069 1607 685
1087 1583 1117 1607 a.

939 1637 1160 1682 Μονότροπος
1188 1637 1263 1671 535
1281 1635 1315 1675 b,
1348 1636 1424 1671 898
1447 1647 1478 1676 C,
1510 1633 1554 1670 M
1576 1636 1622 1670 61
1650 1636 1702 1682 [p.

994 1702 1070 1736 275
1093 1696 1190 1750 fin.].

939 1764 1112 1801 Montem
1139 1764 1188 1805 in,
1210 1764 1439 1800 descendens
1459 1764 1585 1799 Deus:
1619 1764 1704 1811 quia

992 1830 1095 1865 Deus
1112 1829 1224 1865 etiam
1245 1829 1291 1864 ad
1312 1841 1380 1864 nos
1401 1829 1704 1864 condescendens

994 1894 1043 1930 Se
1073 1894 1242 1930 altiorem
1269 1906 1380 1941 quam
1400 1894 1514 1929 verbo
1539 1899 1575 1929 et
1602 1893 1704 1941 cogi-

993 1959 1136 1995 tatione
1166 1958 1344 2005 consequi
1369 1970 1569 2005 possumus
1598 1970 1704 2005 prae-

993 2025 1056 2060 bet
1073 2025 1148 2060 258
1163 2036 1183 2059 e
1216 2023 1422 2058 ascendens
1439 2022 1627 2063 Christus,
1647 2028 1704 2070 ty-

993 2102 1082 2138 pum
1110 2088 1348 2125 exaltationis
1370 2087 1466 2123 Suae
1488 2087 1551 2123 dat
1573 2090 1648 2123 273
1671 2087 1706 2123 d.

940 2153 1072 2190 Mores
1091 2153 1181 2189 boni
1201 2152 1369 2199 fidesque
1389 2157 1492 2187 recta
1510 2154 1583 2188 129
1601 2164 1630 2187 c.

939 2217 1048 2255 Mors
1079 2217 1220 2253 Christi
1258 2216 1390 2252 mortis
1432 2228 1533 2251 mors
1572 2218 1648 2252 353
1670 2216 1705 2257 b,

994 2282 1115 2325 497d,
1139 2283 1214 2318 498
1230 2294 1261 2325 a,
1285 2282 1360 2317 647
1377 2293 1409 2326 e,
1431 2282 1532 2316 1016
1548 2280 1582 2323 d,
1604 2283 1705 2317 1019

993 2360 1024 2388 a,
1054 2348 1155 2383 1026
1171 2358 1202 2386 e,
1238 2345 1387 2390 1031d,
1423 2347 1522 2381 1043
1541 2345 1575 2390 d,
1605 2348 1702 2382 1091

994 2412 1027 2452 d,
1053 2413 1153 2447 1097
1172 2410 1207 2451 d,
1237 2409 1283 2445 cf.
1304 2412 1405 2446 1092
1424 2422 1454 2454 e,
1483 2412 1585 2446 1093
1603 2410 1637 2451 b,
1659 2409 1708 2447 iii.

996 2478 1086 2517 361,
1126 2477 1215 2519 423,
1250 2476 1340 2516 495,
1378 2475 1470 2516 497,
1503 2476 1592 2516 512,
1630 2477 1703 2511 561

993 2540 1105 2576 morti
1124 2540 1278 2588 laqueus
1298 2542 1399 2576 1057
1414 2552 1435 2574 a
1474 2551 1533 2575 res
1555 2545 1704 2575 nostras

994 2617 1190 2654 prosperas
1211 2604 1323 2640 efficit
1345 2606 1420 2640 584
1436 2616 1468 2639 a.

940 2669 1048 2706 Mors
1069 2669 1209 2705 Christi
1230 2668 1357 2704 Morte
1378 2668 1530 2703 omnino
1554 2668 1702 2704 sublata

996 2737 1072 2771 573
1094 2747 1124 2780 e,
1161 2733 1206 2770 cf.
1237 2735 1312 2770 756
1339 2745 1372 2774 e,
1411 2734 1486 2768 759
1509 2744 1546 2772 e,
1582 2734 1657 2768 935
1686 2745 1708 2768 a

995 2798 1190 2834 Christum
1270 2796 1480 2832 amantibus
1580 2796 1704 2832 suavis

995 2866 1072 2900 759
1090 2864 1125 2899 d.

941 2927 1050 2964 Mors
1073 2927 1267 2963 Christum
1297 2925 1514 2969 absorbens,
1535 2936 1604 2960 nos
1627 2937 1709 2960 om-
