2017 3252
319 149 402 189 540
625 146 675 186 B.
708 143 954 184 CYRILLI
986 138 1333 182 ALEXANDR.
1366 134 1591 177 FRAGM.

93 221 286 265 [487M·]

319 322 418 364 Εἶτα
452 322 639 374 ἐπάγεται
677 321 889 373 μαρτυρίαν
928 323 996 360 τοῦ
1036 320 1080 359 ἐν

373 390 496 443 ἁγίοις
516 388 755 429 Ἀθανασίου
776 387 887 430 αὐτὸς
906 387 1020 438 τήνδε

379 505 407 527 “
423 496 525 548 Δύο
546 496 739 565 φύσεων
753 499 847 546 τῶν
867 496 1078 559 ἑτεροου-

320 589 348 612 “
374 582 493 632 σίων
540 582 588 631 ἐν
638 580 703 630 ἑνὶ
763 582 963 647 Χριστῷ
1014 581 1082 646 τῷ

277 691 300 729 5
321 673 348 694 ‘⁶
375 668 476 734 Υἱῷ
513 670 595 715 τοῦ
622 666 749 714 Θεοῦ
784 661 1080 728 σωζομένων,

321 757 350 780 “
374 751 449 800 καὶ
536 747 652 813 μήτε
731 768 1081 814 συγχεομενων,

321 841 348 863 “
372 833 489 898 μήτε
521 831 866 894 ἀπολλυμένων
900 829 929 894 ἢ
966 833 1081 881 διαι-

321 926 347 948 “
371 917 644 984 ρεθεισῶν.”
717 914 934 979 ὡμοιώθη
985 912 1079 979 γὰρ

320 1003 430 1067 ἡμῖν
505 1000 626 1053 κατὰ
708 999 864 1054 πάντα
938 999 1082 1065 χωρὶς

253 1109 302 1134 ιο
322 1087 566 1152 ἁμαρτίας·
616 1085 669 1135 οὐ
695 1086 778 1148 τῆς
805 1085 955 1146 θεϊκῆς
983 1081 1079 1150 φύε

320 1193 441 1224 σεως
491 1169 749 1236 τραπείσης
791 1165 820 1232 ὴ
867 1189 1080 1232 συγκρα-

321 1256 482 1319 θείσης
515 1258 574 1321 τῇ
615 1251 884 1319 ἀνθρωπίνῃ
923 1250 1081 1318 φύσει,

320 1339 570 1403 ἐνωθείσης
610 1337 658 1388 δὲ
700 1337 817 1405 αὐτῇ
865 1336 919 1386 οὐ
963 1334 1083 1385 κατὰ

321 1422 519 1491 τροπὴν,
561 1423 614 1473 οὐ
653 1420 772 1473 κατὰ
810 1419 995 1486 κράσιν,
1031 1420 1084 1470 οὐ

257 1528 301 1567 15
323 1507 442 1560 κατὰ
478 1507 622 1576 μίξιν,
658 1507 712 1557 οὐ
743 1503 862 1556 κατὰ
896 1503 1080 1571 σύγχυ-

322 1616 417 1656 σιν,
460 1593 514 1643 οὐ
565 1589 665 1642 κατ’
708 1589 987 1651 ἀλλοίωσιν,
1033 1588 1087 1638 οὐ

322 1676 443 1728 κατὰ
504 1672 793 1740 μεταβολὴν,
848 1673 902 1723 οὐ
968 1670 1088 1722 κατὰ

323 1759 598 1828 ἀφανισμὸν
653 1757 682 1823 ἢ
730 1756 1088 1823 ἀποσάρκωσιν,

324 1844 455 1896 ἀλλὰ
503 1844 613 1895 καθ’
668 1842 838 1893 ἕνωσιν
887 1839 1091 1907 ἅῤῥητον

256 1958 304 1983 20
324 1931 399 1979 καὶ
443 1928 790 1996 ἀνέκφραστον,
837 1927 911 1976 καὶ
950 1926 1085 1974 ἀνεκ-

324 2013 559 2079 διήγητον,
612 2015 707 2062 τῶν
762 2009 844 2060 δύο
895 2008 1092 2077 φύσεων

325 2102 419 2148 τῶν
445 2095 754 2163 ἑτεροουσίων
775 2095 823 2144 ἐν
845 2094 910 2144 ἑνὶ
927 2093 1092 2156 Ἰησοῦ

325 2183 527 2250 Χριστῷ
565 2183 668 2249 Υἱῲ
707 2177 804 2229 ὄντι
843 2182 926 2228 τοῦ
968 2179 1093 2226 Θεοῦ

328 2265 608 2332 σωζομένων
645 2264 722 2314 καὶ
759 2260 876 2327 μήτε
911 2282 1089 2325 συγκε-

261 2382 308 2421 25
329 2350 541 2418 χυμένων
583 2348 700 2412 μήτε
750 2344 1094 2409 ἀπολλυμένων

329 2432 358 2498 ἢ
386 2435 720 2499 διαιρεθεισῶν.

379 2585 411 2615 4.
436 2570 499 2617 τῷ]
519 2569 572 2603 καὶ
588 2569 625 2602 in
645 2567 786 2611 Scriptt.
803 2566 898 2617 Veyt.
1186 2565 1288 2601 8-26.
1317 2564 1414 2600 Haec
1439 2564 1597 2599 exhibuit
1614 2577 1632 2598 e
1648 2569 1762 2599 tractu
1783 2563 1825 2599 de
1844 2563 1920 2599 Ine.

331 2619 388 2661 (Τ.
400 2618 455 2652 vii.
470 2620 506 2661 7)
527 2616 656 2657 Maius,
675 2619 793 2648 extant
810 2618 844 2646 et
859 2624 895 2645 m
913 2624 943 2646 a.
962 2612 1023 2646 fol.
1043 2613 1099 2654 48.
1248 2622 1299 2657 17.
1319 2613 1358 2646 οὐ
1376 2625 1405 2646 a.
1425 2611 1443 2655 ἢ
1463 2612 1529 2646 Ed.
1672 2612 1798 2646 21-26.
1821 2611 1918 2646 Haec

331 2664 498 2699 exhibent
520 2668 553 2697 et
581 2661 769 2695 Choniates
796 2659 832 2692 in
863 2659 950 2692 Maii
980 2665 1005 2692 t.
1032 2659 1079 2692 iii.
1108 2671 1142 2703 p.
1160 2660 1224 2703 287
1253 2659 1359 2703 partis
1379 2659 1532 2699 Latinae,
1559 2663 1593 2692 et.
1612 2656 1720 2694 Euth.
1738 2658 1799 2692 sed
1816 2658 1860 2692 cf.
1879 2657 1917 2692 S.

334 2710 515 2746 Athanasii
532 2708 731 2743 citationem
748 2717 865 2750 supra.
1042 2716 1097 2739 22.
1124 2705 1225 2749 ῖησοῦ
1242 2718 1313 2741 om.
1333 2705 1447 2740 Chon.
1466 2704 1574 2739 Euth.
