1986 3282
96 133 179 174 xix.
199 147 267 189 30.
463 132 537 173 IN
580 132 622 173 S.
654 131 994 173 JOANNEM.
1056 131 1182 172 LIB.
1218 132 1322 173 XII.
1633 136 1687 175 97

95 263 231 307 τορος
271 239 359 305 τὴν
402 240 582 310 ψυχὴν,
627 241 703 292 ἵνα
752 241 829 290 καὶ
873 239 1018 304 ἡμεῖς,
1061 239 1213 308 ἀρχὴν
1259 239 1491 302 λαβόντες
1533 243 1595 294 ὡς
1639 244 1688 292 ἐν

94 323 240 391 ἐκείνῃ
283 324 359 373 καὶ
399 324 454 374 δι’
494 322 682 387 ἐκείνης,
719 321 944 388 λαμπρὰς
981 321 1162 389 ἔχωμεν
1199 321 1283 376 τὰς
1321 324 1530 386 ἐλπίδας,
1572 326 1730 390 ἀρα-(1

93 402 242 469 ρότως
282 405 556 468 διακείμενοι
599 405 675 455 καὶ
720 403 1097 466 πεπιστευκότες,
1144 403 1217 455 ὅτι
1258 403 1342 456 τὸν
1382 408 1465 469 τῆς
1507 404 1688 472 σαρκὸς

96 486 426 550 ὑπομείναντες
461 486 665 538 θάνατον
692 487 741 537 ἐν
766 487 934 553 χερσὶν
959 484 1167 549 ἐσόμεθα
1195 490 1333 549 Θεοῦ,
1361 488 1436 538 καὶ
1471 487 1598 539 πολὺ
1630 487 1687 552 δὴ

52 583 74 621 5
96 568 206 618 λίαν
237 569 286 619 ἐν
311 569 552 632 ἀμείνοσιν
583 569 702 634 ἥπερ
732 567 848 632 ἧμεν
871 566 990 631 μετὰ
1021 567 1214 635 σαρκός.
1269 567 1340 620 διὸ
1376 571 1452 620 καὶ
1479 571 1504 620 ὁ
1531 569 1688 639 σοφὸς

95 650 204 713 ἡμῖν
229 649 504 702 ἐπιστέλλει
532 654 729 704 Παῦλος
762 649 833 701 ὅτι
871 655 1080 716 κρεῖττον
1112 649 1167 701 τὸ
1201 652 1442 702 ἀναλῦσαι
1481 656 1555 703 καὶ
1594 652 1688 704 σὺν
1748 665 1834 697 Phil·
1855 665 1875 696 ἰ-

95 734 296 801 Χριστῷ
322 730 453 784 εἶναι.
1752 717 1802 749 ²3·

89 892 172 934 ‘Qc
222 893 268 935 δὲ
317 894 586 946 ἐξέπνευσεν,
621 893 794 950 ἐσχίσθΗ
844 895 892 937 τὸ
943 894 1253 943 καταπέτασμα
1294 898 1367 936 τοῦ
1411 898 1513 936 ναοῦ
1558 897 1686 943 μέσον

599 978 686 1021 ἀπὸ
724 978 892 1020 ἄνωθεν
929 979 1014 1018 ἕως
1053 978 1185 1019 κάτω.

1707 1036 1729 1063 e

25 1121 74 1147 10
167 1092 225 1142 Tb
252 1092 301 1142 ἐν
326 1095 392 1162 τῷ
420 1097 516 1162 ναῷ
545 1090 898 1161 καταπέτασμα
924 1090 1064 1156 ὀθόνη
1091 1113 1160 1145 τις
1186 1090 1245 1155 ἧν
1271 1090 1516 1157 καθιεμένη
1544 1095 1684 1156 διαμ-

93 1171 200 1242 πὰξ
222 1176 285 1228 εἷς
311 1173 424 1225 αὐτὸ
450 1180 532 1225 τοῦ
559 1174 688 1226 οἴκου
713 1173 767 1225 τὸ
795 1175 1102 1238 μεσαίτατον,
1130 1175 1206 1224 καὶ
1232 1173 1564 1240 συσκιάζουσά
1589 1198 1690 1229 πως

96 1253 154 1305 τὰ
191 1256 420 1322 ἐσωτέρω,
460 1258 536 1307 καὶ
572 1255 784 1321 βάσιμον
809 1255 972 1323 ὥσπερ
999 1255 1128 1325 μόνῳ
1159 1260 1345 1307 τιθεῖσα
1383 1260 1450 1326 τῷ
1488 1257 1696 1324 ἀρχιερεῖ

94 1336 180 1402 τὴν
219 1339 441 1405 ἐνδοτέρω
479 1338 676 1404 σκηνήν.
730 1340 783 1390 οὗ
823 1338 916 1405 γὰρ
956 1338 1013 1403 δὴ
1046 1343 1143 1392 τοῖς
1185 1336 1438 1390 ἐθέλουσιν
1480 1339 1691 1392 ἀνίπτοις

95 1422 251 1488 ἐφεῖτο
287 1422 435 1472 ποσὶν
472 1422 546 1472 ἐπὶ
583 1420 638 1472 τὸ
679 1421 775 1472 ἔσω
821 1420 1094 1475 διάττοντας
1137 1420 1197 1471 τὰ
1244 1419 1356 1487 ἅγια
1400 1424 1496 1471 τῶν
1543 1421 1693 1486 ἁγίων

27 1525 74 1563 15
97 1500 385 1571 ἀφυλάκτως
433 1503 562 1570 ὁρᾶν.
627 1502 1002 1569 ἀναγκαιοτάτην
1044 1502 1092 1554 δὲ
1136 1502 1332 1572 σφόδρα
1377 1500 1464 1566 τὴν
1508 1504 1558 1554 ἐκ
1598 1506 1693 1553 τῶν

96 1584 535 1647 καταπετασμάτων
561 1583 788 1649 διατομὴν
818 1587 893 1636 καὶ
934 1586 959 1635 ὁ
988 1589 1185 1639 Παῦλος
1220 1585 1331 1648 ἡμῖν
1356 1582 1609 1638 ἐπιδεικνὺς
1639 1585 1689 1635 ἐν

95 1670 161 1736 τῷ
185 1667 303 1733 πρὸς
322 1667 575 1733 Ἑβραίους
591 1667 683 1736 ἔφη
704 1665 947 1734 γράμματι
982 1674 1008 1696 “
1027 1666 1186 1730 Σκηνὴ
1213 1666 1307 1733 γὰρ
1325 1665 1687 1733 κατεσκευάζετο
1706 1662 1914 1743 Μὲᾆφίᾒ·

97 1749 177 1813 “ἡ
215 1749 395 1816 πρώτη,
422 1749 522 1814 ἥτις
560 1749 749 1816 λε’γεται
789 1750 915 1814 ἁγία·
966 1747 1085 1812 μετὰ
1110 1748 1159 1800 δὲ
1192 1747 1245 1800 τὸ
1285 1748 1500 1816 δεύτερον
1538 1771 1684 1799 κατα·
1754 1765 1825 1794 ²·4·

97 1838 123 1860 “
148 1831 373 1895 πέτασμα
408 1831 562 1896 σκηνὴ
594 1833 623 1896 ἡ
656 1831 889 1897 λεγομένη
922 1830 1034 1896 ἅγια
1067 1830 1227 1897 ἁγίων,
1263 1836 1476 1898 χρυσοῦν
1511 1830 1691 1898 ἔχουσα

27 1938 77 1963 20
96 1920 124 1942 “
151 1912 468 1980 θυμιατήριον,
499 1916 575 1965 καὶ
613 1913 700 1978 τὴν
727 1912 932 1974 κιβωτὸν
967 1915 1050 1977 τῆς
1090 1912 1314 1978 διαθήκης
1351 1919 1689 1978 περικεκαλυμ-

96 2002 125 2024 “
149 1996 294 2060 με’νην
331 1994 566 2047 πάντοθεν
602 1996 800 2065 χρυσίῳ,
840 1997 888 2046 ἐν
929 1993 958 2063 ᾗ
999 1994 1212 2060 στάμνος
1250 1995 1278 2059 ἡ
1318 1998 1476 2063 χρυσῆ
1512 1994 1692 2062 ἔχουσα

98 2084 125 2106 “
151 2075 206 2129 τὸ
250 2077 420 2141 μάννα,
467 2081 543 2129 καὶ
588 2081 636 2128 αἱ
685 2075 866 2131 πλάκες
917 2080 1001 2141 τῆς
1051 2077 1275 2141 διαθήκης
1325 2078 1401 2127 καὶ
1441 2076 1469 2140 ἡ
1514 2076 1691 2144 ῥάβδος

100 2166 126 2189 “
152 2158 342 2226 Ἀαρὼν
383 2160 411 2224 ἡ
452 2158 831 2224 βλαστήσασα.”
884 2160 996 2209 ἀλλ’
1041 2165 1068 2188 “
1089 2162 1152 2212 εἶς
1199 2157 1285 2221 μὲν
1328 2157 1414 2222 τὴν
1454 2157 1688 2224 πρώτην,”
1752 2163 1894 2196 1b.6-8.

99 2243 238 2310 φησὶ,
265 2248 292 2271 “
315 2240 498 2305 σκηνὴν
530 2242 736 2292 εἰσίασιν
763 2244 804 2292 οἱ
840 2243 967 2307 ἱερεῖς
991 2240 1076 2294 τὰς
1108 2241 1324 2306 λατρείας
1356 2240 1691 2303 ἐπιτελοῦντες,

31 2340 79 2379 25
99 2331 127 2353 ‘⁶
153 2328 216 2378 εἷς
250 2324 297 2375 δὲ
328 2322 415 2388 τὴν
442 2323 661 2390 δευτέραν
692 2321 836 2385 μόνος
863 2324 888 2373 ὁ
921 2320 1160 2390 ἀρχιερεὺς
1200 2321 1337 2390 ἅπαξ
1369 2327 1453 2372 τοῦ
1482 2322 1692 2372 ἐνιαυτοῦ

101 2413 128 2436 “
155 2407 209 2457 οὐ
249 2408 392 2474 χωρὶς
433 2405 645 2468 αἵματος,
689 2403 714 2456 ὃ
749 2404 1015 2473 προσφέρει
1047 2403 1164 2471 ὑπέρ
1202 2426 1251 2455 τε
1291 2404 1457 2455 ἑαυτοῦ
1491 2404 1566 2454 καὶ
1597 2406 1737 2454 τῶνῑ)

102 2495 127 2518 “
155 2494 238 2539 τοῦ
282 2493 402 2538 λαοῦ
445 2487 770 2553 ἀγνοημάτων,
813 2493 951 2538 τοῦτο
994 2488 1251 2551 δηλοῦντος
1293 2491 1377 2536 τοῦ
1418 2484 1692 2546 Πνεύματος

100 2576 127 2598 “
153 2575 237 2620 τοῦ
273 2568 454 2635 Ἀγίου,
490 2567 633 2633 μήπω
671 2571 1039 2639 πεφανερῶσθαι
1065 2567 1151 2632 τὴν
1177 2572 1272 2618 τῶν
1299 2567 1446 2633 ἁγίων
1476 2565 1598 2628 ὁδὸν,
1625 2565 1692 2616 ε”τι

101 2659 128 2681 “
154 2654 236 2715 τῆς
275 2651 465 2718 πρώτης
509 2653 689 2715 σκηνῆς
727 2650 930 2718 ἐχούσης
965 2649 1177 2701 στάσιν.’
1251 2648 1308 2713 ἧν
1347 2647 1433 2712 μὲν
1475 2647 1570 2714 γὰρ
1610 2648 1692 2698 οὐκ

34 2752 84 2789 30
103 2734 389 2802 ἀμφίλογον,
415 2732 486 2784 ὅτι
516 2737 618 2787 ταῖς
644 2733 851 2800 πρώταις
882 2737 966 2783 τοῦ
999 2737 1112 2783 ναοῦ
1143 2730 1305 2798 θύραις
1329 2728 1694 2797 περιτετάνυστο

152 2860 186 2896 5.
211 2849 296 2895 ἢπερ
315 2850 356 2884 Ε.
500 2851 532 2891 8,
552 2862 585 2896 9.
614 2850 710 2884 Haec
729 2855 848 2884 extant
864 2849 899 2883 in
919 2849 956 2884 F.
979 2848 1063 2895 [sub
1083 2848 1248 2884 asterisco
1266 2847 1407 2882 exhibet
1424 2846 1535 2881 versio
1555 2844 1695 2890 Syriaca

110 2895 385 2942 Heracleensis]
622 2897 655 2931 8.
682 2896 805 2941 ἐσχίθη
825 2897 867 2931 Ε.
1133 2906 1186 2930 Ι2.
1214 2896 1332 2939 ὥσπερ
1350 2898 1574 2937 assumptum
1594 2903 1635 2925 ex
1655 2889 1697 2924 E.

109 2955 165 2989 30.
192 2943 389 2989 ἀμφίλογον
408 2944 449 2978 Ε.
467 2943 666 2988 ἀμφίβολον
685 2943 751 2978 Ed.

166 3010 256 3039 ΥΟΕ.
281 3011 346 3038 III.
894 3012 918 3036 O
