2001 3257
852 642 1172 691 ΚΕΦΑΛΗ
1230 644 1288 692 Α.

288 820 385 863 “Ort
416 823 514 863 κατὰ
545 822 668 875 φύσιν
700 824 806 866 Θεός
842 824 951 865 ἐστιν
982 825 1002 865 ὁ
1033 824 1141 874 Ύῖὸς,
1174 823 1245 865 κᾶν
1275 825 1497 877 εὑρίσκηται
1529 823 1575 865 δι’
1607 824 1706 876 ἡμᾶς
1736 824 1846 866 Θεὸν

771 910 909 950 ἑαυτοῦ
940 909 1008 950 τὸν
1037 909 1199 962 Πατέρα
1231 913 1375 951 καλῶν.

275 1067 470 1125 Πορεύου
504 1068 550 1111 δὲ
582 1070 690 1127 Πρὸς
719 1070 818 1112 τοὺς
852 1069 1071 1127 ἀδελφούς
1104 1086 1197 1122 μου,
1225 1070 1294 1112 καὶ
1327 1069 1422 1113 εἰπὲ
1456 1067 1865 1121 αὐτοῖςἈναβαίνω

343 1151 451 1207 Πρὸς
493 1152 566 1195 τὸν
603 1153 775 1211 Πατέρα
815 1168 896 1203 μου
941 1153 1004 1195 καὶ
1045 1154 1211 1211 Πατέρα
1255 1154 1373 1203 ὑμῶν
1413 1154 1480 1195 καὶ
1521 1154 1630 1197 Θεόν
1669 1168 1749 1203 μου
1794 1152 1863 1194 καὶ

343 1232 452 1276 Θεὸν
490 1234 622 1283 ὑμῶν.

350 1358 434 1407 ΔΓ
464 1357 613 1410 αἰτίας
638 1356 724 1421 μὲν
751 1357 804 1411 ἃς
839 1359 928 1424 ἤδη
963 1359 1267 1425 προείπαμεν,
1292 1359 1376 1410 οὐκ
1409 1358 1573 1427 ε’φίησι
1608 1363 1756 1425 θιγεῖν
1781 1362 1864 1423 τῆς

275 1437 441 1487 ἑαυτοῦ
480 1436 660 1504 σαρκὸς
698 1438 848 1488 καίτοι
883 1439 1080 1506 σφόδρα
1116 1439 1402 1506 διψήσασαν
1428 1440 1595 1490 τούτου
1628 1443 1784 1507 τυχεῖν
1814 1441 1864 1491 ἐκ

275 1517 523 1585 φιλοθεΐας
548 1519 634 1583 τὴν
661 1519 878 1586 Μαριοίμ·
918 1522 1156 1584 ἀμείβεται
1182 1520 1231 1572 δὲ
1255 1524 1339 1585 τῆς
1363 1522 1673 1588 προσεδρείας
1698 1519 1859 1585 αὐτὴν,

274 1601 350 1650 καὶ
377 1603 460 1664 τῆς
486 1602 633 1655 οὕτως
659 1601 847 1652 ἐντόνου
872 1603 1079 1656 πίστεως
1105 1605 1180 1653 καὶ
1207 1600 1395 1668 ἀγάπης
1423 1605 1624 1654 διπλοῦν
1650 1603 1862 1667 ἀπένειμε

275 1680 357 1732 τὸν
381 1682 572 1746 μισθὸν,
600 1684 682 1734 οὐκ
719 1683 933 1751 ἄκαρπον
956 1688 1052 1738 τοῖς
1085 1684 1439 1748 ἐπιτηδεύουσιν
1467 1683 1739 1740 ἀποδεικνὺς
1776 1684 1863 1750 τὴν

273 1767 336 1818 εἶς
362 1764 527 1815 ἑαυτὸν
553 1764 811 1826 εὐσέβειαν.
868 1767 943 1816 καὶ
970 1765 1024 1816 τό
1060 1789 1114 1831 γε
1150 1765 1328 1817 τούτων
1355 1765 1420 1816 ε”τι
1445 1765 1788 1834 λαμπρότερον,
1815 1769 1863 1818 ἐν

274 1847 391 1913 αὐτῇ
416 1845 510 1913 γὰρ
536 1849 612 1897 καὶ
636 1847 816 1915 πρώτῃ,
845 1849 966 1915 φημὶ
994 1846 1050 1911 δὴ
1076 1851 1134 1915 τῇ
1165 1846 1382 1913 Μαριὰμ,
1409 1848 1605 1911 σύμπαν
1632 1851 1693 1903 ὡς
1719 1852 1863 1900 εἰπεῖν

273 1927 328 1979 τὸ
355 1932 558 1992 θηλειῶν
581 1929 717 1994 γε’νος
753 1932 884 1996 διττῇ
923 1933 1245 1997 στεφανοῦται
1279 1933 1406 1997 τιμῇ,
1434 1931 1509 1980 καὶ
1535 1934 1630 1981 τῶν
1654 1930 1862 1998 ἀρχαίων

49 2009 663 2078 1087Α.ειάῤῥωστημάτων
704 2011 935 2077 ἐκομίζετο
979 2010 1065 2075 τὴν
1106 2009 1340 2062 διάλυσιν.
1403 2011 1566 2078 πρώτη
1609 2011 1699 2078 γὰρ
1740 2013 1860 2064 οὕτω

47 2425 131 2457 Gen.
147 2425 193 2457 iii.

273 2091 575 2159 θρηνήσασα,
603 2094 678 2143 καὶ
716 2097 811 2144 τῶν
847 2093 1060 2160 δακρύων
1095 2093 1180 2157 τὴν
1214 2092 1462 2161 πρόφασιν
1491 2099 1716 2155 λαβοῦσα
1742 2099 1860 2161 Χρι-

271 2173 404 2237 στὸν,
444 2175 646 2238 μεθίστη
686 2173 740 2226 τὸ
778 2174 948 2228 πένθος
986 2179 1047 2229 εἷς
1089 2175 1333 2239 θυμηδίαν,
1371 2174 1436 2239 μὴ
1476 2178 1645 2242 χρῆναι
1683 2176 1861 2228 κλαίειν

271 2256 524 2307 ἀκούσασα
574 2256 704 2323 παρὰ
753 2263 836 2308 τοῦ
881 2259 958 2308 καὶ
1001 2256 1153 2309 πάλαι
1197 2256 1600 2311 καταδικάσαντος
1643 2260 1719 2308 καὶ
1758 2263 1860 2313 ταῖς

271 2341 354 2401 τῆς
397 2339 552 2402 λύπης
604 2337 790 2405 ἐφόδοις
841 2339 1251 2404 εὐκαταγώνιστον
1295 2337 1640 2407 ἀποφήναντος.
1706 2339 1859 2406 ε’ίρητο

270 2419 364 2486 γάρ
404 2443 496 2470 που
533 2419 651 2486 πρὸς
690 2420 776 2483 τὴν
814 2426 1013 2487 γυναῖκα
1050 2419 1181 2486 παρὰ
1220 2424 1347 2471 Θεοῦ
1374 2423 1505 2471 “Ἐν
1538 2419 1710 2475 λύπαις
1748 2421 1859 2491 τεξῃ

272 2509 298 2531 “
324 2501 503 2553 τε’κνα.”
544 2503 653 2553 ἀλλ’
683 2502 847 2569 ὥσπερ
874 2501 1020 2567 αὐτὴν
1047 2503 1248 2554 ὑπετίθει
1284 2507 1385 2556 ταῖς
1422 2502 1595 2557 λύπαις
1626 2502 1745 2554 κατὰ
1776 2503 1859 2555 τὸν

268 2582 559 2650 παράδεισον
597 2607 725 2646 ποτε,
760 2590 861 2639 ταῖς
901 2590 985 2635 τοῦ
1026 2583 1178 2653 ὄφεως
1217 2585 1622 2649 διακονησαμένην
1660 2590 1855 2653 φωναῖς,

270 2667 346 2715 καὶ
380 2670 482 2719 ταῖς
516 2670 598 2716 τοῦ
635 2665 865 2727 διαβόλου
899 2666 1200 2732 κακουργίαις
1236 2665 1620 2731 ὑπηρετήσασαν,
1648 2667 1769 2718 οὕτω
1800 2667 1857 2733 δὴ

221 2745 417 2801 ὺπάλιν
446 2748 494 2797 ἐν
529 2746 664 2816 κήπῳ
705 2746 883 2798 κελεύει
920 2747 1086 2812 μηκέτι
1123 2746 1302 2798 κλαίειν
1337 2746 1495 2811 αὐτήν.
1548 2747 1774 2800 ἀπολύων
1809 2748 1857 2801 δὲ

320 2895 384 2929 1-3
402 2897 472 2919 om.
492 2885 533 2919 E.
552 2886 588 2919 in
606 2897 678 2931 mg.
697 2891 814 2920 tamen
832 2886 860 2920 α’
880 2886 1061 2922 exhibens.
1195 2894 1227 2931 7.
1253 2885 1461 2932 προείπομεν
1479 2886 1521 2922 Ε.
1654 2899 1711 2931 24.
1736 2887 1790 2934 δὲ]
1814 2892 1851 2930 -Ι-

268 2932 385 2976 ὥσπερ
404 2931 498 2966 haud
517 2933 607 2967 male
626 2944 656 2967 a.

1884 1161 1906 1198 5

1885 1627 1933 1652 10

1880 2449 1931 2474 20
