2012 3272
312 149 681 189 FRAGMENTA
714 148 952 188 CONTRA
991 147 1017 186 S
1028 147 1146 187 YNO
1155 147 1188 185 U
1198 145 1449 186 SIASTAS.
1586 146 1670 185 477

91 258 210 313 Θεὸς
250 262 324 310 καὶ
355 262 526 325 Κύριος
565 264 659 311 τῶν
694 259 834 322 ὅλων,
861 263 964 327 φῶς
989 259 1062 308 καὶ
1091 256 1183 324 ζωὴ
1211 259 1286 307 καὶ
1322 256 1454 325 δόξα,
1480 256 1670 318 δύναμίς

86 363 135 390 τε
172 341 288 407 πρὸς
327 341 519 395 τούτοις·
561 342 588 404 ἡ
621 341 668 392 δὲ
704 340 817 406 ὅπερ
853 339 973 390 οἶδεν
1000 340 1150 390 οὖσαν
1177 339 1321 402 αὐτὴν
1348 340 1422 389 καὶ
1457 339 1665 388 ἁπαστι-

85 428 205 472 σοῦν
230 428 324 473 τῶν
355 423 616 474 τελούντων
651 425 699 474 ἐν
734 422 1011 488 ἀνθρώποις.
1065 421 1177 472 ὅταν
1210 422 1364 471 τοίνυν
1399 418 1670 484 μεταβολὴν

85 506 305 569 γενέσθαι
340 511 423 556 τοῦ
452 504 624 571 Λόγου,
651 505 736 569 τὴν
761 509 823 558 εἷς
851 503 953 555 τόδε
989 503 1042 554 τὸ
1074 501 1236 569 γηϊνὸν
1264 507 1405 566 σῶμα
1433 501 1666 567 διισχυρί-

44 586 269 651 5σωνταί
303 610 435 650 τινες,
461 588 608 652 ἤγουν
647 587 717 638 ὅτι
755 588 805 637 ἐκ
841 588 922 649 τῆς
958 587 1122 636 ἑαυτοῦ
1159 585 1322 637 οὐσίας
1349 588 1493 646 σῶμα
1531 604 1667 632 κατε-

86 667 320 719 σκεύασεν
351 669 499 737 ἑαυτῷ
537 673 633 722 τοῖς
670 668 904 734 ἡμετέροις
944 667 1169 731 σώμασιν
1203 664 1421 734 ὁμοφυές,
1448 662 1570 717 Θεὸς
1608 662 1672 713 ὢν

87 751 112 800 ὁ
147 749 318 815 Λόγος,
358 750 744 815 ὁμολογείτωσαν
781 747 1010 815 πρότερον
1049 751 1110 802 ὡς
1149 748 1334 811 ἀπέστη
1373 752 1456 798 τοῦ
1494 744 1608 796 εἶναι
1647 745 1671 795 ὅ

86 832 229 881 ἐστιν·
269 829 327 894 ἦν
362 829 422 894 δὲ,
450 833 512 885 ὡς
551 831 686 899 ἔφην,
718 830 839 884 Θεὸς
877 831 951 881 καὶ
979 828 1294 896 Δημιουργὸς,
1321 827 1412 893 ζωὴ
1452 830 1527 878 καὶ
1554 831 1671 894 φῶς,

86 910 205 981 δόξα
243 936 291 963 τε
337 915 413 963 καὶ
454 913 662 975 δύναμις·
727 910 1205 972 διαβεβαιούσθωσαν
1244 911 1291 961 δὲ
1330 909 1449 976 πρὸς
1493 908 1672 962 τούτοις

21 1018 67 1043 ιο
87 994 156 1045 ὅτι
187 994 271 1045 τὸν
296 1000 392 1048 τοῖς
428 1000 637 1060 γενητοῖς
671 993 911 1060 πρέποντα
944 993 1151 1060 πάσχειν
1177 992 1380 1043 ὄλισθον
1407 992 1488 1042 οὐκ
1515 989 1666 1041 ἀλλό-

86 1098 214 1141 τριον
243 1077 384 1126 αὐτοῦ
408 1078 484 1127 καὶ
509 1075 562 1127 τὸ
593 1080 689 1130 τοῖς
716 1076 938 1144 χείροσιν,
962 1074 991 1140 ὴ
1020 1074 1188 1140 οἷσπερ
1214 1074 1358 1135 ἔστιν,
1383 1075 1564 1136 ὁμιλεῖν
1590 1072 1672 1122 οὐκ

88 1156 443 1222 ἀνεπιτήδευτον
469 1157 578 1225 ἔχει.
634 1156 760 1222 οἶμαι
799 1157 846 1208 δὲ
886 1160 979 1207 δεῖν
1010 1158 1518 1222 πολυπραγμονεῖσθαι
1554 1152 1672 1219 πρὸς

89 1239 220 1302 ἡμῶν
245 1239 294 1290 τῖ
315 1238 368 1289 τὸ
393 1242 455 1293 εὶς
483 1245 621 1290 τοῦτο
654 1242 937 1303 κατωθῆσαν
964 1237 1120 1289 αὐτόν·
1175 1236 1266 1304 ἆρά
1292 1259 1360 1290 τις
1386 1234 1569 1301 ἀνάγκη
1596 1236 1671 1285 καὶ

89 1320 341 1389 πλεονεξία
365 1320 544 1374 πάθους
564 1319 856 1388 ἐνσκήψασα
878 1343 889 1382 ;
922 1320 1070 1370 καίτοι
1093 1324 1194 1372 πῶς
1219 1319 1273 1369 οὐ
1293 1317 1672 1386 φρενοβλαβείας

22 1418 68 1457 Ῑ5
90 1401 173 1470 ἀφ’
201 1401 255 1466 ἧς
292 1401 346 1453 τὸ
384 1400 470 1452 ὧδε
515 1403 640 1453 ταῦτ’
668 1403 789 1469 ἔχειν
827 1402 1012 1452 οἴεσθαί
1051 1422 1210 1461 τινας;
1251 1401 1300 1451 εὖ
1342 1397 1436 1465 γάρ
1475 1400 1578 1449 ἐστι
1619 1397 1672 1448 τὸ

89 1483 241 1549 μεῖζον
266 1484 407 1534 αὑτοῦ
441 1487 517 1534 καὶ
552 1483 636 1547 τὴν
663 1485 804 1534 αὐτοῦ
840 1482 989 1552 φύσιν
1014 1485 1358 1545 πλεονεκτῆσαι
1396 1480 1670 1544 δυνοῖμενον,

89 1565 185 1614 ἐπεὶ
221 1568 322 1617 πῶς
359 1567 489 1616 ἐστιν
517 1566 541 1615 ὁ
569 1563 689 1619 Θεὸς
717 1573 743 1594 “
763 1564 816 1616 τὸ
852 1564 1000 1628 ὄνομα
1034 1563 1087 1615 τὸ
1125 1562 1239 1630 ὑπὲρ
1268 1568 1364 1614 πᾶν
1388 1562 1569 1625 ὅνομα”
1598 1563 1673 1612 καὶ
1693 1581 1779 1613 Phil.
1792 1582 1873 1623 ῆς.

88 1649 183 1696 τῶν
208 1645 445 1710 δυναμὲων
473 1648 676 1713 Κύριοςς
719 1647 829 1696 ἀλλ’
858 1647 940 1696 οὐκ
975 1644 1157 1711 ἀνάγκη
1195 1644 1293 1709 μὲν,
1322 1644 1438 1698 ἴσως
1472 1645 1675 1710 ἐροῦσιν,

87 1727 415 1793 προαιρετικὴν
441 1727 489 1779 δὲ
524 1727 705 1794 τροπὴν
745 1727 947 1779 καλέσαι
985 1725 1103 1793 πρὸς
1140 1732 1294 1778 τοῦτο.
1351 1725 1455 1776 ε”στι
1494 1723 1543 1775 δὲ
1581 1729 1676 1776 τῶν

22 1833 71 1858 20
89 1807 343 1876 ἀμηχάνων
368 1812 443 1860 καὶ
477 1815 615 1860 τοῦτο
650 1814 815 1861 παθεῖν
840 1807 999 1859 αὐτόν.
1041 1812 1142 1862 πῶς
1179 1807 1272 1874 γὰρ
1306 1807 1334 1870 ἡ
1374 1807 1473 1857 θεία
1511 1829 1561 1857 τε
1600 1807 1676 1857 καὶ

89 1889 319 1956 ἀκήρατος
352 1890 498 1960 φύσις
532 1890 715 1958 αἱρετὸν
741 1890 798 1942 ἂν
823 1889 1084 1955 ἐποιήσατό
1116 1913 1160 1941 τι
1194 1893 1289 1940 τῶν
1315 1889 1367 1940 οὐ
1399 1888 1676 1955 πρεπόντων

88 1973 204 2039 αὐτῇ
225 1994 238 2034 3

846 2073 893 2133 β]

163 2182 304 2232 Ἀλλ’
332 2180 448 2234 ἰ’σως
483 2182 624 2231 ἐκεῖνο
663 2181 853 2245 ἐροῦσιν
884 2181 1202 2249 ἀφραίνοντες,
1231 2182 1293 2234 ὡς
1327 2178 1559 2243 μετέβαλε
1592 2177 1677 2241 μὲν

24 2283 72 2324 25
92 2265 154 2316 εἶς
185 2260 344 2328 σάρκα
371 2261 491 2315 Θεὸς
525 2260 589 2312 ὧν
617 2263 641 2312 ὁ
669 2259 841 2327 Λόγος,
867 2261 996 2325 πλὴν
1023 2263 1111 2329 οὐχ
1145 2261 1282 2324 ἅπας,
1307 2262 1411 2311 οὔτε
1447 2259 1540 2323 μὴν
1565 2258 1676 2312 ὅλος

93 2344 148 2394 δι’
178 2343 310 2394 ὅλου·
353 2343 502 2394 καίτοι
539 2347 638 2396 πῶς
674 2343 726 2393 οὐ
763 2345 845 2406 τῆς
884 2342 1090 2409 ἐσχάτης
1126 2341 1471 2408 ἐμβροντησιάς
1509 2340 1674 2406 γένοιτ’

92 2423 151 2475 ἂν
185 2425 419 2493 ἀπόδειξις
458 2421 670 2490 ἐναργὴς,
696 2423 750 2474 τὸ
785 2425 923 2474 ταῦθ’
953 2424 1098 2477 οὕτως
1138 2422 1258 2491 ἔχειν
1294 2422 1480 2474 οἴεσθαί
1513 2445 1562 2473 τε
1602 2423 1677 2473 καὶ

92 2505 279 2571 λέγειν,
333 2509 523 2570 πρῶτον
561 2503 645 2569 μὲν
683 2504 776 2570 γὰρ
818 2504 872 2555 τὸ
915 2504 1061 2572 φάναι
1098 2508 1283 2567 τολμᾶν
1331 2506 1393 2558 ὡς
1432 2505 1519 2570 οὐχ
1555 2501 1678 2555 ἅπας

92 2588 196 2638 οὔτε
221 2587 314 2651 μὴν
341 2588 395 2637 δι’
425 2586 540 2637 ὅλου
561 2586 835 2648 μετέβαλεν,
862 2586 964 2650 ἤτοι
987 2585 1168 2651 τροπὴν
1195 2585 1419 2649 ὑπέμεινε,
1445 2585 1672 2651 μετρούν-

23 2697 73 2734 30
92 2692 185 2721 των
230 2668 360 2719 ἔστιν
404 2667 559 2731 αὐτὸν,
603 2666 963 2737 ἀποφαινόντων
1008 2667 1056 2718 δὲ
1101 2670 1177 2718 καὶ
1220 2664 1560 2730 πεποσωμένον
1604 2668 1678 2716 καὶ

139 2802 173 2836 3.
200 2789 323 2835 οταν]
315 2790 420 2835 mcip.
438 2790 462 2824 b
478 2789 539 2824 fol.
557 2801 590 2833 9.
730 2798 762 2835 7.
789 2788 1058 2834 ὁμολογὴτωσαν
1076 2800 1106 2822 c
1236 2799 1288 2823 10.
1314 2789 1466 2833 γενητοῖς
1483 2786 1677 2821 emendavi.

91 2838 260 2881 γεννητοῖς
275 2837 310 2871 b.
315 2848 344 2870 c.
523 2847 576 2870 ΙΙ.
602 2834 724 2880 οἷσπερ
742 2835 935 2869 emendavi.
953 2836 1035 2880 ὅπερ
1053 2835 1089 2868 b.
1108 2835 1226 2878 ὥσπερ
1244 2844 1512 2869 (3.12.
1537 2834 1628 2876 ἔχειν
1645 2843 1675 2866 c.

97 2893 151 2927 13.
176 2883 393 2918 κατωθοῦσαν
411 2893 441 2915 e.
620 2893 672 2926 19.
698 2882 875 2916 καλεῖσθαι
893 2893 922 2915 C.
994 2881 1103 2928 τούτῳ
1121 2881 1156 2915 b.
1323 2890 1377 2913 20.
1404 2877 1540 2923 παθεῖν]
1560 2878 1678 2911 λαθεῖν

94 2927 184 2972 (sic)
202 2940 231 2963 c.
330 2939 385 2971 24.
412 2928 446 2962 ἐκ
465 2930 523 2962 τοῦ
542 2928 642 2962 αὐτοῦ
659 2929 766 2972 λόγου
784 2928 818 2962 b.
821 2939 850 2961 c.
962 2936 1015 2972 25.
1042 2916 1123 2962 ὅλιος
1140 2925 1334 2961 emendavi.
1353 2927 1369 2959 ὁ
1386 2926 1491 2969 λόγος
1511 2925 1590 2967 (sic)
1608 2924 1676 2958 b.c.
