<?xml version="1.0" encoding="UTF-8"?>
<!DOCTYPE html PUBLIC "-//W3C//DTD XHTML 1.0 Transitional//EN"
    "http://www.w3.org/TR/xhtml1/DTD/xhtml1-transitional.dtd">
<html xmlns="http://www.w3.org/1999/xhtml" xml:lang="en" lang="en">
 <head>
  <title>
</title>
<meta http-equiv="Content-Type" content="text/html;charset=utf-8" />
  <meta name='ocr-system' content='tesseract 3.04.00' />
  <meta name='ocr-capabilities' content='ocr_page ocr_carea ocr_par ocr_line ocrx_word'/>
</head>
<body>
  <div class='ocr_page' id='page_1' title='image "./operacyrilli05cyriuoft/operacyrilli05cyriuoft_0460.png"; bbox 0 0 2017 3252; ppageno 0'>
   <div class='ocr_carea' id='block_1_1' title="bbox 90 559 271 600">
    <p class='ocr_par' dir='ltr' id='par_1_1' title="bbox 90 559 271 600">
     <span class='ocr_line' id='line_1_1' title="bbox 90 559 271 600; baseline 0 -10"><span class='ocrx_word' id='word_1_1' title='bbox 90 559 176 600; x_wconf 81' lang='lat' dir='ltr'><strong>Eph.</strong></span> <span class='ocrx_word' id='word_1_2' title='bbox 193 571 223 591; x_wconf 89' lang='lat' dir='ltr'>v.</span> <span class='ocrx_word' id='word_1_3' title='bbox 241 570 271 599; x_wconf 87' lang='lat'>4.</span> 
     </span>
    </p>
   </div>
   <div class='ocr_carea' id='block_1_2' title="bbox 89 752 295 836">
    <p class='ocr_par' dir='ltr' id='par_1_2' title="bbox 89 752 295 836">
     <span class='ocr_line' id='line_1_2' title="bbox 90 752 261 787; baseline 0.006 -5"><span class='ocrx_word' id='word_1_4' title='bbox 90 752 158 782; x_wconf 78' lang='lat'>001.</span> <span class='ocrx_word' id='word_1_5' title='bbox 171 752 216 783; x_wconf 83' lang='lat' dir='ltr'>iv.</span> <span class='ocrx_word' id='word_1_6' title='bbox 231 752 261 787; x_wconf 88' lang='lat'>6,</span> 
     </span>
     <span class='ocr_line' id='line_1_3' title="bbox 89 795 295 836; baseline 0 -11"><span class='ocrx_word' id='word_1_7' title='bbox 89 795 172 835; x_wconf 87' lang='lat' dir='ltr'>Eph.</span> <span class='ocrx_word' id='word_1_8' title='bbox 186 795 228 826; x_wconf 89' lang='lat' dir='ltr'>iv.</span> <span class='ocrx_word' id='word_1_9' title='bbox 244 805 295 836; x_wconf 78' lang='lat'>²9·</span> 
     </span>
    </p>
   </div>
   <div class='ocr_carea' id='block_1_3' title="bbox 90 1015 269 1055">
    <p class='ocr_par' dir='ltr' id='par_1_3' title="bbox 90 1015 269 1055">
     <span class='ocr_line' id='line_1_4' title="bbox 90 1015 269 1055; baseline 0 -10"><span class='ocrx_word' id='word_1_10' title='bbox 90 1015 144 1046; x_wconf 78' lang='lat' dir='ltr'>Ps.</span> <span class='ocrx_word' id='word_1_11' title='bbox 162 1015 224 1045; x_wconf 84' lang='lat' dir='ltr'><strong>cxl.</strong></span> <span class='ocrx_word' id='word_1_12' title='bbox 241 1024 269 1055; x_wconf 82' lang='lat'>3.</span> 
     </span>
    </p>
   </div>
   <div class='ocr_carea' id='block_1_4' title="bbox 87 1208 288 1281">
    <p class='ocr_par' dir='ltr' id='par_1_4' title="bbox 87 1208 288 1281">
     <span class='ocr_line' id='line_1_5' title="bbox 87 1208 288 1240; baseline 0 -1"><span class='ocrx_word' id='word_1_13' title='bbox 87 1208 138 1239; x_wconf 90' lang='lat' dir='ltr'>Ib.</span> <span class='ocrx_word' id='word_1_14' title='bbox 152 1208 288 1240; x_wconf 79' lang='lat' dir='ltr'><strong>xxxviii.</strong></span> 
     </span>
     <span class='ocr_line' id='line_1_6' title="bbox 92 1261 117 1281; baseline 0 0"><span class='ocrx_word' id='word_1_15' title='bbox 92 1261 117 1281; x_wconf 90' lang='lat'>1.</span> 
     </span>
    </p>
   </div>
   <div class='ocr_carea' id='block_1_5' title="bbox 89 1960 278 1993">
    <p class='ocr_par' dir='ltr' id='par_1_5' title="bbox 89 1960 278 1993">
     <span class='ocr_line' id='line_1_7' title="bbox 89 1960 278 1993; baseline 0.011 -2"><span class='ocrx_word' id='word_1_16' title='bbox 89 1961 186 1992; x_wconf 82' lang='lat' dir='ltr'>Rom.</span> <span class='ocrx_word' id='word_1_17' title='bbox 201 1960 234 1991; x_wconf 87' lang='lat' dir='ltr'>ii.</span> <span class='ocrx_word' id='word_1_18' title='bbox 251 1969 278 1993; x_wconf 81' lang='lat'>1.</span> 
     </span>
    </p>
   </div>
   <div class='ocr_carea' id='block_1_6' title="bbox 318 129 1401 171">
    <p class='ocr_par' dir='ltr' id='par_1_6' title="bbox 318 129 1401 171">
     <span class='ocr_line' id='line_1_8' title="bbox 318 129 1401 171; baseline 0.002 -3"><span class='ocrx_word' id='word_1_19' title='bbox 318 129 399 168; x_wconf 67' lang='lat'>446</span> <span class='ocrx_word' id='word_1_20' title='bbox 800 129 877 170; x_wconf 87' lang='lat' dir='ltr'>DE</span> <span class='ocrx_word' id='word_1_21' title='bbox 911 129 1299 171; x_wconf 79' lang='lat' dir='ltr'><strong>FRAGMENTIS</strong></span> <span class='ocrx_word' id='word_1_22' title='bbox 1333 129 1401 170; x_wconf 94' lang='lat' dir='ltr'>IN</span> 
     </span>
    </p>
   </div>
   <div class='ocr_carea' id='block_1_7' title="bbox 308 237 1898 1245">
    <p class='ocr_par' dir='ltr' id='par_1_7' title="bbox 308 237 1898 1245">
     <span class='ocr_line' id='line_1_9' title="bbox 316 237 1898 284; baseline 0.001 -13"><span class='ocrx_word' id='word_1_23' title='bbox 316 237 398 271; x_wconf 83' lang='grc' dir='ltr'>σθαί</span> <span class='ocrx_word' id='word_1_24' title='bbox 414 247 509 272; x_wconf 88' lang='grc' dir='ltr'>ποτε·</span> <span class='ocrx_word' id='word_1_25' title='bbox 538 237 693 283; x_wconf 86' lang='grc' dir='ltr'>ἡγεῖσθαι</span> <span class='ocrx_word' id='word_1_26' title='bbox 713 238 748 272; x_wconf 83' lang='grc' dir='ltr'>δέ</span> <span class='ocrx_word' id='word_1_27' title='bbox 767 240 898 282; x_wconf 81' lang='grc' dir='ltr'>μᾶλλον</span> <span class='ocrx_word' id='word_1_28' title='bbox 917 241 977 273; x_wconf 92' lang='grc' dir='ltr'>τοῦ</span> <span class='ocrx_word' id='word_1_29' title='bbox 997 239 1120 274; x_wconf 87' lang='grc' dir='ltr'>παντὸς</span> <span class='ocrx_word' id='word_1_30' title='bbox 1138 238 1230 282; x_wconf 71' lang='grc' dir='ltr'>ἄξιον</span> <span class='ocrx_word' id='word_1_31' title='bbox 1248 240 1363 284; x_wconf 83' lang='grc' dir='ltr'>λόγον,</span> <span class='ocrx_word' id='word_1_32' title='bbox 1383 239 1553 284; x_wconf 87' lang='grc' dir='ltr'>εὗηγορεῖν</span> <span class='ocrx_word' id='word_1_33' title='bbox 1572 238 1689 273; x_wconf 78' lang='grc' dir='ltr'>εἰδέναι</span> <span class='ocrx_word' id='word_1_34' title='bbox 1709 239 1762 272; x_wconf 82' lang='grc' dir='ltr'>καὶ</span> <span class='ocrx_word' id='word_1_35' title='bbox 1780 239 1898 273; x_wconf 84' lang='grc' dir='ltr'>λαλεῖν</span> 
     </span>
     <span class='ocr_line' id='line_1_10' title="bbox 314 300 1898 351; baseline 0.001 -16"><span class='ocrx_word' id='word_1_36' title='bbox 314 302 356 335; x_wconf 90' lang='grc' dir='ltr'>τὰ</span> <span class='ocrx_word' id='word_1_37' title='bbox 383 303 506 337; x_wconf 88' lang='grc' dir='ltr'>παντὸς</span> <span class='ocrx_word' id='word_1_38' title='bbox 536 302 669 337; x_wconf 84' lang='grc' dir='ltr'>ἐπαίνου</span> <span class='ocrx_word' id='word_1_39' title='bbox 696 304 817 346; x_wconf 89' lang='grc' dir='ltr'>μεστά.</span> <span class='ocrx_word' id='word_1_40' title='bbox 850 301 991 351; x_wconf 76' lang='lat' dir='ltr'>[pel·gi13</span> <span class='ocrx_word' id='word_1_41' title='bbox 1018 304 1152 348; x_wconf 79' lang='grc' dir='ltr'>ψάλλει</span> <span class='ocrx_word' id='word_1_42' title='bbox 1180 302 1291 336; x_wconf 73' lang='grc' dir='ltr'>δαυεὶδ</span> <span class='ocrx_word' id='word_1_43' title='bbox 1321 304 1409 336; x_wconf 83' lang='grc' dir='ltr'>Θεοῦ</span> <span class='ocrx_word' id='word_1_44' title='bbox 1437 300 1538 337; x_wconf 81' lang='lat' dir='ltr'><strong>infra</strong></span> <span class='ocrx_word' id='word_1_45' title='bbox 1564 301 1608 348; x_wconf 89' lang='lat' dir='ltr'>d]</span> <span class='ocrx_word' id='word_1_46' title='bbox 1632 303 1745 348; x_wconf 84' lang='grc' dir='ltr'>χρῆμα</span> <span class='ocrx_word' id='word_1_47' title='bbox 1773 302 1812 346; x_wconf 85' lang='grc' dir='ltr'>δὴ</span> <span class='ocrx_word' id='word_1_48' title='bbox 1841 301 1898 336; x_wconf 74' lang='grc' dir='ltr'>οὖν</span> 
     </span>
     <span class='ocr_line' id='line_1_11' title="bbox 312 362 1897 415; baseline 0.001 -15"><span class='ocrx_word' id='word_1_49' title='bbox 312 366 596 412; x_wconf 75' lang='grc' dir='ltr'>πρεπωδέστατον</span> <span class='ocrx_word' id='word_1_50' title='bbox 623 365 674 400; x_wconf 86' lang='grc' dir='ltr'>ὅτι</span> <span class='ocrx_word' id='word_1_51' title='bbox 703 367 853 410; x_wconf 85' lang='grc' dir='ltr'>μάλιστά</span> <span class='ocrx_word' id='word_1_52' title='bbox 882 381 922 412; x_wconf 90' lang='grc' dir='ltr'>γε</span> <span class='ocrx_word' id='word_1_53' title='bbox 951 367 985 401; x_wconf 84' lang='grc' dir='ltr'>ἐν</span> <span class='ocrx_word' id='word_1_54' title='bbox 1011 369 1081 402; x_wconf 88' lang='grc' dir='ltr'>τοῖς</span> <span class='ocrx_word' id='word_1_55' title='bbox 1111 367 1243 409; x_wconf 75' lang='grc' dir='ltr'>εὐζωεῖν</span> <span class='ocrx_word' id='word_1_56' title='bbox 1269 365 1444 411; x_wconf 77' lang='grc' dir='ltr'>ᾑρημένοις</span> <span class='ocrx_word' id='word_1_57' title='bbox 1473 362 1671 415; x_wconf 80' lang='grc' dir='ltr'>[εἰρημένοις</span> <span class='ocrx_word' id='word_1_58' title='bbox 1696 378 1764 414; x_wconf 81' lang='lat' dir='ltr'>pro</span> <span class='ocrx_word' id='word_1_59' title='bbox 1791 377 1897 402; x_wconf 82' lang='lat' dir='ltr'>more</span> 
     </span>
     <span class='ocr_line' id='line_1_12' title="bbox 312 427 1894 479; baseline -0.001 -14"><span class='ocrx_word' id='word_1_60' title='bbox 312 429 485 466; x_wconf 75' lang='lat' dir='ltr'>codicum</span> <span class='ocrx_word' id='word_1_61' title='bbox 505 428 750 478; x_wconf 63' lang='lat' dir='ltr'>antiquorum</span> <span class='ocrx_word' id='word_1_62' title='bbox 766 427 814 479; x_wconf 81' lang='lat' dir='ltr'>c.]</span> <span class='ocrx_word' id='word_1_63' title='bbox 834 431 871 464; x_wconf 88' lang='grc' dir='ltr'>τὸ</span> <span class='ocrx_word' id='word_1_64' title='bbox 890 431 1007 464; x_wconf 82' lang='grc' dir='ltr'>λαλεῖν</span> <span class='ocrx_word' id='word_1_65' title='bbox 1027 430 1164 475; x_wconf 85' lang='grc' dir='ltr'>σοφίαν·</span> <span class='ocrx_word' id='word_1_66' title='bbox 1196 430 1388 473; x_wconf 78' lang='grc' dir='ltr'>ἀπόβλητον</span> <span class='ocrx_word' id='word_1_67' title='bbox 1405 431 1470 476; x_wconf 86' lang='grc' dir='ltr'>γὰρ</span> <span class='ocrx_word' id='word_1_68' title='bbox 1491 431 1597 476; x_wconf 78' lang='grc' dir='ltr'>ἁγίοις</span> <span class='ocrx_word' id='word_1_69' title='bbox 1615 431 1654 464; x_wconf 89' lang='grc' dir='ltr'>τὸ</span> <span class='ocrx_word' id='word_1_70' title='bbox 1673 431 1894 476; x_wconf 80' lang='grc' dir='ltr'>μωρολογεῖν,</span> 
     </span>
     <span class='ocr_line' id='line_1_13' title="bbox 312 493 1898 540; baseline 0 -12"><span class='ocrx_word' id='word_1_71' title='bbox 312 495 364 528; x_wconf 82' lang='grc' dir='ltr'>καὶ</span> <span class='ocrx_word' id='word_1_72' title='bbox 392 493 556 538; x_wconf 78' lang='grc' dir='ltr'>ἀσύνηθες</span> <span class='ocrx_word' id='word_1_73' title='bbox 584 495 700 538; x_wconf 86' lang='grc' dir='ltr'>κομιδῆ</span> <span class='ocrx_word' id='word_1_74' title='bbox 728 495 766 528; x_wconf 86' lang='grc' dir='ltr'>τὸ</span> <span class='ocrx_word' id='word_1_75' title='bbox 797 495 984 540; x_wconf 86' lang='grc' dir='ltr'>κεχρῆσθαί</span> <span class='ocrx_word' id='word_1_76' title='bbox 1012 508 1100 528; x_wconf 90' lang='grc' dir='ltr'>τισιν</span> <span class='ocrx_word' id='word_1_77' title='bbox 1129 493 1147 537; x_wconf 85' lang='grc' dir='ltr'>ἢ</span> <span class='ocrx_word' id='word_1_78' title='bbox 1177 494 1419 539; x_wconf 77' lang='grc' dir='ltr'>εὐτραπελίαις,</span> <span class='ocrx_word' id='word_1_79' title='bbox 1439 496 1543 540; x_wconf 72' lang='grc' dir='ltr'>ἤγουν</span> <span class='ocrx_word' id='word_1_80' title='bbox 1570 493 1898 540; x_wconf 80' lang='grc' dir='ltr'>αἶσχρορημοσύναις</span> 
     </span>
     <span class='ocr_line' id='line_1_14' title="bbox 311 555 1889 608; baseline 0.001 -16"><span class='ocrx_word' id='word_1_81' title='bbox 311 558 332 592; x_wconf 83' lang='grc' dir='ltr'>ἂ</span> <span class='ocrx_word' id='word_1_82' title='bbox 356 557 429 607; x_wconf 70' lang='lat' dir='ltr'>[ita</span> <span class='ocrx_word' id='word_1_83' title='bbox 448 557 528 593; x_wconf 79' lang='lat' dir='ltr'><strong>cod.</strong></span> <span class='ocrx_word' id='word_1_84' title='bbox 549 557 661 594; x_wconf 61' lang='lat' dir='ltr'>Coisl.</span> <span class='ocrx_word' id='word_1_85' title='bbox 684 557 716 592; x_wconf 82' lang='grc' dir='ltr'>αἳ</span> <span class='ocrx_word' id='word_1_86' title='bbox 732 570 764 593; x_wconf 81' lang='lat' dir='ltr'>a.</span> <span class='ocrx_word' id='word_1_87' title='bbox 779 555 869 608; x_wconf 64' lang='lat' dir='ltr'>Ed]</span> <span class='ocrx_word' id='word_1_88' title='bbox 893 559 950 592; x_wconf 85' lang='grc' dir='ltr'>οὐκ</span> <span class='ocrx_word' id='word_1_89' title='bbox 969 558 1084 602; x_wconf 80' lang='grc' dir='ltr'>ἀνῆκεν</span> <span class='ocrx_word' id='word_1_90' title='bbox 1102 555 1172 607; x_wconf 71' lang='lat' dir='ltr'><strong>[ita</strong></span> <span class='ocrx_word' id='word_1_91' title='bbox 1191 570 1222 593; x_wconf 82' lang='lat' dir='ltr'>O.</span> <span class='ocrx_word' id='word_1_92' title='bbox 1243 558 1360 602; x_wconf 81' lang='grc' dir='ltr'>ἀνῆκον</span> <span class='ocrx_word' id='word_1_93' title='bbox 1374 569 1406 593; x_wconf 87' lang='lat' dir='ltr'>a.</span> <span class='ocrx_word' id='word_1_94' title='bbox 1423 555 1511 607; x_wconf 64' lang='lat' dir='ltr'>Ed]</span> <span class='ocrx_word' id='word_1_95' title='bbox 1527 558 1609 592; x_wconf 87' lang='grc' dir='ltr'>καθά</span> <span class='ocrx_word' id='word_1_96' title='bbox 1629 555 1728 608; x_wconf 88' lang='grc' dir='ltr'>[καθά</span> <span class='ocrx_word' id='word_1_97' title='bbox 1747 569 1819 593; x_wconf 89' lang='lat' dir='ltr'>om.</span> <span class='ocrx_word' id='word_1_98' title='bbox 1841 555 1889 608; x_wconf 80' lang='lat' dir='ltr'>c.]</span> 
     </span>
     <span class='ocr_line' id='line_1_15' title="bbox 313 621 1896 668; baseline 0 -12"><span class='ocrx_word' id='word_1_99' title='bbox 313 624 421 668; x_wconf 88' lang='grc' dir='ltr'>φησιν</span> <span class='ocrx_word' id='word_1_100' title='bbox 449 624 466 656; x_wconf 88' lang='grc' dir='ltr'>ὁ</span> <span class='ocrx_word' id='word_1_101' title='bbox 495 623 675 668; x_wconf 85' lang='grc' dir='ltr'>πάνσοφος</span> <span class='ocrx_word' id='word_1_102' title='bbox 704 624 851 658; x_wconf 82' lang='grc' dir='ltr'>Παῦλος·</span> <span class='ocrx_word' id='word_1_103' title='bbox 890 623 995 668; x_wconf 86' lang='grc' dir='ltr'>φίλον</span> <span class='ocrx_word' id='word_1_104' title='bbox 1024 623 1059 656; x_wconf 80' lang='grc' dir='ltr'>δέ</span> <span class='ocrx_word' id='word_1_105' title='bbox 1093 623 1205 658; x_wconf 80' lang='grc' dir='ltr'>αὐτοῖς</span> <span class='ocrx_word' id='word_1_106' title='bbox 1239 623 1290 656; x_wconf 87' lang='grc' dir='ltr'>καὶ</span> <span class='ocrx_word' id='word_1_107' title='bbox 1324 622 1378 656; x_wconf 87' lang='grc' dir='ltr'>διὰ</span> <span class='ocrx_word' id='word_1_108' title='bbox 1408 623 1558 666; x_wconf 80' lang='grc' dir='ltr'>σπουδῆς</span> <span class='ocrx_word' id='word_1_109' title='bbox 1588 624 1749 668; x_wconf 87' lang='grc' dir='ltr'>γεγόνασι</span> <span class='ocrx_word' id='word_1_110' title='bbox 1778 621 1896 657; x_wconf 77' lang='grc' dir='ltr'>τούτου</span> 
     </span>
     <span class='ocr_line' id='line_1_16' title="bbox 312 685 1895 733; baseline 0 -13"><span class='ocrx_word' id='word_1_111' title='bbox 312 688 492 733; x_wconf 80' lang='grc' dir='ltr'>εὐηγορεῖν·</span> <span class='ocrx_word' id='word_1_112' title='bbox 524 686 737 731; x_wconf 86' lang='grc' dir='ltr'>διαμέμνηται</span> <span class='ocrx_word' id='word_1_113' title='bbox 764 687 830 733; x_wconf 91' lang='grc' dir='ltr'>γὰρ</span> <span class='ocrx_word' id='word_1_114' title='bbox 857 687 939 720; x_wconf 85' lang='grc' dir='ltr'>κατὰ</span> <span class='ocrx_word' id='word_1_115' title='bbox 967 688 1005 720; x_wconf 88' lang='grc' dir='ltr'>τὸ</span> <span class='ocrx_word' id='word_1_116' title='bbox 1034 687 1120 721; x_wconf 82' lang='grc' dir='ltr'>εἰκὸς</span> <span class='ocrx_word' id='word_1_117' title='bbox 1142 687 1241 733; x_wconf 84' lang='grc' dir='ltr'>[κατὰ</span> <span class='ocrx_word' id='word_1_118' title='bbox 1260 687 1298 720; x_wconf 87' lang='grc' dir='ltr'>τὸ</span> <span class='ocrx_word' id='word_1_119' title='bbox 1319 687 1404 721; x_wconf 82' lang='grc' dir='ltr'>εἰκὸς</span> <span class='ocrx_word' id='word_1_120' title='bbox 1422 698 1494 722; x_wconf 87' lang='lat' dir='ltr'>om.</span> <span class='ocrx_word' id='word_1_121' title='bbox 1517 686 1565 733; x_wconf 74' lang='grc'>0.]</span> <span class='ocrx_word' id='word_1_122' title='bbox 1587 688 1645 730; x_wconf 84' lang='grc' dir='ltr'>τῆς</span> <span class='ocrx_word' id='word_1_123' title='bbox 1664 686 1760 732; x_wconf 87' lang='grc' dir='ltr'>ἁγίας</span> <span class='ocrx_word' id='word_1_124' title='bbox 1777 685 1895 732; x_wconf 80' lang='grc' dir='ltr'>λεγού-</span> 
     </span>
     <span class='ocr_line' id='line_1_17' title="bbox 314 749 1896 798; baseline 0 -13"><span class='ocrx_word' id='word_1_125' title='bbox 314 766 377 794; x_wconf 85' lang='grc' dir='ltr'>σης</span> <span class='ocrx_word' id='word_1_126' title='bbox 395 752 530 797; x_wconf 85' lang='grc' dir='ltr'>γραφῆς</span> <span class='ocrx_word' id='word_1_127' title='bbox 547 750 586 785; x_wconf 70' lang='lat' dir='ltr'>‘O</span> <span class='ocrx_word' id='word_1_128' title='bbox 607 752 709 797; x_wconf 81' lang='grc' dir='ltr'>λόγος</span> <span class='ocrx_word' id='word_1_129' title='bbox 728 752 818 795; x_wconf 77' lang='grc' dir='ltr'>ὑμῶν</span> <span class='ocrx_word' id='word_1_130' title='bbox 838 751 872 785; x_wconf 83' lang='grc' dir='ltr'>ἐν</span> <span class='ocrx_word' id='word_1_131' title='bbox 889 751 1002 797; x_wconf 86' lang='grc' dir='ltr'>χάριτι</span> <span class='ocrx_word' id='word_1_132' title='bbox 1027 751 1126 784; x_wconf 82' lang='grc' dir='ltr'>ἅλατι</span> <span class='ocrx_word' id='word_1_133' title='bbox 1152 749 1330 795; x_wconf 82' lang='grc' dir='ltr'>ἠρτυμένος</span> <span class='ocrx_word' id='word_1_134' title='bbox 1358 749 1411 784; x_wconf 82' lang='grc' dir='ltr'>ἵνα</span> <span class='ocrx_word' id='word_1_135' title='bbox 1439 751 1485 798; x_wconf 78' lang='grc' dir='ltr'>δῷ</span> <span class='ocrx_word' id='word_1_136' title='bbox 1513 751 1613 796; x_wconf 83' lang='grc' dir='ltr'>χάριν</span> <span class='ocrx_word' id='word_1_137' title='bbox 1631 752 1701 786; x_wconf 81' lang='grc' dir='ltr'>τοῖς</span> <span class='ocrx_word' id='word_1_138' title='bbox 1724 750 1896 785; x_wconf 79' lang='grc' dir='ltr'>ἁκουούσι·</span> 
     </span>
     <span class='ocr_line' id='line_1_18' title="bbox 312 814 1897 860; baseline 0 -11"><span class='ocrx_word' id='word_1_139' title='bbox 312 816 365 850; x_wconf 84' lang='grc' dir='ltr'>καὶ</span> <span class='ocrx_word' id='word_1_140' title='bbox 383 817 486 850; x_wconf 87' lang='grc' dir='ltr'>πάλιν</span> <span class='ocrx_word' id='word_1_141' title='bbox 501 815 724 860; x_wconf 77' lang='grc' dir='ltr'>Ἀποδέχεται</span> <span class='ocrx_word' id='word_1_142' title='bbox 749 815 809 859; x_wconf 81' lang='grc' dir='ltr'>μὲν</span> <span class='ocrx_word' id='word_1_143' title='bbox 827 815 845 859; x_wconf 89' lang='grc' dir='ltr'>ἡ</span> <span class='ocrx_word' id='word_1_144' title='bbox 867 815 1091 850; x_wconf 77' lang='grc' dir='ltr'>θεόπνευστος</span> <span class='ocrx_word' id='word_1_145' title='bbox 1116 814 1232 860; x_wconf 84' lang='grc' dir='ltr'>γραφὴ</span> <span class='ocrx_word' id='word_1_146' title='bbox 1253 815 1291 848; x_wconf 88' lang='grc' dir='ltr'>τὸ</span> <span class='ocrx_word' id='word_1_147' title='bbox 1316 814 1454 850; x_wconf 77' lang='grc' dir='ltr'>ἐπιεικὲς</span> <span class='ocrx_word' id='word_1_148' title='bbox 1482 815 1528 849; x_wconf 86' lang='grc' dir='ltr'>εἷς</span> <span class='ocrx_word' id='word_1_149' title='bbox 1557 815 1691 860; x_wconf 85' lang='grc' dir='ltr'>λόγους,</span> <span class='ocrx_word' id='word_1_150' title='bbox 1712 814 1897 860; x_wconf 77' lang='grc' dir='ltr'>καταψέγει</span> 
     </span>
     <span class='ocr_line' id='line_1_19' title="bbox 311 875 1896 929; baseline -0.001 -15"><span class='ocrx_word' id='word_1_151' title='bbox 311 880 347 914; x_wconf 84' lang='grc' dir='ltr'>δέ</span> <span class='ocrx_word' id='word_1_152' title='bbox 377 880 428 913; x_wconf 86' lang='grc' dir='ltr'>καὶ</span> <span class='ocrx_word' id='word_1_153' title='bbox 453 876 521 929; x_wconf 86' lang='grc' dir='ltr'>[καὶ</span> <span class='ocrx_word' id='word_1_154' title='bbox 547 877 675 915; x_wconf 69' lang='grc' dir='ltr'>ΟΙΠῘΞῘῘ]</span> <span class='ocrx_word' id='word_1_155' title='bbox 694 878 755 915; x_wconf 76' lang='lat' dir='ltr'>Cr.</span> <span class='ocrx_word' id='word_1_156' title='bbox 781 877 913 915; x_wconf 73' lang='lat' dir='ltr'>invitis</span> <span class='ocrx_word' id='word_1_157' title='bbox 939 875 1146 927; x_wconf 77' lang='lat' dir='ltr'>codicibus]</span> <span class='ocrx_word' id='word_1_158' title='bbox 1172 879 1264 923; x_wconf 90' lang='grc' dir='ltr'>μάλα</span> <span class='ocrx_word' id='word_1_159' title='bbox 1292 879 1425 913; x_wconf 80' lang='grc' dir='ltr'>εἰκότως</span> <span class='ocrx_word' id='word_1_160' title='bbox 1453 880 1511 923; x_wconf 89' lang='grc' dir='ltr'>τῆς</span> <span class='ocrx_word' id='word_1_161' title='bbox 1537 880 1702 925; x_wconf 84' lang='grc' dir='ltr'>γλώσσης</span> <span class='ocrx_word' id='word_1_162' title='bbox 1730 879 1768 912; x_wconf 87' lang='grc' dir='ltr'>τὸ</span> <span class='ocrx_word' id='word_1_163' title='bbox 1796 878 1896 925; x_wconf 84' lang='grc' dir='ltr'>ἀκρα-</span> 
     </span>
     <span class='ocr_line' id='line_1_20' title="bbox 310 940 1896 991; baseline 0 -13"><span class='ocrx_word' id='word_1_164' title='bbox 310 944 374 979; x_wconf 85' lang='grc' dir='ltr'>τές.</span> <span class='ocrx_word' id='word_1_165' title='bbox 413 945 479 989; x_wconf 75' lang='grc' dir='ltr'>ἔφη</span> <span class='ocrx_word' id='word_1_166' title='bbox 499 944 559 989; x_wconf 85' lang='grc' dir='ltr'>μὲν</span> <span class='ocrx_word' id='word_1_167' title='bbox 576 945 641 990; x_wconf 89' lang='grc' dir='ltr'>γάρ</span> <span class='ocrx_word' id='word_1_168' title='bbox 662 943 695 979; x_wconf 84' lang='grc' dir='ltr'>εῗ</span> <span class='ocrx_word' id='word_1_169' title='bbox 722 957 776 983; x_wconf 87' lang='grc' dir='ltr'>τις</span> <span class='ocrx_word' id='word_1_170' title='bbox 805 945 841 978; x_wconf 87' lang='grc' dir='ltr'>ἐν</span> <span class='ocrx_word' id='word_1_171' title='bbox 869 942 965 991; x_wconf 78' lang='grc' dir='ltr'>λόγῳ</span> <span class='ocrx_word' id='word_1_172' title='bbox 994 943 1034 977; x_wconf 87' lang='grc' dir='ltr'>οὐ</span> <span class='ocrx_word' id='word_1_173' title='bbox 1063 940 1197 986; x_wconf 78' lang='grc' dir='ltr'>πταίει,</span> <span class='ocrx_word' id='word_1_174' title='bbox 1218 941 1320 982; x_wconf 81' lang='grc' dir='ltr'>οὗτος</span> <span class='ocrx_word' id='word_1_175' title='bbox 1339 941 1477 982; x_wconf 76' lang='grc' dir='ltr'>τέλειος</span> <span class='ocrx_word' id='word_1_176' title='bbox 1498 942 1598 989; x_wconf 79' lang='grc' dir='ltr'>ἀνὴρ,</span> <span class='ocrx_word' id='word_1_177' title='bbox 1619 941 1762 982; x_wconf 79' lang='grc' dir='ltr'>δυνατὸς</span> <span class='ocrx_word' id='word_1_178' title='bbox 1790 942 1896 988; x_wconf 88' lang='grc' dir='ltr'>χαλι-</span> 
     </span>
     <span class='ocr_line' id='line_1_21' title="bbox 311 1005 1898 1055; baseline -0.001 -12"><span class='ocrx_word' id='word_1_179' title='bbox 311 1009 518 1055; x_wconf 85' lang='grc' dir='ltr'>ναγωγῆσαι</span> <span class='ocrx_word' id='word_1_180' title='bbox 547 1005 607 1043; x_wconf 75' lang='grc' dir='ltr'>καὶ</span> <span class='ocrx_word' id='word_1_181' title='bbox 635 1007 720 1043; x_wconf 77' lang='grc' dir='ltr'>ὅλον</span> <span class='ocrx_word' id='word_1_182' title='bbox 744 1007 785 1043; x_wconf 80' lang='grc' dir='ltr'>τὸ</span> <span class='ocrx_word' id='word_1_183' title='bbox 814 1009 927 1055; x_wconf 82' lang='grc' dir='ltr'>σῶμα.</span> <span class='ocrx_word' id='word_1_184' title='bbox 967 1007 1099 1053; x_wconf 75' lang='grc' dir='ltr'>ψάλλει</span> <span class='ocrx_word' id='word_1_185' title='bbox 1118 1007 1157 1040; x_wconf 86' lang='grc' dir='ltr'>δέ</span> <span class='ocrx_word' id='word_1_186' title='bbox 1173 1021 1238 1041; x_wconf 92' lang='grc' dir='ltr'>που</span> <span class='ocrx_word' id='word_1_187' title='bbox 1259 1007 1310 1040; x_wconf 83' lang='grc' dir='ltr'>καὶ</span> <span class='ocrx_word' id='word_1_188' title='bbox 1330 1007 1453 1041; x_wconf 88' lang='grc' dir='ltr'>Δαυείδ</span> <span class='ocrx_word' id='word_1_189' title='bbox 1473 1007 1493 1025; x_wconf 77' lang='grc'><strong>“</strong></span> <span class='ocrx_word' id='word_1_190' title='bbox 1510 1009 1589 1051; x_wconf 76' lang='grc' dir='ltr'>Θοῦ,</span> <span class='ocrx_word' id='word_1_191' title='bbox 1611 1005 1722 1052; x_wconf 79' lang='grc' dir='ltr'>Κύριε,</span> <span class='ocrx_word' id='word_1_192' title='bbox 1743 1007 1898 1053; x_wconf 88' lang='grc' dir='ltr'>φυλακὴν</span> 
     </span>
     <span class='ocr_line' id='line_1_22' title="bbox 311 1070 1895 1120; baseline -0.001 -14"><span class='ocrx_word' id='word_1_193' title='bbox 311 1073 331 1090; x_wconf 78' lang='grc'><strong>“</strong></span> <span class='ocrx_word' id='word_1_194' title='bbox 351 1075 398 1120; x_wconf 75' lang='grc' dir='ltr'>τῷ</span> <span class='ocrx_word' id='word_1_195' title='bbox 427 1073 570 1117; x_wconf 91' lang='grc' dir='ltr'>στόματί</span> <span class='ocrx_word' id='word_1_196' title='bbox 596 1087 674 1117; x_wconf 85' lang='grc' dir='ltr'>μου,</span> <span class='ocrx_word' id='word_1_197' title='bbox 696 1073 748 1106; x_wconf 82' lang='grc' dir='ltr'>καὶ</span> <span class='ocrx_word' id='word_1_198' title='bbox 768 1070 871 1118; x_wconf 79' lang='grc' dir='ltr'>θύραν</span> <span class='ocrx_word' id='word_1_199' title='bbox 897 1073 1056 1117; x_wconf 84' lang='grc' dir='ltr'>περιοχῆς</span> <span class='ocrx_word' id='word_1_200' title='bbox 1074 1071 1151 1116; x_wconf 81' lang='grc' dir='ltr'>περὶ</span> <span class='ocrx_word' id='word_1_201' title='bbox 1175 1071 1216 1104; x_wconf 87' lang='grc' dir='ltr'>τὰ</span> <span class='ocrx_word' id='word_1_202' title='bbox 1240 1071 1338 1115; x_wconf 89' lang='grc' dir='ltr'>χείλη</span> <span class='ocrx_word' id='word_1_203' title='bbox 1366 1070 1463 1114; x_wconf 84' lang='grc' dir='ltr'>μου,”</span> <span class='ocrx_word' id='word_1_204' title='bbox 1507 1070 1570 1118; x_wconf 77' lang='grc' dir='ltr'>[τῷ</span> <span class='ocrx_word' id='word_1_205' title='bbox 1599 1071 1895 1116; x_wconf 79' lang='grc' dir='ltr'>στόματί-χείλη</span> 
     </span>
     <span class='ocr_line' id='line_1_23' title="bbox 308 1133 1897 1181; baseline 0 -11"><span class='ocrx_word' id='word_1_206' title='bbox 308 1152 372 1181; x_wconf 93' lang='grc' dir='ltr'>μου</span> <span class='ocrx_word' id='word_1_207' title='bbox 392 1148 463 1172; x_wconf 76' lang='grc'><strong>0111.</strong></span> <span class='ocrx_word' id='word_1_208' title='bbox 486 1135 521 1172; x_wconf 80' lang='lat' dir='ltr'>d.</span> <span class='ocrx_word' id='word_1_209' title='bbox 553 1137 597 1181; x_wconf 89' lang='grc' dir='ltr'>μὴ</span> <span class='ocrx_word' id='word_1_210' title='bbox 628 1137 778 1180; x_wconf 84' lang='grc' dir='ltr'>ἐκκλίνῃς</span> <span class='ocrx_word' id='word_1_211' title='bbox 799 1137 858 1180; x_wconf 91' lang='grc' dir='ltr'>τὴν</span> <span class='ocrx_word' id='word_1_212' title='bbox 877 1135 1013 1181; x_wconf 85' lang='grc' dir='ltr'>καρδίαν</span> <span class='ocrx_word' id='word_1_213' title='bbox 1036 1150 1101 1179; x_wconf 91' lang='grc' dir='ltr'>μου</span> <span class='ocrx_word' id='word_1_214' title='bbox 1122 1135 1168 1170; x_wconf 85' lang='grc' dir='ltr'>εἷς</span> <span class='ocrx_word' id='word_1_215' title='bbox 1193 1137 1317 1180; x_wconf 86' lang='grc' dir='ltr'>λόγους</span> <span class='ocrx_word' id='word_1_216' title='bbox 1335 1134 1493 1180; x_wconf 85' lang='grc' dir='ltr'>πονηρίας</span> <span class='ocrx_word' id='word_1_217' title='bbox 1519 1133 1627 1170; x_wconf 78' lang='lat' dir='ltr'>addit</span> <span class='ocrx_word' id='word_1_218' title='bbox 1653 1136 1691 1170; x_wconf 67' lang='lat' dir='ltr'>ess</span> <span class='ocrx_word' id='word_1_219' title='bbox 1718 1134 1774 1170; x_wconf 68' lang='lat' dir='ltr'>ita</span> <span class='ocrx_word' id='word_1_220' title='bbox 1801 1134 1897 1171; x_wconf 77' lang='lat' dir='ltr'>desi-</span> 
     </span>
     <span class='ocr_line' id='line_1_24' title="bbox 309 1187 1897 1245; baseline -0.001 -9"><span class='ocrx_word' id='word_1_221' title='bbox 309 1200 368 1236; x_wconf 67' lang='lat' dir='ltr'>nit</span> <span class='ocrx_word' id='word_1_222' title='bbox 387 1200 436 1245; x_wconf 77' lang='lat' dir='ltr'>c.]</span> <span class='ocrx_word' id='word_1_223' title='bbox 459 1202 511 1235; x_wconf 84' lang='grc' dir='ltr'>καὶ</span> <span class='ocrx_word' id='word_1_224' title='bbox 538 1202 641 1235; x_wconf 90' lang='grc' dir='ltr'>πάλιν</span> <span class='ocrx_word' id='word_1_225' title='bbox 660 1202 680 1218; x_wconf 86' lang='lat'><strong>“</strong></span> <span class='ocrx_word' id='word_1_226' title='bbox 697 1198 787 1234; x_wconf 77' lang='grc' dir='ltr'>Εἶπα</span> <span class='ocrx_word' id='word_1_227' title='bbox 805 1200 948 1243; x_wconf 80' lang='grc' dir='ltr'>Φυλάξω</span> <span class='ocrx_word' id='word_1_228' title='bbox 978 1200 1036 1235; x_wconf 87' lang='grc' dir='ltr'>τὰς</span> <span class='ocrx_word' id='word_1_229' title='bbox 1065 1198 1163 1234; x_wconf 77' lang='grc' dir='ltr'>ὁδούς</span> <span class='ocrx_word' id='word_1_230' title='bbox 1190 1213 1255 1243; x_wconf 90' lang='grc' dir='ltr'>μου</span> <span class='ocrx_word' id='word_1_231' title='bbox 1275 1201 1335 1232; x_wconf 90' lang='grc' dir='ltr'>τοῦ</span> <span class='ocrx_word' id='word_1_232' title='bbox 1357 1199 1401 1243; x_wconf 87' lang='grc' dir='ltr'>μὴ</span> <span class='ocrx_word' id='word_1_233' title='bbox 1422 1199 1619 1244; x_wconf 87' lang='grc' dir='ltr'>ἁμαρτάνειν</span> <span class='ocrx_word' id='word_1_234' title='bbox 1636 1214 1677 1244; x_wconf 92' lang='grc' dir='ltr'>με</span> <span class='ocrx_word' id='word_1_235' title='bbox 1697 1200 1732 1233; x_wconf 87' lang='grc' dir='ltr'>ἐν</span> <span class='ocrx_word' id='word_1_236' title='bbox 1749 1187 1897 1245; x_wconf 80' lang='grc' dir='ltr'>γλώσσῃ</span> 
     </span>
    </p>
   </div>
   <div class='ocr_carea' id='block_1_8' title="bbox 311 1263 1488 1312">
    <p class='ocr_par' dir='ltr' id='par_1_8' title="bbox 311 1263 1488 1312">
     <span class='ocr_line' id='line_1_25' title="bbox 311 1263 1488 1312; baseline -0.002 -12"><span class='ocrx_word' id='word_1_237' title='bbox 311 1268 331 1282; x_wconf 81' lang='grc'><em>“</em></span> <span class='ocrx_word' id='word_1_238' title='bbox 351 1265 448 1310; x_wconf 82' lang='grc' dir='ltr'>μου.”</span> <span class='ocrx_word' id='word_1_239' title='bbox 478 1265 599 1312; x_wconf 82' lang='grc' dir='ltr'>ἀρίστη</span> <span class='ocrx_word' id='word_1_240' title='bbox 619 1266 684 1311; x_wconf 89' lang='grc' dir='ltr'>γὰρ</span> <span class='ocrx_word' id='word_1_241' title='bbox 707 1265 842 1311; x_wconf 83' lang='grc' dir='ltr'>φυλακὴ</span> <span class='ocrx_word' id='word_1_242' title='bbox 862 1265 901 1299; x_wconf 86' lang='grc' dir='ltr'>τὸ</span> <span class='ocrx_word' id='word_1_243' title='bbox 920 1264 1106 1299; x_wconf 72' lang='grc' dir='ltr'>ἄπταιστον</span> <span class='ocrx_word' id='word_1_244' title='bbox 1124 1264 1215 1308; x_wconf 75' lang='grc' dir='ltr'>ἔχειν</span> <span class='ocrx_word' id='word_1_245' title='bbox 1233 1263 1293 1306; x_wconf 90' lang='grc' dir='ltr'>τὴν</span> <span class='ocrx_word' id='word_1_246' title='bbox 1311 1265 1488 1309; x_wconf 87' lang='grc' dir='ltr'>γλῶσσαν.</span> 
     </span>
    </p>
   </div>
   <div class='ocr_carea' id='block_1_9' title="bbox 781 1361 1429 1408">
    <p class='ocr_par' dir='ltr' id='par_1_9' title="bbox 781 1361 1429 1408">
     <span class='ocr_line' id='line_1_26' title="bbox 781 1361 1429 1408; baseline -0.002 -10"><span class='ocrx_word' id='word_1_247' title='bbox 781 1364 835 1408; x_wconf 89' lang='grc' dir='ltr'>Μὴ</span> <span class='ocrx_word' id='word_1_248' title='bbox 856 1364 1072 1398; x_wconf 83' lang='grc' dir='ltr'>καταλαλεῖτε</span> <span class='ocrx_word' id='word_1_249' title='bbox 1091 1362 1252 1406; x_wconf 77' lang='grc' dir='ltr'>ἀλλήλων</span> <span class='ocrx_word' id='word_1_250' title='bbox 1271 1361 1429 1407; x_wconf 79' lang='grc' dir='ltr'>ἀδελφοί.</span> 
     </span>
    </p>
   </div>
   <div class='ocr_carea' id='block_1_10' title="bbox 306 1435 1898 2553">
    <p class='ocr_par' dir='ltr' id='par_1_10' title="bbox 306 1435 1898 2067">
     <span class='ocr_line' id='line_1_27' title="bbox 361 1435 1898 1487; baseline -0.003 -11"><span class='ocrx_word' id='word_1_251' title='bbox 361 1452 383 1476; x_wconf 84' lang='lat' dir='ltr'>a</span> <span class='ocrx_word' id='word_1_252' title='bbox 403 1439 464 1476; x_wconf 88' lang='lat' dir='ltr'>fol.</span> <span class='ocrx_word' id='word_1_253' title='bbox 492 1451 565 1487; x_wconf 90' lang='lat'>190</span> <span class='ocrx_word' id='word_1_254' title='bbox 584 1452 620 1476; x_wconf 89' lang='lat' dir='ltr'>v.</span> <span class='ocrx_word' id='word_1_255' title='bbox 650 1451 670 1475; x_wconf 80' lang='lat' dir='ltr'>c</span> <span class='ocrx_word' id='word_1_256' title='bbox 690 1438 754 1475; x_wconf 84' lang='lat' dir='ltr'><strong>fol.</strong></span> <span class='ocrx_word' id='word_1_257' title='bbox 781 1448 838 1486; x_wconf 86' lang='lat'>15.</span> <span class='ocrx_word' id='word_1_258' title='bbox 879 1439 1109 1485; x_wconf 87' lang='grc' dir='ltr'>Παγχάλεπον</span> <span class='ocrx_word' id='word_1_259' title='bbox 1144 1435 1215 1483; x_wconf 76' lang='lat' dir='ltr'>[ita</span> <span class='ocrx_word' id='word_1_260' title='bbox 1248 1448 1277 1472; x_wconf 85' lang='lat' dir='ltr'>c.</span> <span class='ocrx_word' id='word_1_261' title='bbox 1315 1439 1382 1472; x_wconf 83' lang='grc' dir='ltr'>πᾶν</span> <span class='ocrx_word' id='word_1_262' title='bbox 1418 1437 1569 1482; x_wconf 87' lang='grc' dir='ltr'>χαλεπὸν</span> <span class='ocrx_word' id='word_1_263' title='bbox 1600 1435 1692 1483; x_wconf 59' lang='lat' dir='ltr'>Ed]</span> <span class='ocrx_word' id='word_1_264' title='bbox 1730 1436 1898 1483; x_wconf 82' lang='grc' dir='ltr'>ἀποκείρει</span> 
     </span>
     <span class='ocr_line' id='line_1_28' title="bbox 308 1501 1898 1551; baseline -0.003 -11"><span class='ocrx_word' id='word_1_265' title='bbox 308 1505 415 1541; x_wconf 88' lang='grc' dir='ltr'>πάθος</span> <span class='ocrx_word' id='word_1_266' title='bbox 442 1509 508 1539; x_wconf 89' lang='grc' dir='ltr'>τῶν</span> <span class='ocrx_word' id='word_1_267' title='bbox 535 1505 700 1551; x_wconf 73' lang='grc' dir='ltr'>ἡμετέρων</span> <span class='ocrx_word' id='word_1_268' title='bbox 729 1505 891 1549; x_wconf 81' lang='grc' dir='ltr'>διανοιῶν,</span> <span class='ocrx_word' id='word_1_269' title='bbox 914 1503 1106 1549; x_wconf 76' lang='grc' dir='ltr'>ὑπεροψίας</span> <span class='ocrx_word' id='word_1_270' title='bbox 1134 1502 1242 1548; x_wconf 81' lang='grc' dir='ltr'>ἀρχὴν</span> <span class='ocrx_word' id='word_1_271' title='bbox 1269 1502 1321 1536; x_wconf 77' lang='grc' dir='ltr'>καὶ</span> <span class='ocrx_word' id='word_1_272' title='bbox 1347 1501 1504 1548; x_wconf 79' lang='grc' dir='ltr'>γέννησιν</span> <span class='ocrx_word' id='word_1_273' title='bbox 1525 1501 1675 1547; x_wconf 85' lang='grc' dir='ltr'>[γένεσιν</span> <span class='ocrx_word' id='word_1_274' title='bbox 1694 1502 1755 1547; x_wconf 84' lang='lat' dir='ltr'>c.].</span> <span class='ocrx_word' id='word_1_275' title='bbox 1793 1502 1898 1535; x_wconf 88' lang='grc' dir='ltr'>καίτοι</span> 
     </span>
     <span class='ocr_line' id='line_1_29' title="bbox 307 1564 1897 1615; baseline -0.003 -12"><span class='ocrx_word' id='word_1_276' title='bbox 307 1570 372 1615; x_wconf 87' lang='grc' dir='ltr'>γὰρ</span> <span class='ocrx_word' id='word_1_277' title='bbox 398 1569 473 1603; x_wconf 83' lang='grc' dir='ltr'>δέον</span> <span class='ocrx_word' id='word_1_278' title='bbox 491 1570 581 1605; x_wconf 85' lang='grc' dir='ltr'>τινὰς</span> <span class='ocrx_word' id='word_1_279' title='bbox 607 1569 744 1604; x_wconf 78' lang='grc' dir='ltr'>ἑαυτοὺς</span> <span class='ocrx_word' id='word_1_280' title='bbox 769 1567 1069 1612; x_wconf 79' lang='grc' dir='ltr'>κατασκέπτεσθαι,</span> <span class='ocrx_word' id='word_1_281' title='bbox 1090 1568 1142 1601; x_wconf 87' lang='grc' dir='ltr'>καὶ</span> <span class='ocrx_word' id='word_1_282' title='bbox 1169 1567 1250 1600; x_wconf 85' lang='grc' dir='ltr'>κατὰ</span> <span class='ocrx_word' id='word_1_283' title='bbox 1271 1567 1357 1600; x_wconf 84' lang='grc' dir='ltr'>Θεὸν</span> <span class='ocrx_word' id='word_1_284' title='bbox 1375 1564 1626 1610; x_wconf 76' lang='grc' dir='ltr'>πολιτεύεσθαι,</span> <span class='ocrx_word' id='word_1_285' title='bbox 1646 1569 1745 1600; x_wconf 88' lang='grc' dir='ltr'>τοῦτο</span> <span class='ocrx_word' id='word_1_286' title='bbox 1772 1565 1833 1610; x_wconf 74' lang='grc' dir='ltr'>μὲν</span> <span class='ocrx_word' id='word_1_287' title='bbox 1858 1566 1897 1600; x_wconf 83' lang='grc' dir='ltr'>οὐ</span> 
     </span>
     <span class='ocr_line' id='line_1_30' title="bbox 308 1628 1898 1679; baseline -0.002 -11"><span class='ocrx_word' id='word_1_288' title='bbox 308 1634 426 1679; x_wconf 81' lang='grc' dir='ltr'>δρῶσι,</span> <span class='ocrx_word' id='word_1_289' title='bbox 450 1635 775 1679; x_wconf 84' lang='grc' dir='ltr'>πολυπραγμονοῦσι</span> <span class='ocrx_word' id='word_1_290' title='bbox 805 1632 840 1666; x_wconf 78' lang='grc' dir='ltr'>δὲ</span> <span class='ocrx_word' id='word_1_291' title='bbox 873 1632 915 1666; x_wconf 86' lang='grc' dir='ltr'>τὰ</span> <span class='ocrx_word' id='word_1_292' title='bbox 944 1631 1074 1678; x_wconf 82' lang='grc' dir='ltr'>ἑτέρων·</span> <span class='ocrx_word' id='word_1_293' title='bbox 1106 1631 1165 1665; x_wconf 83' lang='grc' dir='ltr'>κᾶν</span> <span class='ocrx_word' id='word_1_294' title='bbox 1192 1631 1416 1666; x_wconf 83' lang='grc' dir='ltr'>ἀσθενοῦντας</span> <span class='ocrx_word' id='word_1_295' title='bbox 1442 1628 1544 1664; x_wconf 87' lang='grc' dir='ltr'>’ίδωσί</span> <span class='ocrx_word' id='word_1_296' title='bbox 1569 1644 1672 1671; x_wconf 87' lang='grc' dir='ltr'>τινας,</span> <span class='ocrx_word' id='word_1_297' title='bbox 1703 1631 1820 1676; x_wconf 84' lang='grc' dir='ltr'>ὥσπερ</span> <span class='ocrx_word' id='word_1_298' title='bbox 1849 1630 1898 1665; x_wconf 86' lang='grc' dir='ltr'>εἷς</span> 
     </span>
     <span class='ocr_line' id='line_1_31' title="bbox 306 1690 1896 1744; baseline -0.003 -12"><span class='ocrx_word' id='word_1_299' title='bbox 306 1697 413 1742; x_wconf 80' lang='grc' dir='ltr'>λήθην</span> <span class='ocrx_word' id='word_1_300' title='bbox 433 1699 607 1743; x_wconf 83' lang='grc' dir='ltr'>ἐρχόμενοι</span> <span class='ocrx_word' id='word_1_301' title='bbox 626 1701 692 1732; x_wconf 88' lang='grc' dir='ltr'>τῶν</span> <span class='ocrx_word' id='word_1_302' title='bbox 711 1697 803 1732; x_wconf 79' lang='grc' dir='ltr'>ἰδίων</span> <span class='ocrx_word' id='word_1_303' title='bbox 825 1696 1108 1743; x_wconf 66' lang='grc' dir='ltr'>ἀρρωστημάτων,</span> <span class='ocrx_word' id='word_1_304' title='bbox 1128 1695 1345 1741; x_wconf 75' lang='grc' dir='ltr'>φιλοψογίας</span> <span class='ocrx_word' id='word_1_305' title='bbox 1366 1691 1606 1744; x_wconf 76' lang='grc' dir='ltr'>[φιλοψοφίας</span> <span class='ocrx_word' id='word_1_306' title='bbox 1626 1692 1712 1740; x_wconf 80' lang='lat' dir='ltr'>(Sic)</span> <span class='ocrx_word' id='word_1_307' title='bbox 1735 1690 1786 1743; x_wconf 81' lang='lat' dir='ltr'>a.]</span> <span class='ocrx_word' id='word_1_308' title='bbox 1812 1694 1896 1728; x_wconf 84' lang='grc' dir='ltr'>ὖπό-</span> 
     </span>
     <span class='ocr_line' id='line_1_32' title="bbox 309 1756 1896 1807; baseline -0.002 -10"><span class='ocrx_word' id='word_1_309' title='bbox 309 1763 404 1797; x_wconf 91' lang='grc' dir='ltr'>θεσιν</span> <span class='ocrx_word' id='word_1_310' title='bbox 421 1765 591 1797; x_wconf 85' lang='grc' dir='ltr'>ποιοῦνται</span> <span class='ocrx_word' id='word_1_311' title='bbox 610 1762 648 1796; x_wconf 89' lang='grc' dir='ltr'>τὸ</span> <span class='ocrx_word' id='word_1_312' title='bbox 667 1763 779 1807; x_wconf 85' lang='grc' dir='ltr'>χρῆμα</span> <span class='ocrx_word' id='word_1_313' title='bbox 805 1762 857 1795; x_wconf 79' lang='grc' dir='ltr'>καὶ</span> <span class='ocrx_word' id='word_1_314' title='bbox 880 1762 1084 1796; x_wconf 84' lang='grc' dir='ltr'>καταλαλιᾶς</span> <span class='ocrx_word' id='word_1_315' title='bbox 1102 1759 1260 1806; x_wconf 77' lang='grc' dir='ltr'>ἀφορμὴν</span> <span class='ocrx_word' id='word_1_316' title='bbox 1283 1758 1456 1806; x_wconf 80' lang='grc' dir='ltr'>[ἀφορμήν</span> <span class='ocrx_word' id='word_1_317' title='bbox 1474 1756 1530 1794; x_wconf 70' lang='lat' dir='ltr'>ita</span> <span class='ocrx_word' id='word_1_318' title='bbox 1550 1769 1579 1793; x_wconf 82' lang='lat' dir='ltr'>O.</span> <span class='ocrx_word' id='word_1_319' title='bbox 1609 1758 1772 1792; x_wconf 81' lang='grc' dir='ltr'>ὑπόθεσιν</span> <span class='ocrx_word' id='word_1_320' title='bbox 1790 1769 1896 1806; x_wconf 81' lang='lat' dir='ltr'>repe-</span> 
     </span>
     <span class='ocr_line' id='line_1_33' title="bbox 309 1821 1895 1873; baseline -0.004 -11"><span class='ocrx_word' id='word_1_321' title='bbox 309 1826 359 1862; x_wconf 68' lang='lat' dir='ltr'>tit</span> <span class='ocrx_word' id='word_1_322' title='bbox 378 1827 443 1873; x_wconf 85' lang='lat' dir='ltr'>a.]·</span> <span class='ocrx_word' id='word_1_323' title='bbox 476 1827 765 1872; x_wconf 74' lang='grc' dir='ltr'>καταψηφίζονται</span> <span class='ocrx_word' id='word_1_324' title='bbox 793 1826 859 1872; x_wconf 83' lang='grc' dir='ltr'>γὰρ</span> <span class='ocrx_word' id='word_1_325' title='bbox 886 1827 1003 1860; x_wconf 77' lang='grc' dir='ltr'>αὐτῶν·</span> <span class='ocrx_word' id='word_1_326' title='bbox 1039 1826 1098 1859; x_wconf 77' lang='grc' dir='ltr'>οὐκ</span> <span class='ocrx_word' id='word_1_327' title='bbox 1126 1824 1251 1860; x_wconf 81' lang='grc' dir='ltr'>εἰδότες</span> <span class='ocrx_word' id='word_1_328' title='bbox 1279 1823 1330 1858; x_wconf 84' lang='grc' dir='ltr'>ὅτι</span> <span class='ocrx_word' id='word_1_329' title='bbox 1357 1824 1398 1857; x_wconf 87' lang='grc' dir='ltr'>τὰ</span> <span class='ocrx_word' id='word_1_330' title='bbox 1425 1821 1486 1857; x_wconf 71' lang='grc' dir='ltr'>ἰ’σα</span> <span class='ocrx_word' id='word_1_331' title='bbox 1517 1825 1693 1858; x_wconf 84' lang='grc' dir='ltr'>νοσοῦντες</span> <span class='ocrx_word' id='word_1_332' title='bbox 1721 1825 1791 1858; x_wconf 85' lang='grc' dir='ltr'>τοῖς</span> <span class='ocrx_word' id='word_1_333' title='bbox 1818 1825 1895 1868; x_wconf 79' lang='grc' dir='ltr'>παρ’</span> 
     </span>
     <span class='ocr_line' id='line_1_34' title="bbox 310 1885 1896 1936; baseline -0.003 -11"><span class='ocrx_word' id='word_1_334' title='bbox 310 1893 418 1926; x_wconf 80' lang='grc' dir='ltr'>αὐτῶν</span> <span class='ocrx_word' id='word_1_335' title='bbox 441 1890 728 1935; x_wconf 79' lang='grc' dir='ltr'>διαβεβλημένοις,</span> <span class='ocrx_word' id='word_1_336' title='bbox 750 1891 885 1925; x_wconf 75' lang='grc' dir='ltr'>ἑαυτοὺς</span> <span class='ocrx_word' id='word_1_337' title='bbox 908 1887 979 1936; x_wconf 68' lang='lat' dir='ltr'>[ita</span> <span class='ocrx_word' id='word_1_338' title='bbox 1000 1901 1029 1925; x_wconf 83' lang='lat' dir='ltr'>o.</span> <span class='ocrx_word' id='word_1_339' title='bbox 1051 1888 1131 1925; x_wconf 80' lang='lat' dir='ltr'>cod..</span> <span class='ocrx_word' id='word_1_340' title='bbox 1152 1886 1265 1925; x_wconf 72' lang='lat' dir='ltr'>Coisl.</span> <span class='ocrx_word' id='word_1_341' title='bbox 1287 1889 1411 1922; x_wconf 79' lang='grc' dir='ltr'>ἑαυτῶν</span> <span class='ocrx_word' id='word_1_342' title='bbox 1429 1887 1480 1933; x_wconf 79' lang='lat' dir='ltr'>a.]</span> <span class='ocrx_word' id='word_1_343' title='bbox 1506 1886 1771 1933; x_wconf 85' lang='grc' dir='ltr'>κατακρίνουσιν.</span> <span class='ocrx_word' id='word_1_344' title='bbox 1810 1885 1896 1921; x_wconf 77' lang='grc' dir='ltr'>οὕτω</span> 
     </span>
     <span class='ocr_line' id='line_1_35' title="bbox 309 1949 1897 2001; baseline -0.004 -10"><span class='ocrx_word' id='word_1_345' title='bbox 309 1972 374 1991; x_wconf 89' lang='grc' dir='ltr'>που</span> <span class='ocrx_word' id='word_1_346' title='bbox 394 1957 446 1990; x_wconf 84' lang='grc' dir='ltr'>καὶ</span> <span class='ocrx_word' id='word_1_347' title='bbox 465 1958 483 1990; x_wconf 91' lang='grc' dir='ltr'>ὁ</span> <span class='ocrx_word' id='word_1_348' title='bbox 503 1957 704 2001; x_wconf 85' lang='grc' dir='ltr'>σοφώτατος</span> <span class='ocrx_word' id='word_1_349' title='bbox 722 1956 849 2001; x_wconf 88' lang='grc' dir='ltr'>γράφει</span> <span class='ocrx_word' id='word_1_350' title='bbox 867 1956 1005 1989; x_wconf 89' lang='grc' dir='ltr'>Παῦλος</span> <span class='ocrx_word' id='word_1_351' title='bbox 1024 1955 1044 1971; x_wconf 84' lang='lat'><em>“</em></span> <span class='ocrx_word' id='word_1_352' title='bbox 1059 1953 1118 1987; x_wconf 85' lang='grc' dir='ltr'>Ἐν</span> <span class='ocrx_word' id='word_1_353' title='bbox 1136 1949 1163 2001; x_wconf 71' lang='grc' dir='ltr'>ᾧ</span> <span class='ocrx_word' id='word_1_354' title='bbox 1188 1954 1254 1999; x_wconf 86' lang='grc' dir='ltr'>γὰρ</span> <span class='ocrx_word' id='word_1_355' title='bbox 1273 1953 1392 1998; x_wconf 88' lang='grc' dir='ltr'>κρίνεις</span> <span class='ocrx_word' id='word_1_356' title='bbox 1410 1953 1468 1986; x_wconf 89' lang='grc' dir='ltr'>τὸν</span> <span class='ocrx_word' id='word_1_357' title='bbox 1487 1951 1612 1998; x_wconf 83' lang='grc' dir='ltr'>ἕτερον,</span> <span class='ocrx_word' id='word_1_358' title='bbox 1634 1953 1778 1986; x_wconf 89' lang='grc' dir='ltr'>σεαυτὸν</span> <span class='ocrx_word' id='word_1_359' title='bbox 1797 1965 1897 1985; x_wconf 90' lang='grc' dir='ltr'>κατα-</span> 
     </span>
     <span class='ocr_line' id='line_1_36' title="bbox 311 2017 1144 2067; baseline -0.002 -12"><span class='ocrx_word' id='word_1_360' title='bbox 311 2022 330 2039; x_wconf 80' lang='grc'>“</span> <span class='ocrx_word' id='word_1_361' title='bbox 352 2019 479 2067; x_wconf 88' lang='grc' dir='ltr'>κρίνεις·</span> <span class='ocrx_word' id='word_1_362' title='bbox 519 2021 560 2054; x_wconf 85' lang='grc' dir='ltr'>τὰ</span> <span class='ocrx_word' id='word_1_363' title='bbox 579 2020 645 2066; x_wconf 91' lang='grc' dir='ltr'>γὰρ</span> <span class='ocrx_word' id='word_1_364' title='bbox 665 2020 749 2054; x_wconf 82' lang='grc' dir='ltr'>αὐτὰ</span> <span class='ocrx_word' id='word_1_365' title='bbox 768 2020 938 2066; x_wconf 87' lang='grc' dir='ltr'>πράσσεις</span> <span class='ocrx_word' id='word_1_366' title='bbox 959 2019 977 2051; x_wconf 92' lang='grc' dir='ltr'><em>ὁ</em></span> <span class='ocrx_word' id='word_1_367' title='bbox 997 2017 1144 2062; x_wconf 88' lang='grc' dir='ltr'>κρίνων.”</span> 
     </span>
    </p>

    <p class='ocr_par' dir='ltr' id='par_1_11' title="bbox 814 2108 1378 2156">
     <span class='ocr_line' id='line_1_37' title="bbox 814 2108 1378 2156; baseline -0.002 -12"><span class='ocrx_word' id='word_1_368' title='bbox 814 2110 900 2156; x_wconf 77' lang='grc' dir='ltr'>’Άγε</span> <span class='ocrx_word' id='word_1_369' title='bbox 922 2113 979 2145; x_wconf 89' lang='grc' dir='ltr'>νῦν</span> <span class='ocrx_word' id='word_1_370' title='bbox 997 2111 1027 2144; x_wconf 86' lang='grc' dir='ltr'>οἶ</span> <span class='ocrx_word' id='word_1_371' title='bbox 1046 2109 1202 2156; x_wconf 84' lang='grc' dir='ltr'>λέγοντες</span> <span class='ocrx_word' id='word_1_372' title='bbox 1221 2108 1378 2156; x_wconf 80' lang='grc' dir='ltr'>Σήμερον.</span> 
     </span>
    </p>

    <p class='ocr_par' dir='ltr' id='par_1_12' title="bbox 309 2182 1898 2553">
     <span class='ocr_line' id='line_1_38' title="bbox 363 2182 1897 2235; baseline -0.002 -12"><span class='ocrx_word' id='word_1_373' title='bbox 363 2200 385 2224; x_wconf 84' lang='lat' dir='ltr'>a</span> <span class='ocrx_word' id='word_1_374' title='bbox 407 2187 469 2224; x_wconf 85' lang='lat' dir='ltr'><strong>fol.</strong></span> <span class='ocrx_word' id='word_1_375' title='bbox 496 2198 581 2235; x_wconf 81' lang='lat'>191.</span> <span class='ocrx_word' id='word_1_376' title='bbox 612 2198 631 2222; x_wconf 81' lang='lat'><em>0</em></span> <span class='ocrx_word' id='word_1_377' title='bbox 650 2185 710 2222; x_wconf 85' lang='lat' dir='ltr'>fol.</span> <span class='ocrx_word' id='word_1_378' title='bbox 737 2194 794 2232; x_wconf 90' lang='lat'>15.</span> <span class='ocrx_word' id='word_1_379' title='bbox 826 2187 867 2220; x_wconf 82' lang='grc' dir='ltr'>Οἱ</span> <span class='ocrx_word' id='word_1_380' title='bbox 886 2185 947 2230; x_wconf 80' lang='grc' dir='ltr'>μὲν</span> <span class='ocrx_word' id='word_1_381' title='bbox 966 2186 1033 2231; x_wconf 86' lang='grc' dir='ltr'>γὰρ</span> <span class='ocrx_word' id='word_1_382' title='bbox 1052 2186 1136 2231; x_wconf 85' lang='grc' dir='ltr'>πρὸς</span> <span class='ocrx_word' id='word_1_383' title='bbox 1155 2182 1314 2230; x_wconf 80' lang='grc' dir='ltr'>ἐμπορίας</span> <span class='ocrx_word' id='word_1_384' title='bbox 1339 2185 1392 2218; x_wconf 79' lang='grc' dir='ltr'>καὶ</span> <span class='ocrx_word' id='word_1_385' title='bbox 1415 2184 1475 2220; x_wconf 85' lang='grc' dir='ltr'>τὰς</span> <span class='ocrx_word' id='word_1_386' title='bbox 1495 2183 1644 2218; x_wconf 81' lang='grc' dir='ltr'>ἐντεῦθεν</span> <span class='ocrx_word' id='word_1_387' title='bbox 1662 2184 1897 2230; x_wconf 87' lang='grc' dir='ltr'>φιλοκερδείας</span> 
     </span>
     <span class='ocr_line' id='line_1_39' title="bbox 309 2248 1896 2298; baseline -0.003 -12"><span class='ocrx_word' id='word_1_388' title='bbox 309 2253 499 2298; x_wconf 79' lang='grc' dir='ltr'>ἀκορέστως</span> <span class='ocrx_word' id='word_1_389' title='bbox 519 2253 694 2297; x_wconf 85' lang='grc' dir='ltr'>κεχηνότες</span> <span class='ocrx_word' id='word_1_390' title='bbox 713 2252 913 2296; x_wconf 87' lang='grc' dir='ltr'>ὁδοιποριῶν</span> <span class='ocrx_word' id='word_1_391' title='bbox 931 2249 1105 2294; x_wconf 82' lang='grc' dir='ltr'>ἀνέχονται</span> <span class='ocrx_word' id='word_1_392' title='bbox 1130 2252 1263 2295; x_wconf 84' lang='grc' dir='ltr'>μακρῶν</span> <span class='ocrx_word' id='word_1_393' title='bbox 1282 2249 1449 2284; x_wconf 82' lang='grc' dir='ltr'>ναυτιλίας</span> <span class='ocrx_word' id='word_1_394' title='bbox 1472 2249 1524 2282; x_wconf 82' lang='grc' dir='ltr'>καὶ</span> <span class='ocrx_word' id='word_1_395' title='bbox 1547 2251 1612 2282; x_wconf 87' lang='grc' dir='ltr'>τῶν</span> <span class='ocrx_word' id='word_1_396' title='bbox 1631 2248 1666 2282; x_wconf 84' lang='grc' dir='ltr'>ἐν</span> <span class='ocrx_word' id='word_1_397' title='bbox 1685 2248 1766 2292; x_wconf 79' lang='grc' dir='ltr'>αὐτῇ</span> <span class='ocrx_word' id='word_1_398' title='bbox 1793 2249 1896 2293; x_wconf 88' lang='grc' dir='ltr'>κυμά-</span> 
     </span>
     <span class='ocr_line' id='line_1_40' title="bbox 309 2311 1898 2361; baseline -0.003 -10"><span class='ocrx_word' id='word_1_399' title='bbox 309 2327 384 2351; x_wconf 86' lang='grc' dir='ltr'>των·</span> <span class='ocrx_word' id='word_1_400' title='bbox 416 2318 447 2351; x_wconf 86' lang='grc' dir='ltr'>οἶ</span> <span class='ocrx_word' id='word_1_401' title='bbox 475 2317 511 2351; x_wconf 81' lang='grc' dir='ltr'>δέ</span> <span class='ocrx_word' id='word_1_402' title='bbox 539 2317 598 2360; x_wconf 89' lang='grc' dir='ltr'>τὴν</span> <span class='ocrx_word' id='word_1_403' title='bbox 625 2315 875 2361; x_wconf 87' lang='grc' dir='ltr'>πεπορισμένην</span> <span class='ocrx_word' id='word_1_404' title='bbox 902 2315 1014 2349; x_wconf 80' lang='grc' dir='ltr'>αὐτοῖς</span> <span class='ocrx_word' id='word_1_405' title='bbox 1041 2313 1237 2348; x_wconf 86' lang='grc' dir='ltr'>δυναστείαν</span> <span class='ocrx_word' id='word_1_406' title='bbox 1265 2313 1373 2348; x_wconf 85' lang='grc' dir='ltr'>ὅπλον</span> <span class='ocrx_word' id='word_1_407' title='bbox 1399 2315 1569 2348; x_wconf 81' lang='grc' dir='ltr'>ποιοῦνται</span> <span class='ocrx_word' id='word_1_408' title='bbox 1596 2313 1653 2356; x_wconf 86' lang='grc' dir='ltr'>τῆς</span> <span class='ocrx_word' id='word_1_409' title='bbox 1681 2311 1755 2346; x_wconf 84' lang='grc' dir='ltr'>καθ’</span> <span class='ocrx_word' id='word_1_410' title='bbox 1777 2313 1898 2358; x_wconf 78' lang='grc' dir='ltr'>ἑτέρων</span> 
     </span>
     <span class='ocr_line' id='line_1_41' title="bbox 309 2376 1896 2427; baseline -0.003 -11"><span class='ocrx_word' id='word_1_411' title='bbox 309 2382 514 2424; x_wconf 81' lang='grc' dir='ltr'>πλεονεξίας·</span> <span class='ocrx_word' id='word_1_412' title='bbox 546 2380 652 2427; x_wconf 81' lang='grc' dir='ltr'>ἕτεροι</span> <span class='ocrx_word' id='word_1_413' title='bbox 672 2379 707 2413; x_wconf 81' lang='grc' dir='ltr'>δέ</span> <span class='ocrx_word' id='word_1_414' title='bbox 729 2378 770 2413; x_wconf 71' lang='grc' dir='ltr'>αὖ</span> <span class='ocrx_word' id='word_1_415' title='bbox 789 2379 830 2413; x_wconf 88' lang='grc' dir='ltr'>τὰ</span> <span class='ocrx_word' id='word_1_416' title='bbox 854 2378 911 2425; x_wconf 70' lang='grc' dir='ltr'>[αἶ’]</span> <span class='ocrx_word' id='word_1_417' title='bbox 931 2379 972 2413; x_wconf 84' lang='grc' dir='ltr'>τὰ</span> <span class='ocrx_word' id='word_1_418' title='bbox 988 2389 1017 2414; x_wconf 82' lang='lat' dir='ltr'>C.</span> <span class='ocrx_word' id='word_1_419' title='bbox 1047 2379 1131 2412; x_wconf 83' lang='grc' dir='ltr'>αὐτὰ</span> <span class='ocrx_word' id='word_1_420' title='bbox 1150 2390 1182 2413; x_wconf 84' lang='lat' dir='ltr'>a.</span> <span class='ocrx_word' id='word_1_421' title='bbox 1199 2376 1288 2423; x_wconf 64' lang='lat' dir='ltr'>Ed]</span> <span class='ocrx_word' id='word_1_422' title='bbox 1311 2377 1346 2411; x_wconf 82' lang='grc' dir='ltr'>ἐκ</span> <span class='ocrx_word' id='word_1_423' title='bbox 1364 2376 1543 2422; x_wconf 83' lang='grc' dir='ltr'>μοχθηρῶν</span> <span class='ocrx_word' id='word_1_424' title='bbox 1560 2376 1751 2422; x_wconf 84' lang='grc' dir='ltr'>εὑρημάτων</span> <span class='ocrx_word' id='word_1_425' title='bbox 1768 2376 1896 2421; x_wconf 77' lang='grc' dir='ltr'>παχύν-</span> 
     </span>
     <span class='ocr_line' id='line_1_42' title="bbox 309 2437 1891 2490; baseline -0.003 -10"><span class='ocrx_word' id='word_1_426' title='bbox 309 2461 388 2480; x_wconf 91' lang='grc' dir='ltr'>ουσι</span> <span class='ocrx_word' id='word_1_427' title='bbox 415 2447 587 2487; x_wconf 82' lang='grc' dir='ltr'>βαλάντια,</span> <span class='ocrx_word' id='word_1_428' title='bbox 612 2446 664 2478; x_wconf 85' lang='grc' dir='ltr'>καὶ</span> <span class='ocrx_word' id='word_1_429' title='bbox 691 2446 798 2479; x_wconf 88' lang='grc' dir='ltr'>τόκοις</span> <span class='ocrx_word' id='word_1_430' title='bbox 829 2441 937 2490; x_wconf 87' lang='grc' dir='ltr'>[τόκοι</span> <span class='ocrx_word' id='word_1_431' title='bbox 965 2441 1046 2478; x_wconf 76' lang='lat' dir='ltr'><strong>cod.</strong></span> <span class='ocrx_word' id='word_1_432' title='bbox 1069 2440 1182 2477; x_wconf 73' lang='lat' dir='ltr'>Coisl.</span> <span class='ocrx_word' id='word_1_433' title='bbox 1213 2442 1268 2476; x_wconf 83' lang='grc' dir='ltr'>ε’πὶ</span> <span class='ocrx_word' id='word_1_434' title='bbox 1295 2444 1404 2477; x_wconf 89' lang='grc' dir='ltr'>τόκοις</span> <span class='ocrx_word' id='word_1_435' title='bbox 1432 2443 1480 2476; x_wconf 72' lang='lat' dir='ltr'>tr.</span> <span class='ocrx_word' id='word_1_436' title='bbox 1511 2439 1715 2476; x_wconf 80' lang='lat' dir='ltr'>emendans</span> <span class='ocrx_word' id='word_1_437' title='bbox 1743 2437 1891 2487; x_wconf 79' lang='lat' dir='ltr'>Migne]</span> 
     </span>
     <span class='ocr_line' id='line_1_43' title="bbox 309 2504 1897 2553; baseline -0.003 -10"><span class='ocrx_word' id='word_1_438' title='bbox 309 2510 364 2544; x_wconf 80' lang='grc' dir='ltr'>ἐπὶ</span> <span class='ocrx_word' id='word_1_439' title='bbox 393 2511 509 2544; x_wconf 87' lang='grc' dir='ltr'>τόκους</span> <span class='ocrx_word' id='word_1_440' title='bbox 531 2509 673 2544; x_wconf 83' lang='grc' dir='ltr'>ἀνοσίως</span> <span class='ocrx_word' id='word_1_441' title='bbox 693 2507 931 2553; x_wconf 79' lang='grc' dir='ltr'>συλλέγοντες,</span> <span class='ocrx_word' id='word_1_442' title='bbox 951 2509 1019 2553; x_wconf 89' lang='grc' dir='ltr'>πῦρ</span> <span class='ocrx_word' id='word_1_443' title='bbox 1038 2507 1091 2541; x_wconf 77' lang='grc' dir='ltr'>καὶ</span> <span class='ocrx_word' id='word_1_444' title='bbox 1111 2508 1254 2541; x_wconf 90' lang='grc' dir='ltr'>κόλασιν</span> <span class='ocrx_word' id='word_1_445' title='bbox 1271 2507 1343 2541; x_wconf 89' lang='grc' dir='ltr'>ταῖς</span> <span class='ocrx_word' id='word_1_446' title='bbox 1363 2507 1486 2539; x_wconf 86' lang='grc' dir='ltr'>ἑαυτῶν</span> <span class='ocrx_word' id='word_1_447' title='bbox 1505 2504 1707 2549; x_wconf 87' lang='grc' dir='ltr'>καταχέουσι</span> <span class='ocrx_word' id='word_1_448' title='bbox 1733 2505 1897 2550; x_wconf 89' lang='grc' dir='ltr'>κεφαλαῖς</span> 
     </span>
    </p>
   </div>
   <div class='ocr_carea' id='block_1_11' title="bbox 311 2566 1752 2620">
    <p class='ocr_par' dir='ltr' id='par_1_13' title="bbox 311 2566 1752 2620">
     <span class='ocr_line' id='line_1_44' title="bbox 311 2566 1752 2620; baseline -0.003 -12"><span class='ocrx_word' id='word_1_449' title='bbox 311 2573 402 2620; x_wconf 83' lang='grc' dir='ltr'>[περὶ</span> <span class='ocrx_word' id='word_1_450' title='bbox 422 2572 634 2619; x_wconf 81' lang='grc' dir='ltr'>φρονήματος</span> <span class='ocrx_word' id='word_1_451' title='bbox 653 2574 823 2618; x_wconf 88' lang='grc' dir='ltr'>μετεώρου</span> <span class='ocrx_word' id='word_1_452' title='bbox 842 2572 880 2606; x_wconf 90' lang='grc' dir='ltr'>τὸ</span> <span class='ocrx_word' id='word_1_453' title='bbox 899 2573 1094 2617; x_wconf 88' lang='grc' dir='ltr'>λεγόμενον,</span> <span class='ocrx_word' id='word_1_454' title='bbox 1117 2570 1156 2604; x_wconf 81' lang='grc' dir='ltr'>οῦ</span> <span class='ocrx_word' id='word_1_455' title='bbox 1175 2572 1213 2605; x_wconf 89' lang='grc' dir='ltr'>τὸ</span> <span class='ocrx_word' id='word_1_456' title='bbox 1232 2569 1330 2605; x_wconf 84' lang='grc' dir='ltr'>τέλος</span> <span class='ocrx_word' id='word_1_457' title='bbox 1348 2569 1540 2614; x_wconf 82' lang='grc' dir='ltr'>ἀφανισμός</span> <span class='ocrx_word' id='word_1_458' title='bbox 1558 2566 1667 2605; x_wconf 67' lang='lat' dir='ltr'>addit</span> <span class='ocrx_word' id='word_1_459' title='bbox 1685 2566 1752 2616; x_wconf 80' lang='lat' dir='ltr'><strong>c.].</strong></span> 
     </span>
    </p>
   </div>
   <div class='ocr_carea' id='block_1_12' title="bbox 309 2652 1894 2772">
    <p class='ocr_par' dir='ltr' id='par_1_14' title="bbox 309 2652 1894 2772">
     <span class='ocr_line' id='line_1_45' title="bbox 362 2652 1894 2708; baseline -0.003 -13"><span class='ocrx_word' id='word_1_460' title='bbox 362 2658 464 2696; x_wconf 84' lang='lat' dir='ltr'><strong>afol.</strong></span> <span class='ocrx_word' id='word_1_461' title='bbox 490 2670 558 2706; x_wconf 92' lang='lat'>191</span> <span class='ocrx_word' id='word_1_462' title='bbox 582 2671 617 2694; x_wconf 86' lang='lat' dir='ltr'>v.</span> <span class='ocrx_word' id='word_1_463' title='bbox 654 2655 775 2708; x_wconf 72' lang='lat' dir='ltr'>[deest</span> <span class='ocrx_word' id='word_1_464' title='bbox 805 2659 849 2692; x_wconf 76' lang='lat' dir='ltr'>ut</span> <span class='ocrx_word' id='word_1_465' title='bbox 878 2655 952 2692; x_wconf 83' lang='lat' dir='ltr'>vid.</span> <span class='ocrx_word' id='word_1_466' title='bbox 989 2655 1028 2691; x_wconf 88' lang='lat' dir='ltr'>in</span> <span class='ocrx_word' id='word_1_467' title='bbox 1059 2653 1108 2706; x_wconf 89' lang='lat' dir='ltr'>c.]</span> <span class='ocrx_word' id='word_1_468' title='bbox 1143 2655 1410 2690; x_wconf 78' lang='grc' dir='ltr'>Τουτέστιν-οῖ</span> <span class='ocrx_word' id='word_1_469' title='bbox 1448 2655 1587 2690; x_wconf 84' lang='grc' dir='ltr'>δείλαιοι</span> <span class='ocrx_word' id='word_1_470' title='bbox 1624 2666 1644 2691; x_wconf 85' lang='lat' dir='ltr'>e</span> <span class='ocrx_word' id='word_1_471' title='bbox 1681 2666 1815 2691; x_wconf 85' lang='lat' dir='ltr'><strong>comm.</strong></span> <span class='ocrx_word' id='word_1_472' title='bbox 1854 2652 1894 2690; x_wconf 89' lang='lat' dir='ltr'>in</span> 
     </span>
     <span class='ocr_line' id='line_1_46' title="bbox 309 2720 1157 2772; baseline -0.007 -11"><span class='ocrx_word' id='word_1_473' title='bbox 309 2723 458 2761; x_wconf 82' lang='lat' dir='ltr'>Esaiam</span> <span class='ocrx_word' id='word_1_474' title='bbox 479 2722 705 2772; x_wconf 79' lang='lat' dir='ltr'><strong>prophetam</strong></span> <span class='ocrx_word' id='word_1_475' title='bbox 729 2722 804 2766; x_wconf 89' lang='lat'>468</span> <span class='ocrx_word' id='word_1_476' title='bbox 819 2733 841 2756; x_wconf 86' lang='lat' dir='ltr'>a</span> <span class='ocrx_word' id='word_1_477' title='bbox 855 2720 880 2757; x_wconf 93' lang='lat' dir='ltr'>b</span> <span class='ocrx_word' id='word_1_478' title='bbox 899 2720 1157 2768; x_wconf 77' lang='lat' dir='ltr'><strong>desumptum.</strong></span> 
     </span>
    </p>
   </div>
   <div class='ocr_carea' id='block_1_13' title="bbox 943 2806 1244 2853">
    <p class='ocr_par' dir='ltr' id='par_1_15' title="bbox 943 2806 1244 2853">
     <span class='ocr_line' id='line_1_47' title="bbox 943 2806 1244 2853; baseline 0 -12"><span class='ocrx_word' id='word_1_479' title='bbox 943 2806 1244 2853; x_wconf 76' lang='grc' dir='ltr'>Μακροθυμὴσατε.</span> 
     </span>
    </p>
   </div>
   <div class='ocr_carea' id='block_1_14' title="bbox 361 2891 1895 2945">
    <p class='ocr_par' dir='ltr' id='par_1_16' title="bbox 361 2891 1895 2945">
     <span class='ocr_line' id='line_1_48' title="bbox 361 2891 1895 2945; baseline -0.005 -11"><span class='ocrx_word' id='word_1_480' title='bbox 361 2911 383 2934; x_wconf 79' lang='lat' dir='ltr'>a</span> <span class='ocrx_word' id='word_1_481' title='bbox 404 2898 465 2935; x_wconf 87' lang='lat' dir='ltr'><strong>fol.</strong></span> <span class='ocrx_word' id='word_1_482' title='bbox 497 2909 579 2945; x_wconf 87' lang='lat'>192.</span> <span class='ocrx_word' id='word_1_483' title='bbox 613 2909 631 2932; x_wconf 85' lang='lat' dir='ltr'><strong>c</strong></span> <span class='ocrx_word' id='word_1_484' title='bbox 650 2894 712 2932; x_wconf 83' lang='lat' dir='ltr'><strong>fol.</strong></span> <span class='ocrx_word' id='word_1_485' title='bbox 738 2896 796 2930; x_wconf 91' lang='lat'>16.</span> <span class='ocrx_word' id='word_1_486' title='bbox 828 2895 867 2930; x_wconf 84' lang='grc' dir='ltr'>Εἰ</span> <span class='ocrx_word' id='word_1_487' title='bbox 892 2895 957 2940; x_wconf 83' lang='grc' dir='ltr'>γὰρ</span> <span class='ocrx_word' id='word_1_488' title='bbox 985 2895 1036 2929; x_wconf 83' lang='grc' dir='ltr'>καὶ</span> <span class='ocrx_word' id='word_1_489' title='bbox 1056 2891 1267 2940; x_wconf 82' lang='grc' dir='ltr'>ὑπερτίθεταί</span> <span class='ocrx_word' id='word_1_490' title='bbox 1286 2895 1393 2939; x_wconf 78' lang='grc' dir='ltr'>φησιν</span> <span class='ocrx_word' id='word_1_491' title='bbox 1414 2896 1431 2926; x_wconf 88' lang='grc' dir='ltr'>ὁ</span> <span class='ocrx_word' id='word_1_492' title='bbox 1453 2894 1538 2930; x_wconf 83' lang='grc' dir='ltr'>Θεὸς</span> <span class='ocrx_word' id='word_1_493' title='bbox 1557 2895 1622 2928; x_wconf 80' lang='grc' dir='ltr'>τῶν</span> <span class='ocrx_word' id='word_1_494' title='bbox 1642 2892 1895 2937; x_wconf 82' lang='grc' dir='ltr'>ἁμαρτανόντων</span> 
     </span>
    </p>
   </div>
  </div>
 </body>
</html>
