2012 3272
126 153 182 193 iii.
207 154 267 203 16,
297 164 355 206 17.
419 154 487 194 IN
524 154 608 195 ΕΡ.
640 154 701 195 ΙΙ.
740 154 822 195 AD
860 154 1245 197 CORINTHIOS.
1299 156 1410 196 LIB.
1439 157 1497 196 II.
1628 158 1709 198 337

1747 223 1815 264 [91
1836 222 1884 254 Μ-
1906 222 1919 263 ]

120 317 272 358 “Ηνι’κο(
313 318 342 358 δ’
388 318 437 359 ἂν
475 319 715 374 ἐπιστρέψῃ
749 317 856 374 Πρὸς
893 318 1056 374 Κύριον,
1096 315 1380 374 Περιαιρεῖται
1416 318 1463 359 τὸ
1496 319 1708 367 κάλυμμα.
1733 319 1780 353 16

200 431 354 484 Αὐτὸς
378 432 402 481 ὁ
431 430 604 498 Κύριός
629 432 733 482 ἐστι
760 430 813 481 τὸ
841 434 945 498 φῶς
971 433 1047 481 καὶ
1072 431 1396 482 ἀποκαλύπτει
1430 438 1457 460 “
1476 431 1534 482 τὰ
1559 432 1710 492 βαθέα
1729 444 1814 476 Dan.
1834 446 1865 476 ii0
1882 455 1930 477 22·

126 519 152 542 ‘⁶
180 515 254 563 καὶ
293 511 585 580 ἀπόκρυφα,”
627 514 702 563 καὶ
740 511 794 562 τὸ
830 511 1003 576 ἀληθὲς
1035 518 1118 563 τοῦ
1162 511 1306 576 νόμου
1349 512 1613 578 πρόσωπον
1657 512 1711 564 τὸ

126 594 471 663 δεδοξασμένον
492 595 698 645 δείκνυσι
725 599 820 647 τοῖς
841 599 1013 662 σοφοῖς
1038 598 1133 647 τοῖς
1161 594 1463 659 ἡγιασμένοις
1491 598 1538 646 ἐν
1564 597 1707 647 πνεύ-

83 693 104 730 5
123 698 235 739 ματι
278 678 352 726 καὶ
392 675 467 726 διὰ
505 678 588 739 τῆς
628 679 690 729 εἷς
731 676 948 741 Χριστὸν
991 677 1196 729 πίστεως
1245 677 1705 742 λελαμπρυσμένοις.

123 761 419 823 παιδαγωγεῖ
451 756 536 820 μὲν
574 756 667 823 γὰρ
700 758 725 807 ὁ
760 756 899 820 νόμος
938 759 1012 808 ἐπὶ
1039 757 1270 823 Χριστὸν,
1298 759 1322 807 ὁ
1355 757 1402 808 δὲ
1443 760 1514 824 ἐφ’
1557 758 1712 825 ἕτερόν

124 862 228 890 τινα
271 841 587 905 παιδαγωγεῖν
625 838 919 903 τεταγμένος,
960 838 1126 902 ἵστησι
1171 838 1256 902 μὲν
1297 840 1380 889 οὐκ
1422 841 1493 908 ἐφ’
1535 842 1712 892 ἑαυτῶν

124 919 232 974 τοῦς
266 921 636 984 παιδευομένους,
663 921 888 987 ἀποφέρει
921 919 968 971 δὲ
1003 925 1193 982 μᾶλλον
1217 921 1296 971 ε’πί
1327 944 1371 971 τι
1410 926 1504 972 τῶν
1539 924 1710 985 ἀμείνω

125 1005 200 1053 καὶ
250 1002 470 1069 μειζόνων
509 1001 537 1067 ἢ
584 1004 692 1053 καθ’
741 1001 918 1053 ἑαυτόν.
985 1002 1092 1053 ὅθεν
1142 1025 1213 1053 τοι
1265 1004 1341 1052 καὶ
1388 1004 1412 1053 ὁ
1457 1003 1710 1058 θεσπέσιος

58 1103 106 1126 10
128 1087 321 1137 Παῦλος
360 1083 594 1144 σκύβαλοῖ
632 1088 785 1152 φησιν
823 1083 1103 1149 ἡγήσασθαι
1142 1084 1201 1134 τὰ
1238 1085 1286 1134 ἐν
1325 1082 1453 1153 νόμῳ
1495 1084 1616 1135 66διόι
1655 1085 1708 1137 τὸ
1728 1103 1918 1135 Phil.iii.8.

124 1172 152 1195 ‘⁶
177 1165 403 1233 ὑπερέχον
429 1168 511 1229 τῆς
535 1165 755 1231 γνώσεως
782 1170 864 1216 τοῦ
889 1166 1151 1231 Χριστοῦ,”

118 1330 172 1372 ‘O
211 1330 256 1372 δὲ
297 1331 444 1387 Κύριος
482 1331 529 1373 τὸ
567 1332 738 1380 Πνεῦμά
778 1332 905 1383 ἐστιν,
944 1329 991 1372 οὗ
1036 1331 1081 1373 δὲ
1119 1332 1166 1374 τὸ
1205 1333 1376 1381 Πνεῦμα
1419 1333 1581 1390 Κυρίου,
1620 1332 1707 1375 ἐκεῖ
1732 1347 1776 1385 17

800 1414 1038 1472 ἐλευθερία.

199 1535 290 1581 Δεῖ
323 1532 404 1581 οὖν
442 1531 664 1596 γενέσθαι
699 1530 1056 1594 πνευματικοὺς,
1087 1532 1140 1581 οὐ
1179 1530 1272 1597 γὰρ
1309 1532 1472 1586 ἄλλως
1511 1533 1710 1584 δυνατὸν

58 1629 105 1667 15
124 1615 359 1678 θεωρῆσαι
377 1611 611 1679 Χριστὸν,
636 1611 684 1666 ὅς
706 1614 807 1663 ἐστι
834 1619 861 1641 “
879 1611 1017 1665 τέλος
1036 1618 1119 1663 τοῦ
1137 1615 1552 1679 καταργουμένου,”
1582 1617 1705 1684 φημὶ
1724 1628 1831 1669 Supra
1847 1640 1914 1661 ver·

123 1693 180 1757 δὴ
217 1700 299 1745 τοῦ
335 1692 493 1758 νόμου.
536 1692 642 1744 τότε
675 1693 829 1758 πάντη
864 1716 914 1744 τε
960 1696 1036 1744 καὶ
1070 1693 1258 1748 πάντως
1285 1702 1313 1723 “
1328 1700 1628 1762 περιαιρεῖται
1653 1696 1706 1748 τὸ
1724 1680 1778 1747 ἐξ.
1802 1714 1848 1746 16.

123 1781 151 1804 ‘⁶
171 1773 437 1839 κάλ.υμμα,”
467 1777 631 1845 γυμνῷ
649 1774 696 1826 δὲ
717 1777 792 1826 καὶ
812 1776 1190 1845 ἀπημφιεσμένῳ
1212 1776 1459 1846 προσώπῳ
1482 1777 1565 1828 τὸν
1586 1778 1709 1845 ἱερὸν

123 1856 323 1925 ὄψονται
370 1859 557 1908 Μωσέα
607 1857 662 1908 τὸ
707 1859 755 1908 ἐκ
800 1863 883 1908 τοῦ
928 1858 1206 1924 γράμματος
1255 1864 1558 1924 προσωπεῖον
1606 1860 1709 1924 ἤτοι

125 1939 463 2001 κατασκιάσμα
497 1937 551 1990 τὸ
582 1940 632 1990 ἐκ
658 1942 740 2003 τῆς
768 1941 1005 2008 ἐμφανοῦς
1033 1940 1245 2006 ἱστορίας
1269 1941 1352 1990 οὐκ
1378 1940 1563 2006 ἔχοντα.
1616 1944 1708 1993 εἶσὶ

57 2043 106 2069 20
123 2018 215 2085 γὰρ
240 2021 287 2070 ἐν
319 2020 499 2074 τούτοις
532 2024 574 2071 οἱ
609 2022 657 2072 ἐν
686 2024 888 2090 Χριστῷ
921 2020 1008 2084 τὴν
1035 2022 1283 2087 ἐλευθέραν
1321 2027 1404 2072 τοῦ
1432 2022 1709 2087 Πνεύματος

122 2101 429 2170 ἀποκάλυψιν
466 2103 711 2156 πλουσίως
756 2102 1114 2167 εἷσδεδεγμένοι.
1170 2107 1207 2153 εἶ
1245 2103 1293 2154 δὲ
1333 2103 1445 2153 ε”νθα
1482 2127 1575 2155 που
1620 2105 1708 2169 πέρ

122 2183 224 2234 ἐστι
254 2182 300 2234 τὶ)
330 2184 526 2252 Πνεῦμα,
568 2184 657 2234 ἐκεῖ
687 2184 876 2237 πάντως
906 2187 981 2234 καὶ
1008 2184 1036 2247 ἡ
1063 2183 1289 2253 ἐλευθερία,
1314 2189 1414 2238 πῶς
1453 2186 1535 2235 οὐκ
1570 2185 1702 2236 ἐλεύ-

123 2270 259 2333 θερον
286 2266 404 2318 κατὰ
429 2267 579 2335 φύσιν
605 2268 766 2328 ἐστι’ν;
807 2271 844 2317 εἰ
881 2266 929 2317 δὲ
959 2272 1113 2330 τοῦτο,
1140 2268 1216 2318 καὶ
1253 2271 1348 2317 τῶν
1374 2270 1456 2330 τῆς
1493 2268 1707 2321 δουλείας

124 2346 380 2417 ἀνῴκισται
412 2349 609 2414 μέτρων,
648 2350 723 2399 καὶ
762 2347 959 2414 γενητὸν
998 2346 1083 2411 μὲν
1122 2347 1286 2410 οὐκέτι,
1319 2348 1628 2399 συντάττοιτο
1665 2351 1706 2398 δ’

59 2448 105 2486 25
124 2427 180 2480 ἂν
214 2431 400 2484 εἰκότως
437 2434 496 2497 τῇ
527 2429 750 2481 ἀνωτάτω
780 2453 829 2481 τε
868 2432 944 2481 καὶ
981 2429 1201 2498 ἐλευθέρᾳ
1239 2428 1396 2498 φύσει,
1426 2428 1456 2497 ᾗ
1495 2430 1549 2480 τὸ
1588 2430 1708 2481 κατὰ

122 2511 313 2562 πάντων
349 2512 538 2575 μετέστι
577 2510 758 2578 κράτος·
813 2515 1009 2574 Πνεῦμα
1047 2510 1140 2578 γάρ
1172 2513 1274 2561 ἐστι
1313 2516 1397 2562 τοῦ
1425 2511 1616 2578 Πατρός
1653 2513 1712 2580 ἐξ

123 2594 264 2644 αὐτοῦ
287 2596 444 2657 διῆκον
471 2594 545 2645 ἐπὶ
570 2593 655 2657 τὴν
681 2594 836 2644 κτίσιν
862 2594 909 2643 ἐν
933 2596 1149 2661 Χριστῷ.

172 2742 202 2765 1.
230 2732 309 2766 Hoc
327 2732 485 2766 scholion
505 2732 704 2777 suppeditat
721 2732 823 2766 nobis
843 2732 891 2766 H.
1067 2741 1101 2778 7.
1125 2731 1267 2777 ἑαυτῶν]
1291 2732 1342 2766 [ta
1363 2731 1452 2767 Cod.
1469 2732 1706 2777 legendumne

121 2778 262 2812 ἑαυτὸνῖ
455 2790 507 2813 12.
537 2779 615 2813 Hoc
633 2779 790 2813 scholion
808 2779 910 2813 nobis
929 2779 1128 2823 suppeditat
1148 2779 1195 2812 H.

180 3011 270 3038 VOL.
296 3013 361 3039 111.
886 3014 908 3040 X
934 3016 959 3039 X
