1997 3262
80 229 150 271 [96
168 229 251 271 M.]

61 768 168 807 Supra
184 777 250 797 ver.

65 819 77 840 1
89 820 114 841 1.

284 157 367 196 348
523 155 570 194 Β.
604 153 850 194 CYRILLI
882 152 1225 193 ALEXANDR.
1262 150 1632 192 FRAGMENTA
1713 147 1767 188 iv.
1798 146 1858 185 16.

286 270 312 292 ‘⁶
338 268 419 313 τοῦ
445 261 719 325 πνεύματος,
747 259 801 311 τὸ
826 260 874 311 δὲ
900 265 1082 322 πνεῦμα
1109 258 1227 309 κατὰ
1252 261 1334 322 τῆς
1360 256 1551 323 σαρκός·
1593 261 1740 307 ταῦτα
1766 254 1861 320 γὰρ

284 351 311 373 “
338 343 583 394 ἀντίκειται
628 342 898 406 ἀλλήλοις,”
950 340 1068 391 κατὰ
1104 340 1158 390 τὸ
1197 340 1532 406 γεγραμμένον.
1582 336 1736 406 φαμὲν
1781 336 1862 386 οὖν

285 425 354 475 ὅτι
399 423 535 475 πᾶσά
585 446 685 475 πως
730 422 925 487 ἀνοίγκη,
972 420 1353 488 κατεφθαρμένης
1401 419 1577 486 τρόπον
1626 418 1729 469 τινὰ
1779 420 1862 480 τῆς

285 504 477 570 σαρκὸς,
504 507 578 554 καὶ
618 509 711 553 τῶν
742 505 789 553 ἐν
828 503 945 568 αὐτῇ
985 502 1250 565 κινημάτων
1287 499 1631 565 ἠσθενηκότων,
1668 498 1772 550 τότε
1805 496 1861 561 δὴ

284 586 499 650 μάλιστα
533 584 749 650 μειζόνως
785 586 1019 651 ἐῤῥῶσθαι
1045 582 1098 634 τὸ
1125 583 1293 648 ἕτερον,
1319 582 1534 633 τουτέστι
1559 580 1613 632 τὸ
1641 579 1862 648 φρόνημα
1881 594 1903 632 5

284 673 366 717 τοῦ
405 666 680 729 πνεύματος.
733 667 880 717 αἰτίας
920 664 1151 715 ἀπόδοσιν
1179 666 1252 714 καὶ
1288 663 1384 714 οἷον
1410 662 1672 726 ἀνάμνησιν
1697 683 1858 726 προει-

284 749 483 812 ρημένου
508 747 631 801 τινὸς
663 748 908 813 εἰσκομίζει
942 746 996 797 τό
1025 746 1118 798 Διό.
1160 746 1251 813 ἔφη
1285 746 1439 795 τοίνυν
1466 748 1523 794 Εἰ
1549 742 1642 809 γὰρ
1681 749 1708 772 “
1735 742 1862 805 ἡμεῖς

286 838 312 859 “
338 834 380 880 οἱ
421 831 586 896 ζῶντες
617 833 678 883 εἰς
715 828 917 880 θάνατον
943 827 1294 893 παραδιδόμεθα
1333 826 1408 877 διὰ
1447 827 1638 889 Ἰησοῦν
1676 824 1750 874 ἵνα
1788 825 1862 873 καὶ

285 919 311 941 “
340 912 365 975 ἡ
411 910 501 977 ζωὴ
546 916 628 961 τοῦ
672 912 833 974 Ἰησοῦ
884 913 1134 977 φανερωθῇ
1179 907 1260 958 ε’ν”
1313 912 1412 960 ταῖς
1464 906 1668 971 καρδίαις
1719 906 1863 969 ἡμῶν,

284 993 457 1056 ταύτην
484 993 666 1059 ἔχοντες
693 991 779 1055 τὴν
806 991 988 1053 ἐλπίδα,
1011 993 1147 1056 φησὶ,
1169 994 1241 1040 καὶ
1262 994 1356 1042 τοῖς
1382 989 1620 1052 ἐσομένοις
1647 985 1864 1052 ἐπιγανύ-
1886 1009 1935 1034 10

283 1097 426 1137 μενοι,
456 1078 529 1124 οὐκ
571 1075 862 1140 ἑκκακοῧμεν,
891 1076 972 1135 τῆς
1011 1071 1285 1134 μελλούσης
1317 1070 1455 1139 δόξης
1491 1074 1898 1136 προθεωροῦντες·

283 1156 336 1206 τὸ
372 1153 564 1217 κάλλος,
592 1154 722 1204 ἀλλὰ
755 1152 842 1205 κᾶν
873 1152 1063 1205 ἐπέλθοι
1100 1153 1280 1220 θλίψις,
1305 1152 1507 1220 φέρομεν
1535 1145 1776 1216 γενναίως.
1828 1153 1865 1200 εἰ

283 1236 376 1301 γὰρ
407 1238 481 1286 καὶ
516 1238 577 1288 ὡς
608 1235 847 1301 ἄνθρωποι
888 1236 1127 1299 ἀλγοῦμεν
1166 1235 1241 1283 καὶ
1279 1232 1474 1296 βλάβην
1518 1232 1622 1282 τινὰ
1663 1233 1768 1296 περὶ
1811 1229 1865 1281 τὸ

283 1323 425 1380 σῶμα
464 1317 778 1381 ὑπομένωμεν,
805 1317 914 1367 ἀλλ’
944 1317 1031 1383 οὐχ
1069 1315 1313 1379 ἡττώμεθα
1350 1313 1546 1367 τούτοις·
1603 1320 1620 1365 ὁ
1654 1312 1747 1380 γὰρ
1782 1312 1865 1363 ἔσω

284 1399 399 1467 ἦμῶν
439 1398 655 1467 ἄνθρωπος
687 1400 1017 1449 ανακαινσῧται.
1066 1399 1139 1447 καὶ
1179 1396 1328 1450 κοινὸς
1366 1395 1450 1458 μὲν
1481 1396 1505 1445 ὁ
1537 1395 1696 1460 λόγος.
1752 1394 1864 1446 ὅταν
1888 1412 1934 1450 15

282 1481 436 1531 τοίνυν
463 1485 558 1534 τοῖς
594 1483 657 1533 εὶς
684 1480 893 1543 ἄσκησιν
918 1478 1078 1531 πόνοις
1106 1484 1123 1529 ὁ
1153 1477 1232 1547 ἔξω
1264 1476 1376 1545 ἡμῶν
1404 1475 1621 1545 ἄνθρωπος
1657 1473 1859 1545 διαφθεί-

283 1585 417 1629 ρεται,
436 1560 540 1612 τότε
561 1560 730 1613 λοιπὸν
750 1562 1013 1626 ἀναγκαίως
1035 1566 1052 1612 ὁ
1076 1560 1159 1610 ἔσω
1180 1559 1293 1626 ἡμῶν
1313 1558 1531 1627 ἅνθρωπος
1551 1560 1863 1610 ἀνακαινοῦται

284 1643 419 1714 ἡμέρα
449 1649 526 1694 καὶ
555 1643 704 1714 ἡμέρα.
746 1645 819 1693 καὶ
847 1642 1008 1708 ἑτέρως
1035 1641 1183 1707 γεμὴν
1209 1646 1304 1694 τοῖς
1330 1641 1580 1706 εἰρημένοις
1606 1641 1861 1700 ἐπιβαλεῖς·

285 1724 440 1788 ἐπειδὴ
475 1725 715 1777 Ἰουδαίοις
749 1747 797 1774 τε
840 1726 916 1774 καὶ
946 1722 1166 1786 (Έλλησι
1206 1721 1500 1788 διεκήρυττον
1539 1720 1620 1772 τὸν
1660 1723 1862 1785 Ἰησοῦν,

286 1805 457 1859 δεινοὺς
499 1808 574 1855 καὶ
615 1804 881 1874 ἀφορήτους
916 1803 1298 1868 ὑπομεμενήκασι
1339 1801 1584 1868 διωγμοὺς,
1618 1805 1693 1853 καὶ
1726 1802 1860 1870 διέφ-
1886 1821 1936 1846 20

287 1892 433 1952 θαρτο
457 1891 554 1940 τοῖς
578 1891 638 1938 εἷς
660 1893 798 1938 τοῦτο
817 1886 977 1940 πόνοις
996 1885 1050 1936 τὸ
1067 1890 1210 1948 σῶμα
1236 1886 1404 1935 αὐτῶν.
1448 1886 1558 1934 ἀλλ’
1581 1883 1682 1953 ὅσῳ
1701 1884 1865 1950 μείζων

286 1970 311 2018 ὁ
346 1968 505 2030 πόνος,
540 1967 753 2037 τοσούτῳ
780 1966 910 2032 οἶμαί
939 1990 1031 2019 που
1064 1967 1320 2033 παρέποιτο
1347 1964 1404 2017 ἂν
1433 1964 1619 2019 εἰκότως
1645 1968 1860 2034 ἀμφιλα-

287 2050 497 2116 φεστέρα
522 2052 605 2113 τῆς
635 2049 824 2116 χάριτος
850 2049 878 2113 ἡ
905 2049 1180 2102 ἀντέκτισις.

335 2203 438 2237 2—18.
461 2202 747 2247 φαμὲν-ἡμέρᾳ
775 2202 827 2235 καὶ
853 2201 959 2246 ἡμέρᾳ
986 2201 1040 2235 De
1073 2201 1128 2235 his
1159 2201 1272 2236 verbis
1302 2202 1365 2244 (eis
1392 2212 1479 2246 quae
1508 2212 1549 2234 ex
1579 2200 1626 2234 H.
1657 2199 1775 2234 addidi
1808 2212 1866 2234 ex-

287 2250 412 2294 ceptis)
432 2248 574 2282 adnotat
592 2249 627 2282 in
646 2250 737 2282 calce
756 2249 933 2293 Epistolae
951 2248 1058 2292 hujus
1078 2248 1195 2281 Maius
1217 2247 1351 2281 “Idem
1371 2247 1521 2281 Severus
1543 2247 1580 2280 in
1597 2246 1719 2280 eodem
1736 2246 1866 2280 inedito

288 2307 391 2339 opere
411 2301 444 2328 et
469 2295 587 2329 codice
605 2307 639 2339 p.
658 2296 701 2339 83
719 2295 754 2328 b.
774 2295 893 2328 recitat
912 2306 952 2328 ex
969 2295 1059 2328 libro
1081 2295 1183 2328 tertio
1203 2293 1322 2338 cyrini
1342 2294 1376 2327 in
1396 2293 1585 2327 secundam
1603 2293 1646 2326 ad
1666 2292 1866 2327 Corinthios

289 2342 470 2385 epistolam
493 2347 642 2375 tractum
665 2342 764 2374 illum
789 2352 893 2386 quem
916 2352 980 2374 nos
1007 2351 1128 2384 graece
1151 2340 1375 2374 exhibuimus
1396 2352 1429 2384 p.
1444 2340 1489 2384 96
1513 2351 1533 2372 a
1550 2339 1662 2373 verbis
1680 2339 1793 2384 φαμὲν
1809 2338 1867 2373 οὖν

288 2399 401 2432 nsque
428 2386 471 2421 ad
498 2387 602 2432 ἡμέρᾳ
630 2388 682 2421 καὶ
709 2387 848 2431 ἡμέρᾳ.”
901 2386 1019 2420 Codex
1047 2387 1143 2420 Maio
1170 2387 1296 2420 citatus
1323 2392 1374 2420 est
1401 2385 1488 2420 Cod.
1506 2385 1587 2419 Vat.
1616 2385 1692 2430 Syr.
1721 2385 1788 2418 cxli
1815 2385 1867 2429 (in

291 2433 459 2477 Catalogo
487 2434 671 2467 Assemani
700 2433 783 2476 cxl),
813 2444 901 2477 opus
929 2444 1010 2467 vero
1038 2432 1156 2466 Severi
1180 2438 1347 2466 tractatus
1374 2438 1494 2465 contra
1519 2431 1767 2465 Additamento.
1791 2431 1866 2466 JuL

292 2479 623 2513 Halicarnassensis.
683 2479 725 2513 In
748 2485 869 2513 nostro
895 2478 1013 2513 codice
1035 2478 1119 2513 haec
1142 2478 1248 2513 verba
1274 2479 1345 2512 sive
1372 2490 1431 2522 per
1458 2477 1629 2511 incuriam
1656 2489 1768 2511 meam
1796 2478 1868 2511 sive

290 2524 408 2559 codice
426 2525 639 2569 imperfecto,
657 2525 805 2569 reperire
822 2537 893 2559 non
911 2525 1019 2570 potui.
1308 2525 1411 2568 6-15.
1437 2524 1609 2559 αἰτίας-ὁ
1625 2522 1747 2568 λόγος]
1770 2523 1867 2557 Haec

291 2577 472 2615 assumpta
489 2583 529 2604 ex
550 2571 597 2604 H.
617 2572 664 2604 ita
682 2572 878 2615 incipiente.
1089 2581 1140 2604 12,
1167 2569 1333 2615 φέρομεν]
1355 2570 1408 2603 Ita
1426 2570 1514 2604 Cod.
1723 2569 1775 2603 16.
1802 2568 1865 2615 εἷς]

291 2617 345 2650 διὰ
366 2616 413 2650 H.
479 2616 726 2661 διαφθείρεται]
752 2621 788 2657 -Ι-
809 2618 850 2650 τὰ
867 2619 926 2660 τῆς
943 2618 1068 2660 σαρκὸς
1086 2616 1245 2660 κινήματα
1262 2615 1435 2659 ἀσθενήσῃ
1457 2616 1504 2650 Η.
1667 2624 1720 2660 17.
1747 2617 1868 2650 λοιπὸν

288 2662 474 2707 ἀναγκαίως
492 2675 561 2696 om.
583 2663 630 2697 H.
768 2663 891 2696 18—21.
918 2662 1022 2707 ἡμέρᾳ
1041 2662 1275 2708 prius—3090]
1295 2662 1367 2707 ὅσῳ
1384 2664 1450 2706 γὰρ
1471 2663 1518 2696 Η.
1662 2673 1716 2696 20.
1743 2663 1868 2706 ὑπομε-

290 2709 453 2753 μενὴκασι
472 2709 632 2742 emendat
651 2709 784 2752 Migne.
804 2709 1030 2752 ιἰπομενὴκασι
1050 2709 1179 2742 ΝῙᾶἰιλδ.
1355 2719 1407 2742 22.
1434 2707 1550 2753 πόνος]
1572 2709 1685 2752 pergit
1702 2711 1868 2743 τοσοῦτον

291 2755 583 2800 (ἶμφιλαφεστέρα
608 2756 660 2789 καὶ
686 2755 922 2799 δαψιλεστέρα
948 2757 1006 2798 τῆς
1031 2756 1168 2800 χάριτος
1193 2755 1211 2798 ἡ
1233 2754 1419 2790 ἀντέκτισις
1443 2756 1497 2788 καὶ
1523 2757 1623 2789 τοῦτο
1649 2755 1868 2800 σαφέστερον

291 2801 384 2847 λέγει
403 2802 455 2835 διὰ
474 2805 539 2836 τῶν
556 2801 809 2847 ἐπιφερομένων
828 2802 890 2845 (ita
907 2801 1084 2846 desinens)
1105 2801 1152 2835 H.
