<?xml version="1.0" encoding="UTF-8"?>
<!DOCTYPE html PUBLIC "-//W3C//DTD XHTML 1.0 Transitional//EN"
    "http://www.w3.org/TR/xhtml1/DTD/xhtml1-transitional.dtd">
<html xmlns="http://www.w3.org/1999/xhtml" xml:lang="en" lang="en">
 <head>
  <title>
</title>
<meta http-equiv="Content-Type" content="text/html;charset=utf-8" />
  <meta name='ocr-system' content='tesseract 3.04.00' />
  <meta name='ocr-capabilities' content='ocr_page ocr_carea ocr_par ocr_line ocrx_word'/>
</head>
<body>
  <div class='ocr_page' id='page_1' title='image "./operacyrilli05cyriuoft/operacyrilli05cyriuoft_0600.png"; bbox 0 0 2017 3252; ppageno 0'>
   <div class='ocr_carea' id='block_1_1' title="bbox 109 808 274 841">
    <p class='ocr_par' dir='ltr' id='par_1_1' title="bbox 109 808 274 841">
     <span class='ocr_line' id='line_1_1' title="bbox 109 808 274 841; baseline 0.018 -3"><span class='ocrx_word' id='word_1_1' title='bbox 109 808 274 841; x_wconf 79' lang='lat' dir='ltr'>Ps.1xxiv.</span> 
     </span>
    </p>
   </div>
   <div class='ocr_carea' id='block_1_2' title="bbox 109 851 139 883">
    <p class='ocr_par' dir='ltr' id='par_1_2' title="bbox 109 851 139 883">
     <span class='ocr_line' id='line_1_2' title="bbox 109 851 139 883; baseline 0.033 -1"><span class='ocrx_word' id='word_1_2' title='bbox 109 851 139 883; x_wconf 90' lang='lat'>6.</span> 
     </span>
    </p>
   </div>
   <div class='ocr_carea' id='block_1_3' title="bbox 109 1294 270 1330">
    <p class='ocr_par' dir='ltr' id='par_1_3' title="bbox 109 1294 270 1330">
     <span class='ocr_line' id='line_1_3' title="bbox 109 1294 270 1330; baseline -0.012 0"><span class='ocrx_word' id='word_1_3' title='bbox 109 1297 196 1330; x_wconf 86' lang='lat'>382</span> <span class='ocrx_word' id='word_1_4' title='bbox 221 1294 270 1329; x_wconf 87' lang='lat' dir='ltr'>A.</span> 
     </span>
    </p>
   </div>
   <div class='ocr_carea' id='block_1_4' title="bbox 111 1345 256 1425">
    <p class='ocr_par' dir='ltr' id='par_1_4' title="bbox 111 1345 256 1425">
     <span class='ocr_line' id='line_1_4' title="bbox 113 1345 256 1377; baseline 0.007 -2"><span class='ocrx_word' id='word_1_5' title='bbox 113 1354 125 1375; x_wconf 90' lang='lat'><em>1</em></span> <span class='ocrx_word' id='word_1_6' title='bbox 145 1345 218 1377; x_wconf 81' lang='lat' dir='ltr'>Cor.</span> <span class='ocrx_word' id='word_1_7' title='bbox 235 1345 256 1376; x_wconf 81' lang='lat' dir='ltr'>i.</span> 
     </span>
     <span class='ocr_line' id='line_1_5' title="bbox 111 1398 151 1425; baseline 0 -7"><span class='ocrx_word' id='word_1_8' title='bbox 111 1398 151 1425; x_wconf 72' lang='lat'>30</span> 
     </span>
    </p>
   </div>
   <div class='ocr_carea' id='block_1_5' title="bbox 110 1641 272 1723">
    <p class='ocr_par' dir='ltr' id='par_1_5' title="bbox 110 1641 272 1723">
     <span class='ocr_line' id='line_1_6' title="bbox 110 1641 272 1673; baseline 0.006 -2"><span class='ocrx_word' id='word_1_9' title='bbox 110 1641 164 1673; x_wconf 82' lang='lat' dir='ltr'>Ps.</span> <span class='ocrx_word' id='word_1_10' title='bbox 182 1641 272 1673; x_wconf 86' lang='lat' dir='ltr'>lxxii.</span> 
     </span>
     <span class='ocr_line' id='line_1_7' title="bbox 114 1694 163 1723; baseline 0.061 -9"><span class='ocrx_word' id='word_1_11' title='bbox 114 1694 163 1723; x_wconf 74' lang='lat'>24.</span> 
     </span>
    </p>
   </div>
   <div class='ocr_carea' id='block_1_6' title="bbox 118 2124 273 2200">
    <p class='ocr_par' dir='ltr' id='par_1_6' title="bbox 118 2124 273 2200">
     <span class='ocr_line' id='line_1_8' title="bbox 118 2124 273 2156; baseline 0.006 -2"><span class='ocrx_word' id='word_1_12' title='bbox 118 2133 130 2154; x_wconf 89' lang='lat'>1</span> <span class='ocrx_word' id='word_1_13' title='bbox 150 2124 223 2156; x_wconf 86' lang='lat' dir='ltr'>Cor.</span> <span class='ocrx_word' id='word_1_14' title='bbox 241 2124 273 2155; x_wconf 86' lang='lat' dir='ltr'>ii.</span> 
     </span>
     <span class='ocr_line' id='line_1_9' title="bbox 118 2176 164 2200; baseline 0.043 -2"><span class='ocrx_word' id='word_1_15' title='bbox 118 2176 164 2200; x_wconf 88' lang='lat'>10.</span> 
     </span>
    </p>
   </div>
   <div class='ocr_carea' id='block_1_7' title="bbox 109 1413 274 1471">
    <p class='ocr_par' dir='ltr' id='par_1_7' title="bbox 109 1413 274 1471">
     <span class='ocr_line' id='line_1_10' title="bbox 109 1413 274 1471; baseline 0 -9"><span class='ocrx_word' id='word_1_16' title='bbox 109 1413 179 1463; x_wconf 67' lang='grc' dir='ltr'>ὀυἰ.</span> <span class='ocrx_word' id='word_1_17' title='bbox 195 1431 227 1462; x_wconf 86' lang='lat' dir='ltr'>ii.</span> <span class='ocrx_word' id='word_1_18' title='bbox 246 1440 274 1471; x_wconf 83' lang='lat'>3.</span> 
     </span>
    </p>
   </div>
   <div class='ocr_carea' id='block_1_8' title="bbox 330 129 1473 174">
    <p class='ocr_par' dir='ltr' id='par_1_8' title="bbox 330 129 1473 174">
     <span class='ocr_line' id='line_1_11' title="bbox 330 129 1473 174; baseline 0.005 -6"><span class='ocrx_word' id='word_1_19' title='bbox 330 129 414 169; x_wconf 80' lang='lat'>584</span> <span class='ocrx_word' id='word_1_20' title='bbox 761 132 808 171; x_wconf 83' lang='lat' dir='ltr'>B.</span> <span class='ocrx_word' id='word_1_21' title='bbox 843 131 1087 172; x_wconf 87' lang='lat' dir='ltr'>CYRILLI</span> <span class='ocrx_word' id='word_1_22' title='bbox 1128 133 1473 174; x_wconf 84' lang='lat' dir='ltr'><strong>ALEXANDR.</strong></span> 
     </span>
    </p>
   </div>
   <div class='ocr_carea' id='block_1_9' title="bbox 293 235 1983 1368">
    <p class='ocr_par' dir='ltr' id='par_1_9' title="bbox 293 235 1983 1368">
     <span class='ocr_line' id='line_1_12' title="bbox 329 235 1902 306; baseline 0.003 -20"><span class='ocrx_word' id='word_1_23' title='bbox 329 235 416 300; x_wconf 90' lang='grc' dir='ltr'>τὴν</span> <span class='ocrx_word' id='word_1_24' title='bbox 444 236 569 304; x_wconf 82' lang='grc' dir='ltr'>ὥραν</span> <span class='ocrx_word' id='word_1_25' title='bbox 595 237 709 302; x_wconf 83' lang='grc' dir='ltr'>μήτε</span> <span class='ocrx_word' id='word_1_26' title='bbox 748 239 834 302; x_wconf 82' lang='grc' dir='ltr'>τὴν</span> <span class='ocrx_word' id='word_1_27' title='bbox 859 239 1035 305; x_wconf 83' lang='grc' dir='ltr'>ἡμέραν</span> <span class='ocrx_word' id='word_1_28' title='bbox 1072 241 1261 303; x_wconf 84' lang='grc' dir='ltr'>ἐκείνην,</span> <span class='ocrx_word' id='word_1_29' title='bbox 1288 242 1363 292; x_wconf 79' lang='grc' dir='ltr'>ἵνα</span> <span class='ocrx_word' id='word_1_30' title='bbox 1400 246 1496 295; x_wconf 81' lang='grc' dir='ltr'>τοῖς</span> <span class='ocrx_word' id='word_1_31' title='bbox 1526 239 1748 306; x_wconf 75' lang='grc' dir='ltr'>ἀγγέλοις</span> <span class='ocrx_word' id='word_1_32' title='bbox 1785 262 1902 291; x_wconf 88' lang='grc' dir='ltr'>συν-</span> 
     </span>
     <span class='ocr_line' id='line_1_13' title="bbox 329 316 1906 390; baseline 0.003 -23"><span class='ocrx_word' id='word_1_33' title='bbox 329 316 565 382; x_wconf 78' lang='grc' dir='ltr'>τάττηται,</span> <span class='ocrx_word' id='word_1_34' title='bbox 604 322 677 370; x_wconf 77' lang='grc' dir='ltr'>καὶ</span> <span class='ocrx_word' id='word_1_35' title='bbox 717 320 836 371; x_wconf 80' lang='grc' dir='ltr'>κατὰ</span> <span class='ocrx_word' id='word_1_36' title='bbox 873 321 1049 382; x_wconf 79' lang='grc' dir='ltr'>μηδένα</span> <span class='ocrx_word' id='word_1_37' title='bbox 1087 322 1263 387; x_wconf 85' lang='grc' dir='ltr'>τρόπον</span> <span class='ocrx_word' id='word_1_38' title='bbox 1295 322 1530 390; x_wconf 69' lang='grc' dir='ltr'>διαφερειν</span> <span class='ocrx_word' id='word_1_39' title='bbox 1568 325 1682 389; x_wconf 85' lang='grc' dir='ltr'>δοκῇ</span> <span class='ocrx_word' id='word_1_40' title='bbox 1721 325 1814 372; x_wconf 84' lang='grc' dir='ltr'>τῶν</span> <span class='ocrx_word' id='word_1_41' title='bbox 1852 322 1906 372; x_wconf 83' lang='grc' dir='ltr'>δι’</span> 
     </span>
     <span class='ocr_line' id='line_1_14' title="bbox 331 400 1911 472; baseline 0.002 -23"><span class='ocrx_word' id='word_1_42' title='bbox 331 400 472 450; x_wconf 80' lang='grc' dir='ltr'>αὐτοῦ</span> <span class='ocrx_word' id='word_1_43' title='bbox 522 401 801 466; x_wconf 82' lang='grc' dir='ltr'>γεγονότων.</span> <span class='ocrx_word' id='word_1_44' title='bbox 869 400 965 452; x_wconf 79' lang='grc' dir='ltr'>εἶτα</span> <span class='ocrx_word' id='word_1_45' title='bbox 1014 407 1115 456; x_wconf 82' lang='grc' dir='ltr'>πῶς</span> <span class='ocrx_word' id='word_1_46' title='bbox 1164 405 1212 454; x_wconf 88' lang='grc' dir='ltr'>ἐν</span> <span class='ocrx_word' id='word_1_47' title='bbox 1254 403 1336 471; x_wconf 86' lang='grc' dir='ltr'>ἰ’σῃ</span> <span class='ocrx_word' id='word_1_48' title='bbox 1380 402 1511 472; x_wconf 75' lang='grc' dir='ltr'>τάξει</span> <span class='ocrx_word' id='word_1_49' title='bbox 1553 425 1602 454; x_wconf 87' lang='grc' dir='ltr'>τε</span> <span class='ocrx_word' id='word_1_50' title='bbox 1646 404 1722 454; x_wconf 85' lang='grc' dir='ltr'>καὶ</span> <span class='ocrx_word' id='word_1_51' title='bbox 1767 400 1911 470; x_wconf 82' lang='grc' dir='ltr'>φύσει</span> 
     </span>
     <span class='ocr_line' id='line_1_15' title="bbox 330 482 1908 551; baseline 0.002 -20"><span class='ocrx_word' id='word_1_52' title='bbox 330 483 509 545; x_wconf 88' lang='grc' dir='ltr'>ποίημα</span> <span class='ocrx_word' id='word_1_53' title='bbox 549 483 624 533; x_wconf 79' lang='grc' dir='ltr'>καὶ</span> <span class='ocrx_word' id='word_1_54' title='bbox 662 482 888 548; x_wconf 72' lang='grc' dir='ltr'>ποιητής,</span> <span class='ocrx_word' id='word_1_55' title='bbox 930 487 1031 537; x_wconf 83' lang='grc' dir='ltr'>πῶς</span> <span class='ocrx_word' id='word_1_56' title='bbox 1067 483 1115 534; x_wconf 81' lang='grc' dir='ltr'>δὲ</span> <span class='ocrx_word' id='word_1_57' title='bbox 1154 485 1237 535; x_wconf 83' lang='grc' dir='ltr'>οὐκ</span> <span class='ocrx_word' id='word_1_58' title='bbox 1276 484 1454 551; x_wconf 74' lang='grc' dir='ltr'>ἄπορον</span> <span class='ocrx_word' id='word_1_59' title='bbox 1481 483 1536 535; x_wconf 79' lang='grc' dir='ltr'>τὸ</span> <span class='ocrx_word' id='word_1_60' title='bbox 1572 489 1908 548; x_wconf 81' lang='grc' dir='ltr'>μεσολαβοῦν;</span> 
     </span>
     <span class='ocr_line' id='line_1_16' title="bbox 333 560 1952 629; baseline 0.002 -17"><span class='ocrx_word' id='word_1_61' title='bbox 333 563 357 612; x_wconf 86' lang='grc' dir='ltr'>ὁ</span> <span class='ocrx_word' id='word_1_62' title='bbox 390 560 474 626; x_wconf 74' lang='grc' dir='ltr'>μὲν</span> <span class='ocrx_word' id='word_1_63' title='bbox 500 562 592 629; x_wconf 81' lang='grc' dir='ltr'>γάρ</span> <span class='ocrx_word' id='word_1_64' title='bbox 619 565 720 615; x_wconf 85' lang='grc' dir='ltr'>ἐστι</span> <span class='ocrx_word' id='word_1_65' title='bbox 745 564 937 615; x_wconf 82' lang='grc' dir='ltr'>πάντων</span> <span class='ocrx_word' id='word_1_66' title='bbox 962 566 1183 628; x_wconf 76' lang='grc' dir='ltr'>ἐπέκεινα,</span> <span class='ocrx_word' id='word_1_67' title='bbox 1209 564 1263 617; x_wconf 84' lang='grc' dir='ltr'>τὸ</span> <span class='ocrx_word' id='word_1_68' title='bbox 1292 565 1353 629; x_wconf 77' lang='grc' dir='ltr'>δὲ,</span> <span class='ocrx_word' id='word_1_69' title='bbox 1381 568 1428 617; x_wconf 89' lang='grc' dir='ltr'>ἐν</span> <span class='ocrx_word' id='word_1_70' title='bbox 1453 571 1549 620; x_wconf 81' lang='grc' dir='ltr'>τοῖς</span> <span class='ocrx_word' id='word_1_71' title='bbox 1579 570 1746 617; x_wconf 83' lang='grc' dir='ltr'>πᾶσιν.</span> <span class='ocrx_word' id='word_1_72' title='bbox 1793 568 1830 615; x_wconf 77' lang='grc' dir='ltr'>εἰ</span> <span class='ocrx_word' id='word_1_73' title='bbox 1862 563 1910 616; x_wconf 80' lang='grc' dir='ltr'>δὲ</span> <span class='ocrx_word' id='word_1_74' title='bbox 1930 578 1952 615; x_wconf 88' lang='grc'>5</span> 
     </span>
     <span class='ocr_line' id='line_1_17' title="bbox 293 643 1912 714; baseline 0.002 -19"><span class='ocrx_word' id='word_1_75' title='bbox 293 669 314 695; x_wconf 82' lang='lat' dir='ltr'>e</span> <span class='ocrx_word' id='word_1_76' title='bbox 333 643 506 694; x_wconf 79' lang='grc' dir='ltr'>οἴονται</span> <span class='ocrx_word' id='word_1_77' title='bbox 532 644 652 696; x_wconf 74' lang='grc' dir='ltr'>κατὰ</span> <span class='ocrx_word' id='word_1_78' title='bbox 674 645 899 710; x_wconf 81' lang='grc' dir='ltr'>ἀλήθειαν</span> <span class='ocrx_word' id='word_1_79' title='bbox 924 646 1198 711; x_wconf 79' lang='grc' dir='ltr'>ἠγνοηκέναι</span> <span class='ocrx_word' id='word_1_80' title='bbox 1228 670 1273 698; x_wconf 87' lang='grc' dir='ltr'>τι</span> <span class='ocrx_word' id='word_1_81' title='bbox 1298 646 1528 714; x_wconf 81' lang='grc' dir='ltr'>Χριστὸν,</span> <span class='ocrx_word' id='word_1_82' title='bbox 1556 646 1662 698; x_wconf 83' lang='grc' dir='ltr'>καθ’</span> <span class='ocrx_word' id='word_1_83' title='bbox 1692 646 1716 698; x_wconf 74' lang='grc' dir='ltr'><strong><em>ὃ</em></strong></span> <span class='ocrx_word' id='word_1_84' title='bbox 1744 652 1912 698; x_wconf 85' lang='grc' dir='ltr'>νοεῖται</span> 
     </span>
     <span class='ocr_line' id='line_1_18' title="bbox 334 724 1911 796; baseline 0.002 -20"><span class='ocrx_word' id='word_1_85' title='bbox 334 724 468 787; x_wconf 79' lang='grc' dir='ltr'>Θεὸς,</span> <span class='ocrx_word' id='word_1_86' title='bbox 494 725 585 794; x_wconf 73' lang='grc' dir='ltr'>ἔξω</span> <span class='ocrx_word' id='word_1_87' title='bbox 611 727 833 794; x_wconf 82' lang='grc' dir='ltr'>φέρονται</span> <span class='ocrx_word' id='word_1_88' title='bbox 865 733 1063 791; x_wconf 86' lang='grc' dir='ltr'>σκοποῦ,</span> <span class='ocrx_word' id='word_1_89' title='bbox 1091 731 1166 779; x_wconf 78' lang='grc' dir='ltr'>καὶ</span> <span class='ocrx_word' id='word_1_90' title='bbox 1200 729 1423 796; x_wconf 78' lang='grc' dir='ltr'>τρέχουσι</span> <span class='ocrx_word' id='word_1_91' title='bbox 1457 728 1576 780; x_wconf 79' lang='grc' dir='ltr'>κατὰ</span> <span class='ocrx_word' id='word_1_92' title='bbox 1610 733 1807 794; x_wconf 83' lang='grc' dir='ltr'>πετρῶν,</span> <span class='ocrx_word' id='word_1_93' title='bbox 1835 730 1911 779; x_wconf 86' lang='grc' dir='ltr'>καὶ</span> 
     </span>
     <span class='ocr_line' id='line_1_19' title="bbox 332 805 1911 879; baseline 0.002 -22"><span class='ocrx_word' id='word_1_94' title='bbox 332 805 386 857; x_wconf 81' lang='grc' dir='ltr'>τὸ</span> <span class='ocrx_word' id='word_1_95' title='bbox 413 806 547 872; x_wconf 88' lang='grc' dir='ltr'>κέρας</span> <span class='ocrx_word' id='word_1_96' title='bbox 582 809 814 875; x_wconf 87' lang='grc' dir='ltr'>ἐγείρουσι</span> <span class='ocrx_word' id='word_1_97' title='bbox 846 808 965 860; x_wconf 76' lang='grc' dir='ltr'>κατὰ</span> <span class='ocrx_word' id='word_1_98' title='bbox 991 812 1073 873; x_wconf 86' lang='grc' dir='ltr'>τῆς</span> <span class='ocrx_word' id='word_1_99' title='bbox 1101 809 1242 879; x_wconf 81' lang='grc' dir='ltr'>δόξης</span> <span class='ocrx_word' id='word_1_100' title='bbox 1269 812 1423 862; x_wconf 81' lang='grc' dir='ltr'>αὐτοῦ.</span> <span class='ocrx_word' id='word_1_101' title='bbox 1475 809 1773 877; x_wconf 84' lang='grc' dir='ltr'>εὑρεθήσεται</span> <span class='ocrx_word' id='word_1_102' title='bbox 1803 809 1911 876; x_wconf 79' lang='grc' dir='ltr'>γὰρ,</span> 
     </span>
     <span class='ocr_line' id='line_1_20' title="bbox 333 886 1914 962; baseline 0.002 -24"><span class='ocrx_word' id='word_1_103' title='bbox 333 886 390 938; x_wconf 79' lang='grc' dir='ltr'>ἂν</span> <span class='ocrx_word' id='word_1_104' title='bbox 415 889 560 942; x_wconf 81' lang='grc' dir='ltr'>οὕτως</span> <span class='ocrx_word' id='word_1_105' title='bbox 586 890 670 957; x_wconf 70' lang='grc' dir='ltr'>ε”χῃ</span> <span class='ocrx_word' id='word_1_106' title='bbox 697 894 821 941; x_wconf 79' lang='grc' dir='ltr'>καθά</span> <span class='ocrx_word' id='word_1_107' title='bbox 845 898 998 959; x_wconf 91' lang='grc' dir='ltr'>φασιν</span> <span class='ocrx_word' id='word_1_108' title='bbox 1024 891 1167 954; x_wconf 78' lang='grc' dir='ltr'>αὐτοὶ,</span> <span class='ocrx_word' id='word_1_109' title='bbox 1195 891 1299 943; x_wconf 79' lang='grc' dir='ltr'>οὐδὲ</span> <span class='ocrx_word' id='word_1_110' title='bbox 1326 892 1575 956; x_wconf 85' lang='grc' dir='ltr'>ὁμοούσιος</span> <span class='ocrx_word' id='word_1_111' title='bbox 1607 892 1672 942; x_wconf 74' lang='grc' dir='ltr'>ε”τι</span> <span class='ocrx_word' id='word_1_112' title='bbox 1711 895 1776 961; x_wconf 74' lang='grc' dir='ltr'>τῷ</span> <span class='ocrx_word' id='word_1_113' title='bbox 1804 895 1914 962; x_wconf 75' lang='grc' dir='ltr'>Θεῷ</span> 
     </span>
     <span class='ocr_line' id='line_1_21' title="bbox 332 969 1983 1039; baseline 0.004 -19"><span class='ocrx_word' id='word_1_114' title='bbox 332 972 409 1020; x_wconf 76' lang='grc' dir='ltr'>καὶ</span> <span class='ocrx_word' id='word_1_115' title='bbox 436 971 608 1037; x_wconf 89' lang='grc' dir='ltr'>Πατρί.</span> <span class='ocrx_word' id='word_1_116' title='bbox 664 976 701 1022; x_wconf 79' lang='grc' dir='ltr'>εἰ</span> <span class='ocrx_word' id='word_1_117' title='bbox 736 970 829 1038; x_wconf 77' lang='grc' dir='ltr'>γὰρ</span> <span class='ocrx_word' id='word_1_118' title='bbox 855 969 948 1023; x_wconf 76' lang='grc' dir='ltr'>οἶδε</span> <span class='ocrx_word' id='word_1_119' title='bbox 974 971 1058 1034; x_wconf 75' lang='grc' dir='ltr'>μὲν</span> <span class='ocrx_word' id='word_1_120' title='bbox 1087 973 1111 1022; x_wconf 83' lang='grc' dir='ltr'>ὁ</span> <span class='ocrx_word' id='word_1_121' title='bbox 1139 972 1322 1038; x_wconf 88' lang='grc' dir='ltr'>Πατὴρ,</span> <span class='ocrx_word' id='word_1_122' title='bbox 1350 974 1512 1039; x_wconf 83' lang='grc' dir='ltr'>ἀγνοεῖ</span> <span class='ocrx_word' id='word_1_123' title='bbox 1533 972 1580 1024; x_wconf 78' lang='grc' dir='ltr'>δὲ</span> <span class='ocrx_word' id='word_1_124' title='bbox 1608 974 1633 1023; x_wconf 81' lang='grc' dir='ltr'><em>ὃ</em></span> <span class='ocrx_word' id='word_1_125' title='bbox 1658 971 1786 1035; x_wconf 79' lang='grc' dir='ltr'>Υἱὸς,</span> <span class='ocrx_word' id='word_1_126' title='bbox 1812 977 1913 1026; x_wconf 86' lang='grc' dir='ltr'>πῶς</span> <span class='ocrx_word' id='word_1_127' title='bbox 1936 990 1983 1015; x_wconf 90' lang='lat'>10</span> 
     </span>
     <span class='ocr_line' id='line_1_22' title="bbox 332 1050 1914 1121; baseline 0.002 -20"><span class='ocrx_word' id='word_1_128' title='bbox 332 1050 435 1105; x_wconf 78' lang='grc' dir='ltr'>ἴσος</span> <span class='ocrx_word' id='word_1_129' title='bbox 481 1052 615 1103; x_wconf 77' lang='grc' dir='ltr'>ἔσται</span> <span class='ocrx_word' id='word_1_130' title='bbox 665 1053 803 1121; x_wconf 74' lang='grc' dir='ltr'>αὐτῷ,</span> <span class='ocrx_word' id='word_1_131' title='bbox 851 1052 996 1119; x_wconf 72' lang='grc' dir='ltr'>ἤγουν</span> <span class='ocrx_word' id='word_1_132' title='bbox 1039 1054 1317 1117; x_wconf 80' lang='grc' dir='ltr'>ὁμοούσιος;</span> <span class='ocrx_word' id='word_1_133' title='bbox 1383 1058 1456 1106; x_wconf 86' lang='grc' dir='ltr'>δεῖ</span> <span class='ocrx_word' id='word_1_134' title='bbox 1491 1054 1585 1121; x_wconf 79' lang='grc' dir='ltr'>γὰρ</span> <span class='ocrx_word' id='word_1_135' title='bbox 1635 1053 1823 1107; x_wconf 85' lang='grc' dir='ltr'>πάντως</span> <span class='ocrx_word' id='word_1_136' title='bbox 1865 1055 1914 1105; x_wconf 87' lang='grc' dir='ltr'>ἐν</span> 
     </span>
     <span class='ocr_line' id='line_1_23' title="bbox 331 1132 1914 1199; baseline 0.003 -17"><span class='ocrx_word' id='word_1_137' title='bbox 331 1133 515 1195; x_wconf 89' lang='grc' dir='ltr'>μείοσιν</span> <span class='ocrx_word' id='word_1_138' title='bbox 547 1132 661 1184; x_wconf 77' lang='grc' dir='ltr'>εἶναι</span> <span class='ocrx_word' id='word_1_139' title='bbox 698 1140 782 1185; x_wconf 90' lang='grc' dir='ltr'>τοῦ</span> <span class='ocrx_word' id='word_1_140' title='bbox 820 1134 994 1188; x_wconf 78' lang='grc' dir='ltr'>εἰδότος</span> <span class='ocrx_word' id='word_1_141' title='bbox 1031 1134 1087 1185; x_wconf 84' lang='grc' dir='ltr'>τὸ</span> <span class='ocrx_word' id='word_1_142' title='bbox 1126 1134 1191 1199; x_wconf 88' lang='grc' dir='ltr'>μὴ</span> <span class='ocrx_word' id='word_1_143' title='bbox 1225 1135 1360 1189; x_wconf 81' lang='grc' dir='ltr'>εἶδός.</span> <span class='ocrx_word' id='word_1_144' title='bbox 1416 1138 1493 1187; x_wconf 83' lang='grc' dir='ltr'>καὶ</span> <span class='ocrx_word' id='word_1_145' title='bbox 1533 1136 1587 1187; x_wconf 86' lang='grc' dir='ltr'>τὸ</span> <span class='ocrx_word' id='word_1_146' title='bbox 1629 1136 1692 1187; x_wconf 77' lang='grc' dir='ltr'>ε”τι</span> <span class='ocrx_word' id='word_1_147' title='bbox 1734 1134 1914 1186; x_wconf 80' lang='grc' dir='ltr'>τούτων</span> 
     </span>
     <span class='ocr_line' id='line_1_24' title="bbox 331 1215 1913 1285; baseline 0.003 -22"><span class='ocrx_word' id='word_1_148' title='bbox 331 1215 745 1282; x_wconf 80' lang='grc' dir='ltr'>παραλογώτερον,</span> <span class='ocrx_word' id='word_1_149' title='bbox 770 1215 926 1280; x_wconf 79' lang='grc' dir='ltr'>βουλὴ</span> <span class='ocrx_word' id='word_1_150' title='bbox 966 1217 1042 1267; x_wconf 82' lang='grc' dir='ltr'>καὶ</span> <span class='ocrx_word' id='word_1_151' title='bbox 1080 1219 1234 1285; x_wconf 88' lang='grc' dir='ltr'>σοφία</span> <span class='ocrx_word' id='word_1_152' title='bbox 1272 1223 1355 1268; x_wconf 92' lang='grc' dir='ltr'>τοῦ</span> <span class='ocrx_word' id='word_1_153' title='bbox 1394 1221 1519 1269; x_wconf 90' lang='grc' dir='ltr'>Θεοῦ</span> <span class='ocrx_word' id='word_1_154' title='bbox 1555 1220 1630 1268; x_wconf 83' lang='grc' dir='ltr'>καὶ</span> <span class='ocrx_word' id='word_1_155' title='bbox 1665 1215 1855 1283; x_wconf 80' lang='grc' dir='ltr'>Πατρὸς</span> <span class='ocrx_word' id='word_1_156' title='bbox 1887 1218 1913 1268; x_wconf 83' lang='grc' dir='ltr'>ὁ</span> 
     </span>
     <span class='ocr_line' id='line_1_25' title="bbox 332 1294 1914 1368; baseline 0.004 -23"><span class='ocrx_word' id='word_1_157' title='bbox 332 1294 446 1350; x_wconf 76' lang='grc' dir='ltr'>Υἱὸς</span> <span class='ocrx_word' id='word_1_158' title='bbox 487 1295 779 1361; x_wconf 86' lang='grc' dir='ltr'>ὠνόμασται.</span> <span class='ocrx_word' id='word_1_159' title='bbox 834 1301 1028 1352; x_wconf 86' lang='grc' dir='ltr'>Παῦλος</span> <span class='ocrx_word' id='word_1_160' title='bbox 1065 1297 1152 1362; x_wconf 76' lang='grc' dir='ltr'>μὲν</span> <span class='ocrx_word' id='word_1_161' title='bbox 1190 1298 1284 1365; x_wconf 78' lang='grc' dir='ltr'>γὰρ</span> <span class='ocrx_word' id='word_1_162' title='bbox 1319 1298 1411 1368; x_wconf 78' lang='grc' dir='ltr'>ε”φη</span> <span class='ocrx_word' id='word_1_163' title='bbox 1449 1301 1554 1366; x_wconf 80' lang='grc' dir='ltr'>περὶ</span> <span class='ocrx_word' id='word_1_164' title='bbox 1593 1300 1735 1349; x_wconf 82' lang='grc' dir='ltr'>αὑτοῦ</span> <span class='ocrx_word' id='word_1_165' title='bbox 1773 1297 1914 1352; x_wconf 57' lang='grc' dir='ltr'>αὖΟς</span> 
     </span>
    </p>
   </div>
   <div class='ocr_carea' id='block_1_10' title="bbox 333 1377 1983 1449">
    <p class='ocr_par' dir='ltr' id='par_1_10' title="bbox 333 1377 1983 1449">
     <span class='ocr_line' id='line_1_26' title="bbox 333 1377 1857 1410; baseline 0.003 -3"><span class='ocrx_word' id='word_1_166' title='bbox 333 1385 360 1407; x_wconf 74' lang='lat' dir='ltr'>c&lt;</span> <span class='ocrx_word' id='word_1_167' title='bbox 400 1378 410 1393; x_wconf 89' lang='lat'>’</span> <span class='ocrx_word' id='word_1_168' title='bbox 507 1377 519 1394; x_wconf 88' lang='lat'><em>&#39;</em></span> <span class='ocrx_word' id='word_1_169' title='bbox 735 1379 745 1397; x_wconf 83' lang='lat'><em>&#39;</em></span> <span class='ocrx_word' id='word_1_170' title='bbox 826 1379 837 1393; x_wconf 85' lang='lat'><em>‘</em></span> <span class='ocrx_word' id='word_1_171' title='bbox 878 1384 898 1393; x_wconf 55' lang='grc' dir='ltr'>Α</span> <span class='ocrx_word' id='word_1_172' title='bbox 973 1381 984 1396; x_wconf 79' lang='grc'><strong><em>’</em></strong></span> <span class='ocrx_word' id='word_1_173' title='bbox 1030 1379 1044 1394; x_wconf 65' lang='grc'><em>“</em></span> <span class='ocrx_word' id='word_1_174' title='bbox 1196 1382 1255 1398; x_wconf 61' lang='grc'>’“”</span> <span class='ocrx_word' id='word_1_175' title='bbox 1349 1383 1363 1400; x_wconf 55' lang='lat'><em>¹</em></span> <span class='ocrx_word' id='word_1_176' title='bbox 1459 1380 1472 1395; x_wconf 86' lang='lat'><em>&#39;</em></span> <span class='ocrx_word' id='word_1_177' title='bbox 1589 1381 1644 1410; x_wconf 64' lang='grc' dir='ltr'>ις’</span> <span class='ocrx_word' id='word_1_178' title='bbox 1767 1377 1788 1399; x_wconf 50' lang='lat'>‘³</span> <span class='ocrx_word' id='word_1_179' title='bbox 1847 1382 1857 1397; x_wconf 87' lang='lat'>’</span> 
     </span>
     <span class='ocr_line' id='line_1_27' title="bbox 388 1382 1983 1449; baseline 0.001 -21"><span class='ocrx_word' id='word_1_180' title='bbox 388 1382 582 1443; x_wconf 86' lang='grc' dir='ltr'>εγενηθη</span> <span class='ocrx_word' id='word_1_181' title='bbox 621 1383 773 1447; x_wconf 90' lang='grc' dir='ltr'>σοφια</span> <span class='ocrx_word' id='word_1_182' title='bbox 810 1403 920 1444; x_wconf 90' lang='grc' dir='ltr'>ημιν</span> <span class='ocrx_word' id='word_1_183' title='bbox 959 1403 1053 1431; x_wconf 92' lang='grc' dir='ltr'>απο</span> <span class='ocrx_word' id='word_1_184' title='bbox 1092 1383 1230 1443; x_wconf 90' lang='grc' dir='ltr'>Θεου,</span> <span class='ocrx_word' id='word_1_185' title='bbox 1290 1404 1365 1432; x_wconf 90' lang='grc' dir='ltr'>και</span> <span class='ocrx_word' id='word_1_186' title='bbox 1402 1388 1551 1433; x_wconf 91' lang='grc' dir='ltr'>παλιν</span> <span class='ocrx_word' id='word_1_187' title='bbox 1652 1384 1721 1431; x_wconf 88' lang='grc' dir='ltr'>Εν</span> <span class='ocrx_word' id='word_1_188' title='bbox 1753 1403 1790 1449; x_wconf 78' lang='grc' dir='ltr'><em>ῳ</em></span> <span class='ocrx_word' id='word_1_189' title='bbox 1822 1402 1912 1430; x_wconf 89' lang='grc' dir='ltr'>εισι</span> <span class='ocrx_word' id='word_1_190' title='bbox 1937 1396 1983 1434; x_wconf 86' lang='lat'>15</span> 
     </span>
    </p>
   </div>
   <div class='ocr_carea' id='block_1_11' title="bbox 292 1305 314 1329">
    <p class='ocr_par' dir='ltr' id='par_1_11' title="bbox 292 1305 314 1329">
     <span class='ocr_line' id='line_1_28' title="bbox 292 1305 314 1329; baseline 0 0"><span class='ocrx_word' id='word_1_191' title='bbox 292 1305 314 1329; x_wconf 74' lang='lat' dir='ltr'><strong>a</strong></span> 
     </span>
    </p>
   </div>
   <div class='ocr_carea' id='block_1_12' title="bbox 289 1460 1986 2349">
    <p class='ocr_par' dir='ltr' id='par_1_12' title="bbox 289 1460 1986 2349">
     <span class='ocr_line' id='line_1_29' title="bbox 332 1460 1911 1531; baseline 0.001 -21"><span class='ocrx_word' id='word_1_192' title='bbox 332 1466 359 1489; x_wconf 74' lang='lat'>‘⁶</span> <span class='ocrx_word' id='word_1_193' title='bbox 383 1460 554 1514; x_wconf 80' lang='grc' dir='ltr'>πάντες</span> <span class='ocrx_word' id='word_1_194' title='bbox 588 1463 630 1511; x_wconf 80' lang='grc' dir='ltr'>οἱ</span> <span class='ocrx_word' id='word_1_195' title='bbox 657 1463 885 1527; x_wconf 74' lang='grc' dir='ltr'>θησαυροὶ</span> <span class='ocrx_word' id='word_1_196' title='bbox 913 1464 995 1526; x_wconf 86' lang='grc' dir='ltr'>τῆς</span> <span class='ocrx_word' id='word_1_197' title='bbox 1021 1463 1198 1531; x_wconf 86' lang='grc' dir='ltr'>σοφίας</span> <span class='ocrx_word' id='word_1_198' title='bbox 1238 1464 1314 1513; x_wconf 79' lang='grc' dir='ltr'>καὶ</span> <span class='ocrx_word' id='word_1_199' title='bbox 1340 1462 1562 1528; x_wconf 83' lang='grc' dir='ltr'>γνώσεως</span> <span class='ocrx_word' id='word_1_200' title='bbox 1600 1460 1911 1530; x_wconf 81' lang='grc' dir='ltr'>ἀπόκρυφοι·”</span> 
     </span>
     <span class='ocr_line' id='line_1_30' title="bbox 332 1541 1915 1610; baseline 0.004 -19"><span class='ocrx_word' id='word_1_201' title='bbox 332 1541 517 1609; x_wconf 77' lang='grc' dir='ltr'>ψάλλει</span> <span class='ocrx_word' id='word_1_202' title='bbox 555 1541 604 1593; x_wconf 82' lang='grc' dir='ltr'>δὲ</span> <span class='ocrx_word' id='word_1_203' title='bbox 645 1545 722 1593; x_wconf 77' lang='grc' dir='ltr'>καὶ</span> <span class='ocrx_word' id='word_1_204' title='bbox 760 1543 785 1593; x_wconf 85' lang='grc' dir='ltr'>ὁ</span> <span class='ocrx_word' id='word_1_205' title='bbox 821 1542 1074 1598; x_wconf 80' lang='grc' dir='ltr'>θεσπέσιος</span> <span class='ocrx_word' id='word_1_206' title='bbox 1109 1547 1284 1596; x_wconf 77' lang='grc' dir='ltr'>Δαυεὶδ</span> <span class='ocrx_word' id='word_1_207' title='bbox 1327 1544 1447 1610; x_wconf 83' lang='grc' dir='ltr'>πρὸς</span> <span class='ocrx_word' id='word_1_208' title='bbox 1492 1543 1573 1595; x_wconf 80' lang='grc' dir='ltr'>τὸν</span> <span class='ocrx_word' id='word_1_209' title='bbox 1613 1545 1661 1594; x_wconf 80' lang='grc' dir='ltr'>ἐν</span> <span class='ocrx_word' id='word_1_210' title='bbox 1704 1544 1915 1609; x_wconf 81' lang='grc' dir='ltr'>οὐρανοῖς</span> 
     </span>
     <span class='ocr_line' id='line_1_31' title="bbox 332 1623 1915 1694; baseline 0.001 -21"><span class='ocrx_word' id='word_1_211' title='bbox 332 1623 512 1690; x_wconf 70' lang='grc' dir='ltr'>πατερα</span> <span class='ocrx_word' id='word_1_212' title='bbox 538 1626 612 1674; x_wconf 76' lang='grc' dir='ltr'>καὶ</span> <span class='ocrx_word' id='word_1_213' title='bbox 643 1624 767 1676; x_wconf 87' lang='grc' dir='ltr'>Θεόν</span> <span class='ocrx_word' id='word_1_214' title='bbox 795 1632 822 1655; x_wconf 82' lang='grc'><strong>“</strong></span> <span class='ocrx_word' id='word_1_215' title='bbox 842 1625 929 1676; x_wconf 90' lang='grc' dir='ltr'>Ἐν</span> <span class='ocrx_word' id='word_1_216' title='bbox 947 1629 1006 1693; x_wconf 86' lang='grc' dir='ltr'>τῇ</span> <span class='ocrx_word' id='word_1_217' title='bbox 1031 1630 1188 1694; x_wconf 83' lang='grc' dir='ltr'>βουλῇ</span> <span class='ocrx_word' id='word_1_218' title='bbox 1215 1650 1306 1678; x_wconf 91' lang='grc' dir='ltr'>σου</span> <span class='ocrx_word' id='word_1_219' title='bbox 1332 1626 1584 1691; x_wconf 81' lang='grc' dir='ltr'>ὡδήγησάς</span> <span class='ocrx_word' id='word_1_220' title='bbox 1610 1623 1708 1690; x_wconf 87' lang='grc' dir='ltr'>με,”</span> <span class='ocrx_word' id='word_1_221' title='bbox 1733 1623 1915 1688; x_wconf 83' lang='grc' dir='ltr'>βουλὴν</span> 
     </span>
     <span class='ocr_line' id='line_1_32' title="bbox 333 1705 1915 1776; baseline 0.001 -21"><span class='ocrx_word' id='word_1_222' title='bbox 333 1706 475 1756; x_wconf 81' lang='grc' dir='ltr'>αὐτοῦ</span> <span class='ocrx_word' id='word_1_223' title='bbox 500 1705 654 1772; x_wconf 82' lang='grc' dir='ltr'>λέγων</span> <span class='ocrx_word' id='word_1_224' title='bbox 679 1705 762 1757; x_wconf 77' lang='grc' dir='ltr'>τὸν</span> <span class='ocrx_word' id='word_1_225' title='bbox 789 1707 845 1776; x_wconf 76' lang='grc' dir='ltr'>ἐξ</span> <span class='ocrx_word' id='word_1_226' title='bbox 867 1708 1008 1759; x_wconf 80' lang='grc' dir='ltr'>αὐτοῦ</span> <span class='ocrx_word' id='word_1_227' title='bbox 1036 1709 1192 1776; x_wconf 83' lang='grc' dir='ltr'>φύντα</span> <span class='ocrx_word' id='word_1_228' title='bbox 1217 1707 1348 1760; x_wconf 77' lang='grc' dir='ltr'>Υἱόν.</span> <span class='ocrx_word' id='word_1_229' title='bbox 1402 1706 1500 1759; x_wconf 79' lang='grc' dir='ltr'>εἶτα</span> <span class='ocrx_word' id='word_1_230' title='bbox 1524 1712 1626 1762; x_wconf 81' lang='grc' dir='ltr'>πῶς</span> <span class='ocrx_word' id='word_1_231' title='bbox 1650 1707 1704 1758; x_wconf 80' lang='grc' dir='ltr'>οὐ</span> <span class='ocrx_word' id='word_1_232' title='bbox 1729 1710 1915 1772; x_wconf 81' lang='grc' dir='ltr'>γελοῖον</span> 
     </span>
     <span class='ocr_line' id='line_1_33' title="bbox 333 1787 1986 1860; baseline 0.001 -23"><span class='ocrx_word' id='word_1_233' title='bbox 333 1787 517 1852; x_wconf 81' lang='grc' dir='ltr'>ἀγνοεῖν</span> <span class='ocrx_word' id='word_1_234' title='bbox 543 1787 728 1839; x_wconf 75' lang='grc' dir='ltr'>οἴεσθαί</span> <span class='ocrx_word' id='word_1_235' title='bbox 761 1812 804 1839; x_wconf 90' lang='grc' dir='ltr'>τι</span> <span class='ocrx_word' id='word_1_236' title='bbox 843 1793 937 1840; x_wconf 83' lang='grc' dir='ltr'>τῶν</span> <span class='ocrx_word' id='word_1_237' title='bbox 965 1791 1012 1840; x_wconf 80' lang='grc' dir='ltr'>ἐν</span> <span class='ocrx_word' id='word_1_238' title='bbox 1043 1794 1108 1860; x_wconf 76' lang='grc' dir='ltr'>τῷ</span> <span class='ocrx_word' id='word_1_239' title='bbox 1136 1792 1292 1857; x_wconf 77' lang='grc' dir='ltr'>Πατρὶ</span> <span class='ocrx_word' id='word_1_240' title='bbox 1330 1789 1416 1854; x_wconf 88' lang='grc' dir='ltr'>τὴν</span> <span class='ocrx_word' id='word_1_241' title='bbox 1453 1790 1633 1859; x_wconf 81' lang='grc' dir='ltr'>σοφίαν</span> <span class='ocrx_word' id='word_1_242' title='bbox 1658 1789 1800 1840; x_wconf 80' lang='grc' dir='ltr'>αὐτοῦ</span> <span class='ocrx_word' id='word_1_243' title='bbox 1839 1789 1913 1838; x_wconf 75' lang='grc' dir='ltr'>καὶ</span> <span class='ocrx_word' id='word_1_244' title='bbox 1935 1805 1986 1830; x_wconf 82' lang='grc'>20</span> 
     </span>
     <span class='ocr_line' id='line_1_34' title="bbox 333 1867 1915 1936; baseline 0.003 -18"><span class='ocrx_word' id='word_1_245' title='bbox 333 1867 419 1932; x_wconf 78' lang='grc' dir='ltr'>τὴν</span> <span class='ocrx_word' id='word_1_246' title='bbox 461 1867 645 1932; x_wconf 83' lang='grc' dir='ltr'>βουλὴν</span> <span class='ocrx_word' id='word_1_247' title='bbox 683 1871 856 1931; x_wconf 76' lang='grc' dir='ltr'>αὐτοῦς</span> <span class='ocrx_word' id='word_1_248' title='bbox 910 1874 986 1922; x_wconf 82' lang='grc' dir='ltr'>καὶ</span> <span class='ocrx_word' id='word_1_249' title='bbox 1024 1873 1049 1922; x_wconf 83' lang='grc' dir='ltr'>ὁ</span> <span class='ocrx_word' id='word_1_250' title='bbox 1087 1870 1229 1935; x_wconf 88' lang='grc' dir='ltr'>μόνος</span> <span class='ocrx_word' id='word_1_251' title='bbox 1272 1871 1399 1925; x_wconf 79' lang='grc' dir='ltr'>εἰδὼς</span> <span class='ocrx_word' id='word_1_252' title='bbox 1443 1871 1526 1922; x_wconf 82' lang='grc' dir='ltr'>τὸν</span> <span class='ocrx_word' id='word_1_253' title='bbox 1566 1869 1770 1936; x_wconf 80' lang='grc' dir='ltr'>Πατέρα,</span> <span class='ocrx_word' id='word_1_254' title='bbox 1814 1873 1915 1923; x_wconf 79' lang='grc' dir='ltr'>πῶς</span> 
     </span>
     <span class='ocr_line' id='line_1_35' title="bbox 289 1949 1916 2019; baseline 0.001 -20"><span class='ocrx_word' id='word_1_255' title='bbox 289 1950 497 2014; x_wconf 67' lang='grc' dir='ltr'>ὒάγνοεΐ</span> <span class='ocrx_word' id='word_1_256' title='bbox 528 1949 613 2015; x_wconf 88' lang='grc' dir='ltr'>τὴν</span> <span class='ocrx_word' id='word_1_257' title='bbox 643 1953 725 2015; x_wconf 86' lang='grc' dir='ltr'>τῆς</span> <span class='ocrx_word' id='word_1_258' title='bbox 761 1953 1034 2007; x_wconf 82' lang='grc' dir='ltr'>συντελείας</span> <span class='ocrx_word' id='word_1_259' title='bbox 1072 1953 1281 2019; x_wconf 86' lang='grc' dir='ltr'>ἡμέραν;</span> <span class='ocrx_word' id='word_1_260' title='bbox 1325 1958 1460 2005; x_wconf 82' lang='grc' dir='ltr'>ποῖον</span> <span class='ocrx_word' id='word_1_261' title='bbox 1487 1953 1577 2019; x_wconf 79' lang='grc' dir='ltr'>ἄρα</span> <span class='ocrx_word' id='word_1_262' title='bbox 1615 1951 1669 2002; x_wconf 83' lang='grc' dir='ltr'>τὸ</span> <span class='ocrx_word' id='word_1_263' title='bbox 1706 1952 1916 2018; x_wconf 74' lang='grc' dir='ltr'>προῦχον</span> 
     </span>
     <span class='ocr_line' id='line_1_36' title="bbox 335 2031 1916 2101; baseline 0.001 -20"><span class='ocrx_word' id='word_1_264' title='bbox 335 2033 382 2081; x_wconf 87' lang='grc' dir='ltr'>ἐν</span> <span class='ocrx_word' id='word_1_265' title='bbox 407 2031 595 2097; x_wconf 81' lang='grc' dir='ltr'>γνώσει,</span> <span class='ocrx_word' id='word_1_266' title='bbox 623 2032 676 2083; x_wconf 82' lang='grc' dir='ltr'>τὸ</span> <span class='ocrx_word' id='word_1_267' title='bbox 703 2033 867 2084; x_wconf 77' lang='grc' dir='ltr'>εἰδέναι</span> <span class='ocrx_word' id='word_1_268' title='bbox 905 2034 954 2085; x_wconf 85' lang='grc' dir='ltr'>τί</span> <span class='ocrx_word' id='word_1_269' title='bbox 986 2034 1118 2085; x_wconf 73' lang='grc' dir='ltr'>ἔστιν</span> <span class='ocrx_word' id='word_1_270' title='bbox 1144 2036 1169 2085; x_wconf 88' lang='grc' dir='ltr'><strong>ὁ</strong></span> <span class='ocrx_word' id='word_1_271' title='bbox 1198 2035 1378 2101; x_wconf 83' lang='grc' dir='ltr'>Πατὴρ,</span> <span class='ocrx_word' id='word_1_272' title='bbox 1406 2034 1552 2101; x_wconf 73' lang='grc' dir='ltr'>ἤγουν</span> <span class='ocrx_word' id='word_1_273' title='bbox 1585 2032 1670 2098; x_wconf 90' lang='grc' dir='ltr'>τὴν</span> <span class='ocrx_word' id='word_1_274' title='bbox 1705 2033 1916 2101; x_wconf 84' lang='grc' dir='ltr'>ἐσχοίτην</span> 
     </span>
     <span class='ocr_line' id='line_1_37' title="bbox 334 2112 1917 2183; baseline 0.002 -20"><span class='ocrx_word' id='word_1_275' title='bbox 334 2112 540 2179; x_wconf 82' lang='grc' dir='ltr'>ἡμέραν;</span> <span class='ocrx_word' id='word_1_276' title='bbox 581 2114 844 2180; x_wconf 87' lang='grc' dir='ltr'>γέγραπται</span> <span class='ocrx_word' id='word_1_277' title='bbox 870 2114 918 2166; x_wconf 73' lang='grc' dir='ltr'>δὲ</span> <span class='ocrx_word' id='word_1_278' title='bbox 943 2114 1090 2167; x_wconf 80' lang='grc' dir='ltr'>πάλιν</span> <span class='ocrx_word' id='word_1_279' title='bbox 1116 2115 1186 2166; x_wconf 80' lang='grc' dir='ltr'>ὅτι</span> <span class='ocrx_word' id='word_1_280' title='bbox 1226 2123 1252 2145; x_wconf 84' lang='grc'><strong>“</strong></span> <span class='ocrx_word' id='word_1_281' title='bbox 1269 2114 1322 2167; x_wconf 79' lang='grc' dir='ltr'>τὸ</span> <span class='ocrx_word' id='word_1_282' title='bbox 1353 2120 1546 2179; x_wconf 87' lang='grc' dir='ltr'>Πνεῦμα</span> <span class='ocrx_word' id='word_1_283' title='bbox 1574 2115 1728 2167; x_wconf 80' lang='grc' dir='ltr'>πάντα</span> <span class='ocrx_word' id='word_1_284' title='bbox 1757 2116 1917 2183; x_wconf 75' lang='grc' dir='ltr'>ἐρευνᾷ</span> 
     </span>
     <span class='ocr_line' id='line_1_38' title="bbox 335 2194 1983 2261; baseline 0.003 -16"><span class='ocrx_word' id='word_1_285' title='bbox 335 2200 362 2223; x_wconf 83' lang='grc'><strong>“</strong></span> <span class='ocrx_word' id='word_1_286' title='bbox 389 2197 465 2246; x_wconf 82' lang='grc' dir='ltr'>καὶ</span> <span class='ocrx_word' id='word_1_287' title='bbox 502 2194 562 2246; x_wconf 79' lang='grc' dir='ltr'>τὰ</span> <span class='ocrx_word' id='word_1_288' title='bbox 599 2196 727 2260; x_wconf 80' lang='grc' dir='ltr'>βάθη</span> <span class='ocrx_word' id='word_1_289' title='bbox 761 2202 845 2247; x_wconf 92' lang='grc' dir='ltr'>τοῦ</span> <span class='ocrx_word' id='word_1_290' title='bbox 872 2198 1041 2248; x_wconf 88' lang='grc' dir='ltr'>Θεοῦ.”</span> <span class='ocrx_word' id='word_1_291' title='bbox 1092 2198 1169 2249; x_wconf 81' lang='grc' dir='ltr'>ὅτε</span> <span class='ocrx_word' id='word_1_292' title='bbox 1207 2199 1362 2249; x_wconf 86' lang='grc' dir='ltr'>τοίνυν</span> <span class='ocrx_word' id='word_1_293' title='bbox 1396 2197 1450 2249; x_wconf 82' lang='grc' dir='ltr'>τὸ</span> <span class='ocrx_word' id='word_1_294' title='bbox 1477 2202 1671 2261; x_wconf 89' lang='grc' dir='ltr'>Πνεῦμα</span> <span class='ocrx_word' id='word_1_295' title='bbox 1708 2196 1761 2247; x_wconf 82' lang='grc' dir='ltr'>τὸ</span> <span class='ocrx_word' id='word_1_296' title='bbox 1797 2195 1914 2250; x_wconf 83' lang='grc' dir='ltr'>εἱδὸς</span> <span class='ocrx_word' id='word_1_297' title='bbox 1935 2212 1983 2251; x_wconf 88' lang='lat'>25</span> 
     </span>
     <span class='ocr_line' id='line_1_39' title="bbox 333 2275 1913 2349; baseline 0.002 -23"><span class='ocrx_word' id='word_1_298' title='bbox 333 2275 393 2326; x_wconf 77' lang='grc' dir='ltr'>τὰ</span> <span class='ocrx_word' id='word_1_299' title='bbox 415 2276 545 2342; x_wconf 83' lang='grc' dir='ltr'>βοίθη</span> <span class='ocrx_word' id='word_1_300' title='bbox 572 2283 654 2328; x_wconf 92' lang='grc' dir='ltr'>τοῦ</span> <span class='ocrx_word' id='word_1_301' title='bbox 681 2282 806 2329; x_wconf 92' lang='grc' dir='ltr'>Θεοῦ</span> <span class='ocrx_word' id='word_1_302' title='bbox 844 2281 921 2330; x_wconf 82' lang='grc' dir='ltr'>καὶ</span> <span class='ocrx_word' id='word_1_303' title='bbox 955 2277 1110 2331; x_wconf 81' lang='grc' dir='ltr'>πάντα</span> <span class='ocrx_word' id='word_1_304' title='bbox 1135 2278 1194 2330; x_wconf 79' lang='grc' dir='ltr'>τὰ</span> <span class='ocrx_word' id='word_1_305' title='bbox 1218 2281 1267 2330; x_wconf 85' lang='grc' dir='ltr'>ἐν</span> <span class='ocrx_word' id='word_1_306' title='bbox 1293 2281 1431 2349; x_wconf 72' lang='grc' dir='ltr'>αὐτῷ,</span> <span class='ocrx_word' id='word_1_307' title='bbox 1461 2278 1663 2343; x_wconf 81' lang='grc' dir='ltr'>Πνεῦμοῖ</span> <span class='ocrx_word' id='word_1_308' title='bbox 1695 2280 1799 2330; x_wconf 86' lang='grc' dir='ltr'>ἐστι</span> <span class='ocrx_word' id='word_1_309' title='bbox 1836 2280 1913 2329; x_wconf 81' lang='grc' dir='ltr'>καὶ</span> 
     </span>
    </p>
   </div>
   <div class='ocr_carea' id='block_1_13' title="bbox 333 2403 1912 2507">
    <p class='ocr_par' dir='ltr' id='par_1_13' title="bbox 333 2403 1912 2507">
     <span class='ocr_line' id='line_1_40' title="bbox 383 2403 1912 2450; baseline 0.001 -14"><span class='ocrx_word' id='word_1_310' title='bbox 383 2413 414 2436; x_wconf 84' lang='grc'>2.</span> <span class='ocrx_word' id='word_1_311' title='bbox 441 2404 523 2437; x_wconf 86' lang='grc' dir='ltr'>κατὰ</span> <span class='ocrx_word' id='word_1_312' title='bbox 540 2415 610 2437; x_wconf 87' lang='lat' dir='ltr'>om.</span> <span class='ocrx_word' id='word_1_313' title='bbox 629 2415 665 2438; x_wconf 89' lang='lat' dir='ltr'>n.</span> <span class='ocrx_word' id='word_1_314' title='bbox 738 2403 914 2450; x_wconf 80' lang='grc' dir='ltr'>διαφέρειν</span> <span class='ocrx_word' id='word_1_315' title='bbox 931 2404 1012 2448; x_wconf 81' lang='grc' dir='ltr'>δοκῇ</span> <span class='ocrx_word' id='word_1_316' title='bbox 1031 2404 1203 2439; x_wconf 81' lang='grc' dir='ltr'>Α.Ῐ“.Ῑ).ῐ1.</span> <span class='ocrx_word' id='word_1_317' title='bbox 1222 2404 1367 2450; x_wconf 77' lang='grc' dir='ltr'>διαφέρῃ</span> <span class='ocrx_word' id='word_1_318' title='bbox 1386 2404 1453 2440; x_wconf 87' lang='lat' dir='ltr'>Ed.</span> <span class='ocrx_word' id='word_1_319' title='bbox 1663 2416 1696 2446; x_wconf 87' lang='grc'>4.</span> <span class='ocrx_word' id='word_1_320' title='bbox 1723 2404 1851 2449; x_wconf 73' lang='grc' dir='ltr'>ἄπορον</span> <span class='ocrx_word' id='word_1_321' title='bbox 1867 2404 1912 2441; x_wconf 90' lang='grc' dir='ltr'>Α.</span> 
     </span>
     <span class='ocr_line' id='line_1_41' title="bbox 333 2450 1911 2507; baseline 0.002 -15"><span class='ocrx_word' id='word_1_322' title='bbox 333 2460 461 2493; x_wconf 67' lang='lat' dir='ltr'>(fromn</span> <span class='ocrx_word' id='word_1_323' title='bbox 478 2472 513 2494; x_wconf 91' lang='lat' dir='ltr'>n.</span> <span class='ocrx_word' id='word_1_324' title='bbox 532 2461 670 2505; x_wconf 74' lang='grc' dir='ltr'>ι’ίπειρον</span> <span class='ocrx_word' id='word_1_325' title='bbox 688 2461 734 2496; x_wconf 89' lang='lat' dir='ltr'>D.</span> <span class='ocrx_word' id='word_1_326' title='bbox 754 2461 821 2495; x_wconf 89' lang='lat' dir='ltr'>Ed.</span> <span class='ocrx_word' id='word_1_327' title='bbox 840 2450 1183 2498; x_wconf 43' lang='lat' dir='ltr'>dm&amp;</span> <span class='ocrx_word' id='word_1_328' title='bbox 1208 2467 1245 2496; x_wconf 90' lang='grc' dir='ltr'>Γ.</span> <span class='ocrx_word' id='word_1_329' title='bbox 1611 2461 1645 2495; x_wconf 86' lang='grc'>6.</span> <span class='ocrx_word' id='word_1_330' title='bbox 1670 2461 1718 2507; x_wconf 88' lang='grc' dir='ltr'>τι]</span> <span class='ocrx_word' id='word_1_331' title='bbox 1743 2466 1779 2502; x_wconf 62' lang='lat'>4-</span> <span class='ocrx_word' id='word_1_332' title='bbox 1800 2463 1858 2496; x_wconf 85' lang='grc' dir='ltr'>τὸν</span> <span class='ocrx_word' id='word_1_333' title='bbox 1875 2474 1911 2497; x_wconf 88' lang='lat' dir='ltr'>n.</span> 
     </span>
    </p>
   </div>
   <div class='ocr_carea' id='block_1_14' title="bbox 339 2514 1912 2561">
    <p class='ocr_par' dir='ltr' id='par_1_14' title="bbox 339 2514 1912 2561">
     <span class='ocr_line' id='line_1_42' title="bbox 339 2514 1912 2561; baseline 0.003 -15"><span class='ocrx_word' id='word_1_334' title='bbox 339 2524 392 2547; x_wconf 88' lang='lat'>12.</span> <span class='ocrx_word' id='word_1_335' title='bbox 417 2514 558 2557; x_wconf 87' lang='grc' dir='ltr'>μείωσιν</span> <span class='ocrx_word' id='word_1_336' title='bbox 575 2515 618 2548; x_wconf 90' lang='grc' dir='ltr'>Α.</span> <span class='ocrx_word' id='word_1_337' title='bbox 690 2514 756 2560; x_wconf 74' lang='grc' dir='ltr'>ἔτι]</span> <span class='ocrx_word' id='word_1_338' title='bbox 777 2516 830 2549; x_wconf 76' lang='grc' dir='ltr'>ἐπὶ</span> <span class='ocrx_word' id='word_1_339' title='bbox 848 2517 930 2551; x_wconf 83' lang='grc' dir='ltr'><strong>Α.Π.</strong></span> <span class='ocrx_word' id='word_1_340' title='bbox 1001 2516 1129 2551; x_wconf 78' lang='grc' dir='ltr'>τούτων</span> <span class='ocrx_word' id='word_1_341' title='bbox 1146 2517 1277 2551; x_wconf 89' lang='lat' dir='ltr'>A.D.n.</span> <span class='ocrx_word' id='word_1_342' title='bbox 1294 2515 1414 2550; x_wconf 83' lang='grc' dir='ltr'>τούτου</span> <span class='ocrx_word' id='word_1_343' title='bbox 1433 2515 1500 2550; x_wconf 88' lang='lat' dir='ltr'>Ed.</span> <span class='ocrx_word' id='word_1_344' title='bbox 1654 2527 1706 2559; x_wconf 86' lang='lat'>13.</span> <span class='ocrx_word' id='word_1_345' title='bbox 1732 2516 1785 2549; x_wconf 83' lang='grc' dir='ltr'>καὶ</span> <span class='ocrx_word' id='word_1_346' title='bbox 1803 2517 1912 2561; x_wconf 83' lang='grc' dir='ltr'>σοφία</span> 
     </span>
    </p>
   </div>
   <div class='ocr_carea' id='block_1_15' title="bbox 335 2564 1915 2958">
    <p class='ocr_par' dir='ltr' id='par_1_15' title="bbox 335 2564 1915 2958">
     <span class='ocr_line' id='line_1_43' title="bbox 335 2564 1912 2625; baseline 0.004 -12"><span class='ocrx_word' id='word_1_347' title='bbox 335 2579 479 2613; x_wconf 84' lang='lat' dir='ltr'>accessit</span> <span class='ocrx_word' id='word_1_348' title='bbox 495 2591 537 2613; x_wconf 85' lang='lat' dir='ltr'>ex</span> <span class='ocrx_word' id='word_1_349' title='bbox 556 2581 676 2614; x_wconf 80' lang='lat' dir='ltr'><strong>A.P.n.</strong></span> <span class='ocrx_word' id='word_1_350' title='bbox 749 2583 767 2614; x_wconf 90' lang='grc' dir='ltr'>ὁ</span> <span class='ocrx_word' id='word_1_351' title='bbox 784 2580 861 2616; x_wconf 83' lang='grc' dir='ltr'>Υἱὸς</span> <span class='ocrx_word' id='word_1_352' title='bbox 885 2581 1078 2625; x_wconf 81' lang='grc' dir='ltr'>ὠνόμασται</span> <span class='ocrx_word' id='word_1_353' title='bbox 1098 2582 1165 2616; x_wconf 87' lang='lat' dir='ltr'>hoc</span> <span class='ocrx_word' id='word_1_354' title='bbox 1182 2581 1304 2615; x_wconf 84' lang='lat' dir='ltr'>ordine</span> <span class='ocrx_word' id='word_1_355' title='bbox 1320 2582 1402 2616; x_wconf 91' lang='lat' dir='ltr'><strong>A.n.</strong></span> <span class='ocrx_word' id='word_1_356' title='bbox 1431 2573 1546 2622; x_wconf 47' lang='lat'>&amp;5³</span> <span class='ocrx_word' id='word_1_357' title='bbox 1574 2569 1802 2624; x_wconf 47' lang='lat' dir='ltr'>»mnan-1&lt;</span> <span class='ocrx_word' id='word_1_358' title='bbox 1818 2564 1912 2620; x_wconf 47' lang='lat' dir='ltr'>d</span> 
     </span>
     <span class='ocr_line' id='line_1_44' title="bbox 340 2633 1913 2682; baseline 0.004 -17"><span class='ocrx_word' id='word_1_359' title='bbox 340 2633 461 2677; x_wconf 65' lang='grc' dir='ltr'>(τούκ</span> <span class='ocrx_word' id='word_1_360' title='bbox 478 2633 572 2667; x_wconf 74' lang='grc' dir='ltr'>ἔστιν</span> <span class='ocrx_word' id='word_1_361' title='bbox 590 2635 607 2666; x_wconf 92' lang='grc' dir='ltr'>ὁ</span> <span class='ocrx_word' id='word_1_362' title='bbox 620 2633 713 2678; x_wconf 85' lang='grc' dir='ltr'>Υἱός)</span> <span class='ocrx_word' id='word_1_363' title='bbox 733 2640 769 2668; x_wconf 93' lang='grc' dir='ltr'>Γ.</span> <span class='ocrx_word' id='word_1_364' title='bbox 950 2646 1003 2677; x_wconf 89' lang='lat'>14.</span> <span class='ocrx_word' id='word_1_365' title='bbox 1029 2636 1096 2680; x_wconf 68' lang='grc' dir='ltr'>ἔφη</span> <span class='ocrx_word' id='word_1_366' title='bbox 1113 2636 1191 2680; x_wconf 79' lang='grc' dir='ltr'>περὶ</span> <span class='ocrx_word' id='word_1_367' title='bbox 1208 2636 1309 2669; x_wconf 79' lang='grc' dir='ltr'>αὐτοῦ</span> <span class='ocrx_word' id='word_1_368' title='bbox 1327 2635 1393 2669; x_wconf 83' lang='lat' dir='ltr'>hoc</span> <span class='ocrx_word' id='word_1_369' title='bbox 1410 2636 1531 2670; x_wconf 86' lang='lat' dir='ltr'>ordine</span> <span class='ocrx_word' id='word_1_370' title='bbox 1549 2637 1593 2670; x_wconf 87' lang='lat' dir='ltr'>A.</span> <span class='ocrx_word' id='word_1_371' title='bbox 1761 2646 1814 2681; x_wconf 85' lang='lat'>15.</span> <span class='ocrx_word' id='word_1_372' title='bbox 1840 2638 1913 2682; x_wconf 78' lang='grc' dir='ltr'>ἐγέ-</span> 
     </span>
     <span class='ocr_line' id='line_1_45' title="bbox 336 2679 1915 2727; baseline 0.003 -15"><span class='ocrx_word' id='word_1_373' title='bbox 336 2680 418 2723; x_wconf 88' lang='grc' dir='ltr'>νηθη</span> <span class='ocrx_word' id='word_1_374' title='bbox 438 2679 524 2713; x_wconf 70' lang='lat' dir='ltr'>RD.</span> <span class='ocrx_word' id='word_1_375' title='bbox 543 2679 700 2724; x_wconf 75' lang='grc' dir='ltr'>ἐγεννήθη</span> <span class='ocrx_word' id='word_1_376' title='bbox 720 2680 786 2714; x_wconf 83' lang='lat' dir='ltr'>Ed.</span> <span class='ocrx_word' id='word_1_377' title='bbox 804 2686 837 2714; x_wconf 78' lang='lat' dir='ltr'>et</span> <span class='ocrx_word' id='word_1_378' title='bbox 854 2686 893 2714; x_wconf 80' lang='lat' dir='ltr'>ut</span> <span class='ocrx_word' id='word_1_379' title='bbox 911 2681 979 2715; x_wconf 76' lang='lat' dir='ltr'>vid.</span> <span class='ocrx_word' id='word_1_380' title='bbox 998 2693 1031 2715; x_wconf 87' lang='lat' dir='ltr'>n.</span> <span class='ocrx_word' id='word_1_381' title='bbox 1105 2682 1215 2726; x_wconf 85' lang='grc' dir='ltr'>σοφία</span> <span class='ocrx_word' id='word_1_382' title='bbox 1240 2681 1317 2726; x_wconf 77' lang='grc' dir='ltr'>ἡμῖν</span> <span class='ocrx_word' id='word_1_383' title='bbox 1341 2682 1407 2716; x_wconf 79' lang='grc' dir='ltr'>ἀπὸ</span> <span class='ocrx_word' id='word_1_384' title='bbox 1433 2686 1520 2716; x_wconf 84' lang='grc' dir='ltr'>Θεοῦ</span> <span class='ocrx_word' id='word_1_385' title='bbox 1546 2683 1612 2716; x_wconf 87' lang='lat' dir='ltr'>hoc</span> <span class='ocrx_word' id='word_1_386' title='bbox 1637 2682 1758 2717; x_wconf 70' lang='lat' dir='ltr'>ordine</span> <span class='ocrx_word' id='word_1_387' title='bbox 1776 2695 1811 2717; x_wconf 89' lang='lat' dir='ltr'>n.</span> <span class='ocrx_word' id='word_1_388' title='bbox 1837 2683 1915 2727; x_wconf 84' lang='grc' dir='ltr'>ἡμῖν</span> 
     </span>
     <span class='ocr_line' id='line_1_46' title="bbox 336 2726 1913 2774; baseline 0.004 -16"><span class='ocrx_word' id='word_1_389' title='bbox 336 2726 447 2770; x_wconf 83' lang='grc' dir='ltr'>σοφία</span> <span class='ocrx_word' id='word_1_390' title='bbox 464 2726 530 2760; x_wconf 76' lang='grc' dir='ltr'>ἀπὸ</span> <span class='ocrx_word' id='word_1_391' title='bbox 549 2728 636 2759; x_wconf 84' lang='grc' dir='ltr'>Θεοῦ</span> <span class='ocrx_word' id='word_1_392' title='bbox 655 2727 696 2759; x_wconf 88' lang='grc' dir='ltr'>Α.</span> <span class='ocrx_word' id='word_1_393' title='bbox 715 2726 792 2770; x_wconf 79' lang='grc' dir='ltr'>ἡμῖν</span> <span class='ocrx_word' id='word_1_394' title='bbox 809 2726 874 2760; x_wconf 83' lang='grc' dir='ltr'>ἀπὸ</span> <span class='ocrx_word' id='word_1_395' title='bbox 893 2729 980 2760; x_wconf 83' lang='grc' dir='ltr'>Θεοῦ</span> <span class='ocrx_word' id='word_1_396' title='bbox 998 2728 1108 2772; x_wconf 88' lang='grc' dir='ltr'>σοφία</span> <span class='ocrx_word' id='word_1_397' title='bbox 1128 2728 1194 2762; x_wconf 86' lang='lat' dir='ltr'>Ed.</span> <span class='ocrx_word' id='word_1_398' title='bbox 1347 2738 1399 2773; x_wconf 86' lang='lat'>17.</span> <span class='ocrx_word' id='word_1_399' title='bbox 1424 2730 1478 2762; x_wconf 77' lang='grc' dir='ltr'>καὶ</span> <span class='ocrx_word' id='word_1_400' title='bbox 1495 2736 1716 2774; x_wconf 82' lang='lat' dir='ltr'><strong>assumptum</strong></span> <span class='ocrx_word' id='word_1_401' title='bbox 1734 2742 1775 2763; x_wconf 81' lang='lat' dir='ltr'>ex</span> <span class='ocrx_word' id='word_1_402' title='bbox 1793 2730 1913 2765; x_wconf 81' lang='lat' dir='ltr'><strong>A.P.n.</strong></span> 
     </span>
     <span class='ocr_line' id='line_1_47' title="bbox 340 2772 1911 2821; baseline 0.003 -16"><span class='ocrx_word' id='word_1_403' title='bbox 340 2772 393 2806; x_wconf 89' lang='lat'>18.</span> <span class='ocrx_word' id='word_1_404' title='bbox 419 2772 476 2805; x_wconf 85' lang='lat' dir='ltr'>’Ev</span> <span class='ocrx_word' id='word_1_405' title='bbox 493 2773 615 2807; x_wconf 82' lang='lat' dir='ltr'><strong>A.F.n.</strong></span> <span class='ocrx_word' id='word_1_406' title='bbox 635 2772 735 2817; x_wconf 79' lang='grc' dir='ltr'>Κύριε</span> <span class='ocrx_word' id='word_1_407' title='bbox 754 2773 789 2806; x_wconf 77' lang='grc' dir='ltr'>ἐν</span> <span class='ocrx_word' id='word_1_408' title='bbox 807 2773 852 2806; x_wconf 91' lang='lat' dir='ltr'>D.</span> <span class='ocrx_word' id='word_1_409' title='bbox 872 2773 939 2808; x_wconf 87' lang='lat' dir='ltr'>Ed.</span> <span class='ocrx_word' id='word_1_410' title='bbox 1133 2786 1185 2818; x_wconf 86' lang='lat'>19.</span> <span class='ocrx_word' id='word_1_411' title='bbox 1210 2773 1298 2819; x_wconf 83' lang='grc' dir='ltr'>υἱὸν]</span> <span class='ocrx_word' id='word_1_412' title='bbox 1323 2777 1476 2820; x_wconf 58' lang='grc' dir='ltr'>-ί-Λόγον</span> <span class='ocrx_word' id='word_1_413' title='bbox 1494 2781 1529 2809; x_wconf 85' lang='grc' dir='ltr'>Γ.</span> <span class='ocrx_word' id='word_1_414' title='bbox 1701 2787 1755 2809; x_wconf 89' lang='lat'>20.</span> <span class='ocrx_word' id='word_1_415' title='bbox 1780 2790 1811 2809; x_wconf 85' lang='grc' dir='ltr'>τι</span> <span class='ocrx_word' id='word_1_416' title='bbox 1828 2775 1911 2821; x_wconf 82' lang='grc' dir='ltr'>τῶν]</span> 
     </span>
     <span class='ocr_line' id='line_1_48' title="bbox 335 2819 1912 2866; baseline 0.003 -15"><span class='ocrx_word' id='word_1_417' title='bbox 335 2822 433 2852; x_wconf 84' lang='grc' dir='ltr'>τινῶν</span> <span class='ocrx_word' id='word_1_418' title='bbox 450 2830 486 2852; x_wconf 87' lang='lat' dir='ltr'>n.</span> <span class='ocrx_word' id='word_1_419' title='bbox 670 2830 724 2853; x_wconf 87' lang='lat'>22.</span> <span class='ocrx_word' id='word_1_420' title='bbox 750 2819 864 2864; x_wconf 81' lang='grc' dir='ltr'>ἀγνοεῖ</span> <span class='ocrx_word' id='word_1_421' title='bbox 880 2820 939 2863; x_wconf 84' lang='grc' dir='ltr'>τὴν</span> <span class='ocrx_word' id='word_1_422' title='bbox 955 2821 1014 2863; x_wconf 80' lang='grc' dir='ltr'>τῆς</span> <span class='ocrx_word' id='word_1_423' title='bbox 1031 2821 1225 2855; x_wconf 81' lang='grc' dir='ltr'>συντελείας</span> <span class='ocrx_word' id='word_1_424' title='bbox 1243 2820 1366 2865; x_wconf 82' lang='grc' dir='ltr'>ἡμέραν</span> <span class='ocrx_word' id='word_1_425' title='bbox 1383 2821 1448 2856; x_wconf 87' lang='lat' dir='ltr'>hoc</span> <span class='ocrx_word' id='word_1_426' title='bbox 1466 2822 1587 2855; x_wconf 73' lang='lat' dir='ltr'>ordine</span> <span class='ocrx_word' id='word_1_427' title='bbox 1605 2822 1685 2856; x_wconf 83' lang='lat' dir='ltr'><strong>A.n.</strong></span> <span class='ocrx_word' id='word_1_428' title='bbox 1703 2822 1818 2866; x_wconf 76' lang='grc' dir='ltr'>ἀγνοεῖ</span> <span class='ocrx_word' id='word_1_429' title='bbox 1833 2829 1912 2866; x_wconf 81' lang='lat' dir='ltr'>post</span> 
     </span>
     <span class='ocr_line' id='line_1_49' title="bbox 336 2864 1910 2911; baseline 0.002 -13"><span class='ocrx_word' id='word_1_430' title='bbox 336 2864 460 2908; x_wconf 77' lang='grc' dir='ltr'>ἡμέραν</span> <span class='ocrx_word' id='word_1_431' title='bbox 478 2866 674 2909; x_wconf 81' lang='lat' dir='ltr'>transponit</span> <span class='ocrx_word' id='word_1_432' title='bbox 693 2865 757 2901; x_wconf 83' lang='lat' dir='ltr'>Ed.</span> <span class='ocrx_word' id='word_1_433' title='bbox 974 2877 1029 2911; x_wconf 84' lang='lat'>23.</span> <span class='ocrx_word' id='word_1_434' title='bbox 1057 2865 1107 2911; x_wconf 76' lang='grc' dir='ltr'>ἐν]</span> <span class='ocrx_word' id='word_1_435' title='bbox 1132 2871 1166 2907; x_wconf 60' lang='lat'>4-</span> <span class='ocrx_word' id='word_1_436' title='bbox 1189 2869 1228 2910; x_wconf 83' lang='grc' dir='ltr'>τῇ</span> <span class='ocrx_word' id='word_1_437' title='bbox 1247 2879 1281 2901; x_wconf 88' lang='lat' dir='ltr'>n.</span> <span class='ocrx_word' id='word_1_438' title='bbox 1488 2869 1543 2903; x_wconf 82' lang='lat'>26.</span> <span class='ocrx_word' id='word_1_439' title='bbox 1570 2868 1644 2902; x_wconf 78' lang='grc' dir='ltr'>ἐστι</span> <span class='ocrx_word' id='word_1_440' title='bbox 1662 2869 1715 2902; x_wconf 79' lang='grc' dir='ltr'>καὶ</span> <span class='ocrx_word' id='word_1_441' title='bbox 1733 2869 1834 2902; x_wconf 75' lang='grc' dir='ltr'>αὐτοῦ</span> <span class='ocrx_word' id='word_1_442' title='bbox 1852 2871 1910 2902; x_wconf 81' lang='grc' dir='ltr'>τοῦ</span> 
     </span>
     <span class='ocr_line' id='line_1_50' title="bbox 336 2910 1322 2958; baseline 0.004 -15"><span class='ocrx_word' id='word_1_443' title='bbox 336 2912 416 2945; x_wconf 78' lang='grc' dir='ltr'>Υἷοῦ</span> <span class='ocrx_word' id='word_1_444' title='bbox 433 2910 499 2945; x_wconf 88' lang='lat' dir='ltr'>hoc</span> <span class='ocrx_word' id='word_1_445' title='bbox 517 2911 637 2946; x_wconf 87' lang='lat' dir='ltr'>ordine</span> <span class='ocrx_word' id='word_1_446' title='bbox 655 2912 737 2947; x_wconf 85' lang='lat' dir='ltr'>A.n.</span> <span class='ocrx_word' id='word_1_447' title='bbox 759 2912 831 2947; x_wconf 79' lang='grc' dir='ltr'>ἐστι</span> <span class='ocrx_word' id='word_1_448' title='bbox 850 2918 927 2957; x_wconf 79' lang='lat' dir='ltr'>post</span> <span class='ocrx_word' id='word_1_449' title='bbox 944 2914 1024 2946; x_wconf 85' lang='grc' dir='ltr'>Υῖοῦ</span> <span class='ocrx_word' id='word_1_450' title='bbox 1042 2914 1237 2958; x_wconf 84' lang='lat' dir='ltr'>transponit</span> <span class='ocrx_word' id='word_1_451' title='bbox 1257 2913 1322 2948; x_wconf 87' lang='lat' dir='ltr'>Ed.</span> 
     </span>
    </p>
   </div>
  </div>
 </body>
</html>
