1981 3267
289 150 345 188 38
666 150 716 190 B.
751 150 1026 191 CYRILLI
1068 150 1451 191 ALEXANDR.
1669 148 1783 189 xviii.
1809 161 1875 202 23.

223 305 518 363 23‘Anexpiou
558 307 674 360 αὐτῷ
712 308 734 348 ὁ
766 307 932 348 ἸΗσοῦς
973 304 1017 347 Εἰ
1057 306 1200 347 κακῶς
1236 306 1442 358 ἐλάλΗσα,
1473 307 1742 363 μαρτύρΗσον
1780 305 1877 360 Περὶ

590 393 664 432 τοῦ
701 394 849 432 κακοῦ·
897 388 933 431 εἰ
971 390 1017 431 δὲ
1057 390 1213 442 καλῶς,
1250 389 1289 432 τί
1325 406 1376 439 με.
1414 389 1579 447 δέρεις,

363 503 644 556 Ἀδικοῦντα
678 503 763 569 μὲν
795 505 904 555 λίαν
934 503 1116 572 ἐλέγχει
1149 504 1232 555 τὸν
1259 503 1504 570 ὑπηρέτην,
1532 506 1609 554 καὶ
1645 503 1772 570 ε’ίπερ
1809 525 1879 557 τις

291 585 350 650 ἧν
391 588 416 637 ὁ
455 587 722 652 κρινόμενος
764 591 859 638 τῶν
897 587 951 638 οὐ
992 586 1188 654 σφόδρα
1228 589 1478 653 λαμπρῶν.
1546 585 1743 650 πλήττει
1783 584 1878 651 γὰρ

293 669 529 723 ἀσυνέτως
566 668 619 720 ’ὸν
645 669 820 733 ἥκιστα
852 672 986 736 χρῆν,
1014 669 1098 719 οὐκ
1133 668 1379 733 ἐκθέσμοις
1408 667 1618 736 ῥήμασιν
1644 671 1706 721 εἷς
1739 673 1878 718 τοῦτο
1899 683 1920 721 5

68 762 277 799 1028A.a
294 752 599 815 κεκινημένος,
625 751 772 818 ἤγουν
797 752 959 818 ἑτέραν
983 749 1087 802 τινὰ
1117 756 1200 802 τοῦ
1226 750 1435 817 θράσους
1461 751 1582 818 ἔχων
1608 749 1693 814 τὴν
1719 752 1874 818 ἀφορ-

69 1979 112 2009 Su
119 1990 176 2020 pra

70 2024 125 2054 vii.
144 2023 195 2061 46.

292 833 399 897 μὴν,
441 835 490 884 ἐκ
532 833 678 898 μόνης
728 832 777 884 δὲ
825 838 1018 897 μᾶλλον
1056 836 1140 898 τῆς
1184 834 1394 902 ἐμφύτου
1434 833 1601 897 μανίας
1646 837 1708 887 εἷς
1751 834 1878 898 ἠθῶν

291 915 549 982 ἀγριότητα
587 919 877 983 θηριοπρεπῆ
917 915 1284 980 κατωθούμενος.
1339 915 1670 983 κατηγόρησον
1702 915 1809 982 γὰρ,
1841 919 1879 966 εἰ

292 1000 432 1061 δοκεῖ,
462 1001 536 1050 καὶ
572 1003 667 1050 τῶν
692 999 927 1065 ἡμετέρων
958 997 1275 1065 καταγωνίζου
1310 998 1484 1065 λόγων,
1512 1001 1575 1053 ὡς
1610 999 1693 1049 οὐκ
1727 999 1879 1064 ὀρθῶς

292 1080 557 1147 εἰρημένων·
623 1085 660 1132 εἷ
707 1080 755 1132 δὲ
798 1087 938 1133 τοῦτο
980 1085 1130 1132 ποιεῖν
1164 1082 1218 1131 οὐ
1256 1080 1470 1143 δύνασαι,
1507 1080 1731 1146 πλήττεις
1771 1079 1877 1132 ἄνθ’
1903 1095 1950 1119 10

292 1162 402 1213 ὅτου
429 1162 598 1215 λοιπὸν
625 1164 708 1215 τὸν
733 1162 1033 1230 ἀνεγκλήτως
1059 1162 1390 1232 φθεγξάμενον
1413 1186 1425 1226 3

368 1245 684 1312 Τετριμμένος
720 1246 805 1310 μὲν
844 1247 926 1297 οὖν
965 1247 1128 1297 οὑτοσὶ
1173 1248 1248 1296 καὶ
1291 1245 1486 1314 σφόδρα
1530 1245 1739 1311 συνήθης
1783 1251 1879 1300 τοῖς

294 1328 568 1393 θεωρήμασι
613 1327 773 1395 λόγος·
847 1326 975 1392 οἶμαι
1025 1327 1074 1379 δὲ
1123 1327 1270 1394 ε”γωγε
1320 1327 1406 1393 τὴν
1449 1334 1532 1379 τοῦ
1575 1330 1880 1396 προκειμένου

249 1412 276 1452 b
296 1409 491 1473 δύναμιν
523 1410 730 1477 ἑτέρωσέ
757 1433 838 1462 ποι
873 1415 1058 1478 χωρεῖν.
1113 1409 1341 1478 διελέγχει
1374 1410 1468 1477 γὰρ
1505 1410 1621 1466 ἴσως
1655 1410 1737 1462 τὸν
1763 1414 1880 1476 ὑπη-

293 1491 444 1558 ρέτην,
472 1494 534 1546 ὡς
560 1494 808 1544 ἀδικοῦντα
834 1492 1065 1559 μειζόνως,
1093 1493 1179 1560 οὐχ
1205 1492 1275 1544 ὅτι
1307 1492 1530 1545 πέπαικεν
1556 1495 1737 1553 ἁπλῶς,
1767 1496 1877 1545 ἀλλ’
1905 1502 1950 1540 15

293 1573 365 1625 ὅτι
402 1573 799 1640 προτεθαυμακὼς
836 1576 925 1640 ἠδη
964 1598 1047 1626 τον
1078 1574 1432 1639 διδάσκαλον,’
1410 1577 1478 1627 επ’
1507 1577 1656 1627 ουδενι
1695 1575 1744 1628 δὲ
1783 1581 1882 1628 νυνὶ

294 1679 566 1722 καταγνους,
594 1656 828 1722 ἀτιμάζειν
863 1657 1106 1724 ἠνέσχετο.
1156 1681 1193 1708 ει
1231 1657 1315 1720 μὲν
1344 1657 1438 1724 γὰρ
1477 1659 1564 1726 οὐχ
1602 1659 1729 1724 ἥλως
1767 1659 1881 1711 ποτὲ

293 1742 389 1792 τοῖς
415 1740 523 1804 παρ’
552 1741 677 1802 ἐμοῦ,
707 1740 844 1806 φησὶ,
872 1738 1049 1805 λόγοις’
1093 1743 1130 1790 εἰ
1164 1738 1229 1804 μή
1265 1762 1346 1790 σοι
1381 1739 1440 1790 τὰ
1474 1740 1716 1793 κάλλιστα
1747 1740 1875 1793 διδά-

294 1843 428 1871 σκειν
471 1820 660 1872 ἐδόκουν
703 1844 779 1872 και
821 1820 1092 1890 παράδοξός
1143 1844 1212 1874 τις
1263 1820 1378 1872 εἶναι
1425 1823 1739 1921 πεπίστευμαι
1787 1828 1882 1874 τῶν

295 1904 430 1968 ἱερῶν
464 1902 757 1970 γραμμάτων
791 1903 1040 2005 ἐξηγητής·
1089 1907 1126 1954 εὶ
1164 1902 1230 1968 μὴ
1268 1903 1407 1958 αὐτὸς
1444 1904 1574 1969 ἦσθα
1612 1906 1716 1957 τότε
1753 1910 1882 1967 βοῶν
1903 1923 1952 1948 20

295 1991 323 2014 ‘⁶
350 1985 592 2036 Οὐδεποτε
617 1985 857 2051 ἐλάλησεν
882 1988 1028 2039 οὕτως
1060 1985 1355 2052 ἅνθρωποςγ
1394 1986 1518 2054 τάχα
1551 2011 1620 2041 τις
1654 1987 1712 2053 ἧν
1737 1987 1882 2054 λόγος

295 2073 395 2121 ταῖς
422 2073 530 2122 σαῖς
563 2068 790 2135 ἀπειριαις
825 2067 1054 2122 ἐπιδιδούς
1089 2091 1172 2119 τον
1198 2067 1344 2132 ἔλεον,
1371 2070 1446 2119 καὶ
1478 2072 1561 2133 τῆς
1595 2072 1670 2121 ἐπι
1703 2069 1884 2124 τούτοις

254 2151 443 2203 οαῖτίας
474 2150 566 2219 ἔξω
601 2153 757 2203 τιθείς·
807 2151 962 2215 ἐπειδὴ
1003 2150 1052 2201 δὲ
1091 2150 1237 2216 ἔγνως
1275 2174 1323 2202 τε
1360 2153 1435 2202 καὶ
1475 2151 1769 2216 τεθαύμακας
1807 2153 1884 2202 καὶ

293 2233 377 2283 οὐκ
412 2230 471 2283 ἂν
501 2232 632 2295 ἴσως,
660 2234 798 2302 φησὶ,
823 2237 917 2284 τῶν
949 2235 1072 2297 ἐμῶν
1103 2232 1522 2301 κατεμαρτύρησας
1556 2235 1729 2301 λόγων,
1756 2238 1794 2286 εἰ
1828 2234 1882 2286 τὸ

293 2317 376 2376 τῆς
402 2315 568 2365 ἑαυτοῦ
595 2317 943 2379 διαμεμνῆσθαι
969 2318 1131 2383 φωνῆς
1156 2314 1204 2366 ε”ν
1229 2339 1283 2381 γε
1309 2318 1376 2385 τῷ
1401 2315 1600 2384 παρόντι
1626 2317 1882 2384 διελογίζου
1902 2331 1950 2368 25

297 2395 463 2458 καλὸν,
503 2401 605 2450 πῶς
650 2398 733 2447 οὐκ
780 2396 1156 2465 ἀπροφάσιστον
1194 2398 1316 2465 ε”χοις
1359 2397 1445 2462 τὴν
1486 2399 1748 2465 ἁμαρτίαν,
1805 2401 1881 2449 καὶ

292 2483 589 2543 προσβαλεῖς
622 2478 706 2543 μὲν
733 2481 930 2530 τοιῶσδε
966 2484 1062 2532 τοῖς
1098 2480 1387 2545 θεωρήμασι·
1436 2480 1565 2545 πλὴν
1592 2481 1722 2532 ἔστιν
1748 2484 1878 2542 ἰδεῖν,

295 2561 357 2613 ὡς
393 2559 682 2626 ἀσύγκριτόν
707 2583 811 2611 τινα
845 2562 922 2611 καὶ
957 2562 1175 2629 ὑπερφυᾶ
1209 2565 1292 2626 τῆς
1326 2567 1388 2616 εἷς
1424 2563 1567 2630 ἅίκρον
1592 2563 1883 2632 ἀνεξικακίας

294 2643 343 2691 ἐν
379 2641 559 2695 τούτοις
598 2642 707 2706 ἡμῖν
746 2643 771 2692 ὁ
812 2642 979 2708 Σωτὴρ
1023 2642 1317 2713 καταγράφει
1365 2643 1448 2695 τὸν
1485 2644 1647 2707 τύπον,
1688 2648 1763 2696 καὶ
1801 2648 1883 2709 τῆς

295 2721 519 2774 ἀνωτάτω
546 2725 620 2774 καὶ
648 2725 935 2792 ὑπερφεροῦς
961 2724 1245 2790 ἡμερότητος
1268 2724 1355 2789 τὴν
1383 2726 1521 2789 ἰδέαν,
1548 2729 1610 2780 ὡς
1638 2728 1686 2777 ἐν
1711 2726 1882 2780 εἰκόνος
1904 2740 1954 2776 30

251 2804 426 2874 (Ιτάξει
471 2810 695 2873 λαμπρᾶς
741 2808 974 2857 ἀνατυποῖ
1012 2805 1071 2856 τὰ
1113 2806 1220 2857 καθ’
1262 2806 1441 2860 ἑαυτόν.
1510 2809 1534 2858 ὁ
1570 2807 1664 2875 γάρ
1703 2810 1768 2860 ἑνὶ
1806 2812 1882 2860 καὶ

926 2967 981 3003 25.
1008 2973 1047 3003 γε
1067 2958 1108 2993 Ε.
1127 2972 1163 2992 τε
1183 2958 1249 2992 Ed.
