2012 3272
123 127 233 178 vi.4‚
257 136 320 182 15.
389 126 457 166 IN
493 124 834 166 EPISTOLAM
868 125 902 165 I.
941 123 1023 164 AD
1061 122 1447 164 CORINTHIOS.
1624 125 1707 165 263

1826 198 1875 229 M.

118 239 308 297 μᾶλλον
341 235 483 300 λε’γει,
523 234 629 288 τοὺς
670 234 756 298 τὴν
792 235 968 285 ἑαυτῶν
1009 231 1160 300 ἀρχὴν
1201 233 1255 282 οὐ
1298 231 1623 299 τετηρηκότας,
1661 198 1925 284 οἲὲῖῐῗιιῑειρὲ.

117 315 295 367 ἄνωθεν
321 315 450 370 ὄντες
488 318 564 367 καὶ
601 315 798 380 σώμασι
833 320 928 368 τοῖς
970 314 1064 366 ἀπὸ
1103 316 1190 380 γῆς
1230 315 1283 365 οὐ
1314 314 1702 382 πεφορτισμένοι,

116 397 541 464 κατακριθήσονται
581 396 670 448 ὑπὸ
709 402 804 448 τῶν
842 397 989 463 ἁγίων
1023 395 1142 447 κατὰ
1181 395 1262 446 τὸν
1298 395 1405 446 ἴσον
1431 397 1496 464 τῷ
1535 394 1701 465 κόσμῳ

114 477 290 544 τρόπον
316 479 391 530 διὰ
427 482 509 543 τῆς
543 483 637 530 τῶν
669 480 815 545 ἁγίων
840 479 1091 541 ἐπιεικείας,
1118 477 1189 546 ἐφ’
1219 476 1372 528 ἅπασι
1405 482 1501 530 τοῖς
1534 477 1697 544 αἰσχί-

73 578 249 636 ξστοις
294 560 702 627 κατηγορούμενοι.
764 564 801 610 εἱ
848 561 929 610 οὖν
968 561 1189 626 ἀγγελῶν
1228 559 1441 616 ἀμείνους
1481 562 1524 610 οἱ
1562 558 1700 624 ἅγιοι,

115 647 216 696 πῶς
250 643 430 711 ἀνάξιοι
465 643 711 708 κριτηρίων
736 642 1004 709 ἐλαχίστων
1031 639 1118 692 εἶεν
1145 640 1202 691 ἂν
1228 645 1322 692 τῶν
1347 642 1421 691 ἐπὶ
1447 640 1701 708 πράγμασι
1720 653 1826 728 {upra
1839 666 1904 687 ver.

116 730 358 788 κοσμικοῖς
378 747 388 785 ;

1721 794 1776 827 56
1800 793 1861 829 Μ.

441 850 623 893 Βιωτικὰ
661 851 737 900 μὲν
776 848 848 891 οὖν
888 851 1083 907 κριτήρια
1121 851 1197 892 ἐὰν
1235 850 1373 906 ἕχΗτε.
1722 875 1742 908 4

191 963 377 1031 Μικρὸν
403 967 568 1029 κομιδῆ
594 968 668 1016 καὶ
695 970 777 1015 τοῦ
801 963 998 1029 μηδενὸς
1024 964 1159 1033 ἄξιον
1182 969 1278 1018 τοῖς
1304 964 1428 1030 ἄγαν
1454 963 1700 1016 ἐπιεικέσιν

47 1048 162 1098 ΙΟὲν
200 1048 430 1116 ἐκκλησίᾳ
464 1045 518 1098 τὸ
558 1048 727 1113 κρίνειν
765 1048 867 1097 ἐστὶ
907 1046 965 1098 τὰ
1003 1046 1215 1106 βιωτικά·
1271 1045 1618 1109 πεπαιδεύμεθα
1651 1045 1700 1097 δὲ

114 1130 190 1179 καὶ
228 1135 366 1180 τοῦτο
404 1128 534 1195 παρὰ
570 1135 653 1180 τοῦ
698 1128 890 1195 Κυρίου·
954 1127 1158 1196 προσῄει
1200 1128 1285 1192 μὲν
1330 1127 1424 1194 γάρ
1464 1151 1532 1182 τις
1575 1129 1701 1198 αὐτῷ

114 1211 270 1276 λέγων
308 1218 335 1240 “
353 1211 631 1262 Διδάσκαλε
671 1210 767 1262 εἰπὲ
805 1215 871 1279 τῷ
910 1212 1105 1280 ἀδελφῷ
1142 1234 1233 1273 μου
1271 1210 1562 1276 μερίσασθαι
1599 1209 1698 1274 μετ’
1718 1217 1751 1290 ξ
1769 1216 1849 1290 Lluc.
1868 1217 1926 1249 xii.

116 1299 143 1322 “
169 1295 280 1356 ἐμοῦ
320 1293 405 1357 τὴν
431 1293 763 1360 κληρονομίαν·
814 1294 839 1343 ὁ
866 1291 913 1343 δὲ
946 1291 1066 1359 πρὸς
1092 1292 1233 1343 αὐτόν
1263 1290 1533 1358 ”Ανθρωπε,
1562 1293 1700 1359 φησὶ,
1742 1270 1770 1300 3'
1806 1271 1836 1300 4'

116 1380 143 1403 ⁶⁶
167 1375 236 1428 τίς
265 1398 321 1437 με
348 1374 613 1439 κατέστησε
645 1373 806 1440 κριτὴν
839 1373 867 1438 ὴ
900 1374 1129 1440 μεριστὴν
1167 1374 1244 1443 ἐφ’
1283 1375 1401 1437 ὑμᾶς
1424 1374 1470 1433 ;”
1530 1373 1702 1438 πρέποι

48 1480 95 1519 15
114 1454 208 1521 γὰρ
234 1454 292 1506 ἂν
317 1461 508 1519 μᾶλλον
533 1458 607 1507 καὶ
635 1457 1008 1523 νουνεχεστεροις
1034 1457 1082 1506 ἐν
1108 1456 1339 1524 ἐκκλησίᾳ
1364 1455 1418 1505 τὸ
1447 1456 1617 1520 κρίνειν
1643 1454 1701 1505 τὰ

113 1536 414 1601 πνευματικὰ,
441 1536 496 1589 τὸ
520 1537 792 1604 βασανίζειν
817 1538 1041 1604 εὐτέχνως
1067 1536 1150 1588 τὸν
1175 1539 1280 1603 περὶ
1306 1537 1512 1590 πίστεως
1538 1535 1699 1603 λόγον·

114 1619 413 1684 ε’νηρίθμηται
452 1618 500 1670 δὲ
538 1625 678 1670 τοῦτο
716 1623 812 1672 τοῖς
853 1618 1032 1670 ἄνωθεν
1074 1621 1149 1669 καὶ
1186 1617 1261 1668 διὰ
1299 1624 1383 1669 τοῦ
1424 1618 1700 1680 Πνεύματος

113 1701 323 1766 ἀγαθοῖς·
373 1702 548 1752 δίδοται
572 1700 664 1766 γάρ
691 1723 788 1751 τισι
814 1699 958 1766 λόγος
984 1700 1161 1769 σοφίας
1187 1701 1263 1751 καὶ
1289 1699 1435 1766 λόγος
1462 1700 1698 1765 γνώσεως,
1717 1709 1810 1741 Infra
1826 1711 1882 1742 xii.

112 1783 281 1851 ἑτέροις
308 1781 357 1834 δὲ
382 1785 456 1834 καὶ
483 1781 713 1849 διάκρισις
737 1781 1031 1846 πνευμάτων.
1717 1754 1811 1791 8Ἰα

44 1956 95 1981 20
214 1942 301 1984 Οὐκ
340 1939 487 1984 οἴδατε
524 1945 588 1984 ὅτι
625 1941 676 1984 τὰ
715 1941 894 1992 σώματα
933 1942 1051 1991 ὑμῶν
1089 1944 1198 1991 μέλΗ
1238 1944 1417 1999 Χριστοῦ
1455 1942 1596 1995 ἐστιν,
1721 1955 1767 1994 15

188 2059 299 2109 Πῶς
338 2055 397 2107 ἂν
437 2054 526 2107 εἶεν
570 2059 684 2125 μέλη
725 2058 909 2123 Χριστοῦ
946 2056 1005 2107 τὰ
1047 2056 1214 2120 ἡμῶν;
1264 2056 1431 2123 ἔχομεν
1470 2054 1612 2106 αὐτὸν
1651 2057 1699 2106 ἐν

111 2139 288 2191 ἑαυτοῖς
323 2142 561 2202 αἰσθητῶς
596 2161 645 2189 τε
680 2140 756 2189 καὶ
792 2142 982 2202 νοητῶς·
1037 2143 1243 2189 κατοικεῖ
1272 2137 1357 2200 μὲν
1393 2137 1487 2203 γὰρ
1521 2139 1569 2187 ἐν
1599 2141 1699 2190 ταῖς

112 2220 318 2286 καρδίαις
352 2220 484 2283 ἡμῶν
511 2218 588 2270 διὰ
621 2224 703 2270 τοῦ
732 2218 1021 2283 Πνεύματος,
1048 2218 1404 2285 μετεσχήκαμεν
1429 2217 1478 2269 δὲ
1505 2221 1580 2268 καὶ
1616 2219 1699 2280 τῆς

111 2301 247 2367 ἁγίας
285 2303 427 2352 αὐτοῦ
461 2300 652 2367 σαρκὸς,
690 2299 960 2366 ἡγιάσμεθά
995 2323 1043 2351 τε
1081 2303 1262 2353 διττῶς·
1311 2301 1386 2351 καὶ
1430 2296 1698 2367 κατῴκηκεν

159 2460 190 2496 7.
218 2450 385 2485 Scholion
414 2451 443 2485 εἷ
469 2451 505 2485 δέ
532 2450 799 2496 ἔτι-ὑπεροχήν
825 2451 860 2485 in
888 2450 973 2485 haec
1002 2449 1109 2484 verba
1135 2449 1275 2484 exhibet
1301 2449 1419 2483 Maius
1444 2461 1462 2483 e
1487 2448 1606 2483 codice
1632 2460 1697 2483 suo

110 2498 266 2542 margine
291 2509 470 2542 apponens
498 2497 576 2531 “In
602 2509 713 2542 marg.
738 2497 933 2543 Ὠριγένους
957 2497 1079 2542 ὁμοίως
1103 2497 1157 2531 καὶ
1175 2496 1388 2542 Κυρίλλου,”
1416 2502 1499 2530 sunt
1521 2500 1637 2529 autem
1657 2495 1695 2530 S.

111 2544 355 2589 Chrysostomi
371 2544 498 2584 omnia,
519 2543 628 2578 Hom.
647 2545 687 2578 16
705 2543 748 2578 ad
766 2545 832 2579 loc.
850 2556 884 2588 p.
902 2544 965 2588 138
985 2555 1014 2578 c.
1282 2554 1315 2587 9.
1342 2541 1474 2587 Μικρὸν
1489 2542 1555 2587 γὰρ
1577 2542 1694 2585 κομιδῆ

109 2591 230 2635 incipit
250 2590 298 2625 H.
371 2589 569 2636 ἐπιεικέσιν]
594 2594 632 2631 -Ι-
653 2591 706 2624 καὶ
724 2590 925 2625 ἀπολέκτοις
945 2589 993 2624 Η.
1203 2600 1256 2624 ΙΟ.
1283 2589 1478 2633 ἐκκλησίαις
1498 2588 1547 2627 H.
1619 2589 1695 2623 ἐστι

108 2638 146 2671 τὸ
172 2637 293 2681 κρίνειν
316 2637 454 2671 inverso
479 2637 601 2671 ordine
621 2636 669 2670 H.
727 2637 812 2671 Post
835 2637 988 2678 βιωτικά,
1007 2636 1121 2681 pergit
1141 2635 1232 2669 ἀλλὰ
1249 2639 1315 2670 τῶν
1332 2638 1563 2679 πνευματικῶν
1586 2635 1696 2669 πολὺν

108 2684 280 2718 ποιεῖσθαι
309 2684 415 2727 λόγον
440 2684 494 2717 καὶ
522 2683 701 2727 διακρίνειν
727 2683 762 2717 ἐν
786 2684 951 2723 βασάνοις
979 2683 1030 2718 τίς
1058 2683 1093 2716 ἐν
1116 2682 1220 2728 Ἀγίῳ
1250 2681 1419 2726 Πνεύματι
1446 2682 1574 2721 λαλῶν,
1600 2681 1694 2725 λέγει

110 2729 233 2774 Κύριον
248 2729 395 2773 Ἰησοῦν,
413 2730 463 2764 τίς
480 2729 516 2763 δέ
536 2729 570 2763 ἐν
586 2729 796 2772 βεελζεβοὺλ
816 2730 869 2763 καὶ
891 2730 946 2763 διὰ
968 2732 1068 2764 τοῦτο
1085 2728 1196 2772 λέγων
1212 2727 1379 2772 Ἀνάθεμα
1397 2727 1543 2771 Ἰησοῦς.
1594 2726 1695 2764 Quae

109 2787 188 2810 cum
208 2776 381 2810 incertum
398 2775 460 2809 ubi
477 2775 650 2820 ponenda,
670 2781 754 2809 nota
770 2775 924 2809 exhibui.
1037 2786 1093 2809 21.
1121 2775 1196 2808 Ine.
1215 2774 1312 2818 Μέλη
1330 2776 1476 2820 χριστοῦ
1494 2775 1534 2808 τὰ
1553 2775 1694 2816 σώματα

109 2821 201 2865 ἡμῶν
218 2823 324 2862 ἐστιν,
342 2821 418 2856 καθ’
437 2821 454 2855 ὃ
472 2823 530 2856 τὸν
546 2823 691 2866 χριστὸν
707 2822 830 2867 ἔχομεν
847 2821 882 2855 ἐν
902 2822 950 2855 Η.
1147 2831 1203 2855 22.
1228 2824 1352 2864 νοητῶς
1369 2827 1402 2855 et
1420 2821 1588 2862 αἰσθητῶς
1604 2819 1694 2852 inter

111 2879 147 2902 se
163 2868 360 2913 transponit
379 2868 427 2901 H.
561 2879 616 2912 23.
642 2867 719 2913 τοῦ]
746 2873 780 2908 -Ικ
802 2867 900 2913 ἁγίου
920 2868 968 2902 Η.
1033 2867 1219 2912 μετέχομεν
1238 2868 1286 2901 H.
1421 2878 1476 2908 24,
1502 2864 1692 2910 ἡγιάσμεθά

111 2928 146 2947 τε
163 2914 281 2949 διττῶς
299 2926 367 2949 orn.
388 2914 436 2949 H.
510 2915 655 2948 κατοικεῖ
674 2914 722 2950 H.
775 2914 900 2948 Statim
918 2913 1023 2949 οὕτως
1041 2913 1137 2948 addit
1158 2914 1204 2948 H.
