2012 3272
500 136 740 179 CONTRA
784 134 1247 176 SYNOUSIASTAS.
1588 135 1671 173 487

82 246 166 310 μὲν
217 247 298 297 οὖν
348 245 617 314 ἀπεφάνθαι
670 247 823 312 φασιν
874 243 1016 295 αὐτὸν
1066 246 1232 294 ἑαυτοῦ
1284 241 1540 307 κρείττονα,
1587 240 1673 304 τὴν

82 329 254 392 ἀμείνω
280 331 451 397 ψῆφον
482 328 805 391 ἐκνενομίκασι
840 330 897 394 τῇ
924 327 1067 392 σαρκὶ
1102 326 1156 375 δι’
1186 323 1243 388 ἢν
1271 326 1344 375 ἐπὶ
1375 322 1429 374 τὸ
1457 325 1667 388 ὑπερκεί-

82 432 222 473 μενον
250 409 561 474 ἀναπηδήσας
597 410 774 475 ὁρᾶται.
821 412 857 458 εἰ
893 407 941 458 δὲ
976 413 1115 458 τοῦτο
1143 405 1228 470 μὲν
1255 407 1371 472 οὐχὶ,
1399 406 1675 456 καθίκεσθαι

83 490 132 542 δὲ
170 495 362 554 μᾶλλον
400 493 473 542 ἐπὶ
511 490 566 541 τὸ
604 494 747 554 μεῖον,
790 490 1013 554 ἠδίκησεν
1051 488 1143 555 ἄρα
1182 490 1256 539 καὶ
1295 486 1437 538 αὑτὸν
1474 486 1503 550 ἡ
1543 485 1677 554 σὰρξ

43 572 206 627 5καθά
251 576 327 624 καὶ
372 571 492 637 ἡμᾶς
538 572 719 634 αὐτοὺς,
767 573 915 622 καίτοι
958 571 1166 622 καθεῖναί
1206 575 1363 637 φαμεν
1408 568 1573 620 ἑαυτὸν
1613 571 1675 620 εἷς

85 655 288 705 κένωσιν
325 656 402 705 καὶ
444 654 530 718 τὴν
569 655 669 705 καθ’
711 655 831 718 ἡμᾶς
870 653 1097 716 ὁμοίωσιν
1138 653 1356 703 ὑπελθεῖν
1394 651 1480 717 οὐχ
1519 650 1594 700 ἵνα
1631 671 1675 699 τι

84 735 250 788 παθὼν
289 736 427 790 αὐτὸς
466 741 527 790 εἷς
564 736 685 787 ἰδίαν
719 737 868 805 ὁρῷτο
909 736 1070 803 φύσιν,
1099 734 1210 785 ἀλλ’
1238 734 1293 784 ἵν’
1324 733 1443 796 ἡμᾶς
1481 732 1589 785 τοὺς
1627 733 1676 782 ἐν

86 821 229 885 σαρκὶ
268 821 343 869 καὶ
382 820 541 882 αἵματι
575 818 754 884 σαρκὸς
793 817 1017 885 ἀποφήνῃ
1056 818 1318 883 κρείττονας
1357 817 1433 865 καὶ
1471 819 1566 864 τῶν
1593 817 1676 878 τῆς

87 901 449 966 ἀνθρωπότητος
476 923 658 967 μετρων
689 900 897 951 ε’πεκεινα
931 904 992 953 εἰς
1028 899 1151 952 υἱοὺς
1189 897 1413 965 ἀποφήνῃ
1442 899 1585 947 Θεοῦ.
1638 899 1676 946 εἰ

20 1003 68 1029 10
87 981 135 1033 δὲ
185 982 307 1033 καθά
351 986 505 1051 φασιν
548 986 590 1033 οἱ
634 981 994 1048 διεστραμμενοι
1045 1002 1362 1046 συγκεκραται
1406 982 1463 1046 τῇ
1508 1000 1672 1044 σαρκι,

86 1067 384 1131 παρενεχθεις
436 1069 498 1118 εἷς
550 1064 663 1130 ὅπερ
714 1065 797 1115 οὐκ
838 1062 909 1127 ἦν,
953 1068 1053 1116 πῶς
1098 1063 1181 1113 οὐκ
1226 1061 1482 1126 ἠδικῆσθαι
1523 1063 1676 1128 φασιν

87 1169 229 1197 αυΤΟῙΙ
257 1147 441 1210 ἐννΟΕίΙ),
470 1170 552 1197 om<
579 1147 699 1215 ἔχων
724 1169 848 1214 Ταχα
886 1169 980 1197 7ΤΟυ
1018 1168 1094 1195 Καί,
1127 1168 1241 1195 am’o
1269 1166 1322 1194 ΤΟ
1358 1141 1472 1193 et'lsoec
1511 1141 1675 1210 μθρφὴ

87 1235 171 1280 τοῦ
213 1228 438 1296 Πατρός-ς
501 1229 634 1280 εἰκών
670 1252 718 1280 τε
759 1231 835 1279 καὶ
886 1236 913 1257 “
943 1226 1186 1296 χαρακτὴρ
1230 1229 1312 1290 τῆς
1365 1225 1676 1278 ὑποστάσεως
1694 1246 1783 1277 Heb.
1799 1245 1821 1278 i.
1840 1256 1868 1286 5-

89 1318 116 1340 ‘⁶
142 1311 317 1362 αὐτοῦ”
354 1309 750 1377 προσαποβαλὼν
786 1310 1061 1376 εὑρίσκεται,
1089 1310 1164 1359 καὶ
1198 1310 1246 1358 ἐν
1273 1305 1457 1370 ἰσότητι
1483 1305 1567 1370 μὲν
1594 1307 1677 1357 οὐκ

23 1391 154 1452 Ῑ5ἕτι
193 1396 250 1459 τῇ
275 1390 394 1459 πρὸς
433 1392 587 1455 αὐτὸν,
622 1394 670 1443 ἐν
711 1393 874 1461 ὑφέσει
916 1391 963 1443 δὲ
1007 1396 1199 1455 μᾶλλον
1238 1391 1313 1440 καὶ
1353 1390 1677 1458 ὑποβιβασμῷ

90 1473 280 1544 φύσεώς
305 1497 352 1525 τε
378 1476 453 1525 καὶ
480 1473 637 1543 δόξης.

893 1594 904 1612 t

846 1618 919 1647 ια.

155 1713 256 1766 ςΗν
281 1715 366 1778 μὲν
386 1715 466 1765 οὖν
483 1714 696 1782 χαλεπὸν
718 1713 863 1777 οὐδὲν,
883 1713 1091 1764 πλεῖστά
1108 1736 1157 1764 τε
1179 1712 1272 1764 ὅσα
1300 1714 1376 1763 καὶ
1401 1714 1562 1779 ἀπηχῆ
1582 1716 1679 1765 τοῖς·

89 1797 339 1864 εἰρημένοις
357 1798 634 1863 ἐπενεγκεῖν·
677 1798 847 1864 χρῆναι
866 1795 913 1846 δὲ
940 1793 1066 1859 οἶμαι
1085 1800 1180 1846 τῶν
1202 1799 1261 1848 εἷς
1279 1794 1476 1846 ἀτοπίαν
1492 1796 1679 1844 ἐννοιῶν

23 1898 73 1924 20
91 1879 416 1948 ἀποφέρεσθαι
448 1883 623 1947 φιλεῖν.
676 1878 987 1944 παραιτητέον
1024 1878 1105 1928 οὖν
1144 1877 1235 1943 ἄρα
1270 1876 1354 1941 τὴν
1393 1875 1680 1942 σύγκρασιν,

89 1959 427 2027 παρελάσομεν
453 1960 546 2026 γὰρ
581 1961 702 2011 οὕτω
729 1961 804 2010 καὶ
836 1959 895 2010 τὰ
927 1961 1132 2010 ἐντεῦθεν
1158 1958 1344 2023 βλάβη.
1398 1956 1676 2023 παρεισκρί-

92 2065 217 2093 νεται
238 2042 294 2093 δέ
307 2065 377 2096 τις
397 2044 472 2093 καὶ
492 2042 644 2106 ἕτερος
671 2043 840 2105 αὐτοῖς,
862 2040 985 2092 καθά
1005 2046 1171 2109 φησιν,
1188 2044 1293 2106 περὶ
1316 2039 1494 2091 τούτων
1514 2038 1675 2104 λόγος.

91 2125 116 2175 ὁ
155 2129 248 2191 γάρ
286 2147 356 2175 τοι
396 2123 647 2177 θεσπέσιος
676 2127 873 2177 Παῦλος
912 2123 1171 2189 εὑρίσκεται
1206 2122 1460 2189 γεγραφώς
1492 2128 1518 2151 “
1539 2125 1597 2171 Εἰ
1633 2119 1680 2170 δὲ

92 2212 119 2235 “
145 2207 220 2256 καὶ
247 2205 514 2270 ἐγνώκαμεν
536 2204 654 2255 κατὰ
680 2204 838 2270 σάρκα
858 2203 1076 2271 Χριστὸν
1103 2203 1234 2254 ἀλλὰ
1258 2209 1340 2254 νῦν
1366 2203 1515 2253 οὐκέτι
1541 2203 1676 2267 γινώ-

26 2293 121 2339 25“
146 2287 370 2350 σκομεν.”
419 2288 585 2337 οὐκοῦν
623 2290 660 2337 εὶ
699 2285 763 2350 μὴ
802 2286 920 2337 κατὰ
960 2285 1119 2352 σάρκα
1158 2283 1375 2351 Χριστὸν
1410 2284 1679 2350 γινώσκετε,

93 2370 258 2435 φασὶν,
301 2367 621 2432 μεταβάλλειν
676 2367 856 2434 ἀνάγκη
913 2367 999 2432 τὴν
1049 2367 1208 2434 σάρκα
1263 2367 1433 2432 λέγειν,
1486 2369 1548 2420 ὡς
1594 2366 1681 2430 τὴν

92 2451 257 2501 ἑαυτοῦ
295 2456 378 2501 τοῦ
420 2450 579 2516 Λόγου
619 2450 768 2517 φύσιν
806 2448 920 2501 εἶναι
959 2452 1020 2503 ὡς
1050 2449 1171 2503 Θεὸς·
1209 2448 1506 2515 γινώσκεται.
1562 2448 1680 2549 φαίη

93 2533 130 2582 δ’
161 2530 218 2582 ἂν
244 2530 376 2595 οἶμαί
398 2555 466 2586 τις
493 2532 612 2598 πρὸς
646 2537 785 2583 τοῦτο
811 2531 944 2585 εὐθύς
962 2530 1073 2598 5Ap’
1103 2532 1184 2582 οὖν
1210 2532 1345 2594 ἡνικα
1380 2529 1437 2581 ἂν
1464 2530 1582 2598 λε’γῃ
1607 2532 1681 2580 καὶ

308 2618 328 2627 Α

1702 2134 1716 2155 2
1730 2124 1802 2156 Cor.
1813 2135 1846 2155 v.

92 2615 197 2679 περὶ
229 2614 360 2677 ἡμων
398 2620 425 2643 “
449 2617 513 2664 Οἱ
548 2612 598 2664 δὲ
629 2615 677 2664 ἐν
703 2636 844 2680 σαρκι
872 2613 1001 2667 ὅντες
1029 2617 1138 2664 Θεῶ
1165 2613 1331 2678 ἀρεσαι
1360 2612 1414 2662 οὐ
1441 2612 1675 2662 δύνανται·
1699 2627 1795 2658 Rom.
1810 2627 1878 2658 viii.

96 2696 173 2724 ‘a‘
1639 2692 1651 2708 “

27 2718 77 2754 30
152 2700 278 2759 υμεῖς
317 2696 364 2746 δὲ
403 2696 486 2746 οὐκ
521 2694 629 2746 ἐστε
665 2696 713 2746 ἐν
745 2717 901 2761 σαρκι,
929 2696 1040 2746 ἀλλ’
1082 2696 1131 2745 ἐν
1167 2694 1438 2758 πνεύματι,”
1477 2716 1682 2760 γυμνονς

143 2855 176 2886 4.
204 2843 241 2877 δέ
258 2854 328 2877 om.
347 2855 377 2877 c.
478 2853 530 2876 10.
556 2843 667 2887 φασιν
684 2842 876 2877 emendavi.
894 2845 1004 2887 φησιν
1020 2842 1088 2877 b.c.
1188 2854 1241 2876 11.
1267 2841 1484 2886 παρενεχθεὶς
1502 2841 1548 2876 εἷς
1565 2852 1683 2874 emen-

98 2889 188 2924 davi.
206 2890 473 2934 παρενεχθείσης
490 2890 560 2923 b.c.
637 2890 690 2922 18.
709 2892 768 2924 τοῦ
785 2890 887 2924 αὐτοῦ
905 2890 940 2923 ἐκ
957 2892 1016 2923 τοῦ
1034 2891 1135 2923 αὐτοῦ
1152 2891 1259 2933 λόγου
1277 2889 1342 2924 b.c.
1418 2898 1472 2921 21.
1494 2887 1635 2920 ἐνταῦθα
1652 2898 1681 2920 c.

98 2936 334 2981 παρακρίνεται
352 2948 381 2970 c.
490 2946 545 2969 22.
572 2937 663 2979 φασι
680 2935 715 2971 b.
823 2945 878 2978 25.
904 2935 1105 2981 γινώσκετε]
1125 2936 1172 2969 ita
1188 2936 1257 2970 b.c.
1369 2933 1423 2968 26.
1449 2932 1509 2978 ὡς]
1529 2933 1574 2968 εἷς
1592 2933 1658 2967 b.c.

1700 2671 1780 2712 89·
