2027 3257
105 226 275 269 [23M·]

165 1018 222 1051 24
242 1015 303 1050 M.

193 1901 238 1925 22
261 1900 315 1937 sq.

309 156 392 195 208
530 153 580 192 B.
614 148 861 191 CYRILLI
898 144 1247 187 ALEXANDR.
1288 139 1659 182 FRAGMENTA
1727 137 1799 177 vii.
1820 149 1885 178 22.

310 262 467 325 νόμον,
495 263 581 328 οὐχ
617 261 678 312 ὡς
713 261 794 321 τῆς
819 255 1046 320 ἁμαρτίας
1084 251 1138 302 τὸ
1178 250 1367 316 κε’ντρον
1393 246 1719 309 ἀπαμβλύνειν
1747 242 1886 311 ἰσχύ-

311 367 437 405 οντα,
456 344 559 393 οὔτε
578 341 671 405 μὴν
689 341 999 403 κατανεκροῦν
1019 332 1116 384 οἷόν
1138 356 1185 383 τε
1207 332 1292 395 τὴν
1311 333 1359 381 ἐν
1379 331 1488 394 ἡμῖν
1515 327 1758 393 ἁμαρτίαν,
1779 320 1888 375 ἀλλ’

311 429 372 480 ὡς
411 424 584 476 ἐνιέντα
623 420 767 485 μόνον
800 423 866 488 τῷ
906 422 970 487 νῷ
1008 415 1095 479 τὴν
1128 420 1210 465 τοῦ
1249 413 1577 480 συμφεροντος
1616 414 1812 475 γνῶσιν.
1856 410 1893 456 εἰ

312 507 405 574 γὰρ
444 506 549 569 ἐμοι
584 509 708 572 φησι
748 500 1023 568 παράκειται
1052 522 1096 548 το
1127 520 1263 547 κακον
1291 497 1353 548 ὡς
1388 496 1592 544 ἐνοικουν
1632 494 1689 557 τῇ
1728 510 1891 553 σαρκι,

317 585 702 649 κατακιβδηλεύει
742 583 890 649 γεμὴν
914 583 938 631 ὁ
974 579 1113 643 νόμος
1147 576 1272 639 αὐτο,
1314 575 1544 644 χαρίζεται
1583 572 1668 637 τὴν
1706 575 1889 623 ἐπικου-
1916 592 1938 630 5

315 672 421 737 ρίαν
460 692 534 720 και
574 672 742 718 νοεῖται
781 666 1073 727 σύμβουλος,
1101 661 1154 711 οὐ
1193 658 1286 723 μὴν
1312 659 1377 709 ἔτι
1417 680 1494 707 και
1533 652 1790 721 λυτρωτής·
1833 655 1903 702 δεῖ

318 753 366 803 δὲ
405 750 460 814 δὴ
499 749 686 803 πάντως
725 752 819 799 τοῖς
859 746 1161 811 ἀῤῥωστοῦσι
1191 741 1276 803 τὴν
1309 739 1553 805 ἁμαρτιαν,
1581 737 1634 786 οὐ
1667 739 1750 785 τοῦ
1786 736 1894 783 διει-

319 832 442 885 δεναι
478 830 622 894 μόνον
648 829 717 880 ὅτι
755 828 814 878 τὰ
847 826 1017 889 ἀμείνω
1052 821 1280 888 προσήκει
1318 825 1432 886 δρᾶν
1464 817 1642 879 αὐτους,
1670 814 1800 866 ἀλλα
1826 837 1901 865 και

320 921 402 966 τοῦ
439 913 671 964 δύνασθαι
707 913 965 974 κατορθοῦν
993 906 1112 971 ἅπερ
1139 904 1196 955 ἂν
1229 904 1277 954 εὖ
1305 903 1401 969 ε”χοι
1427 903 1503 952 καὶ
1528 903 1594 969 τῷ
1621 898 1747 967 νόμῳ
1775 900 1900 963 δοκῇ·

323 995 534 1060 καθαπερ
563 989 728 1056 ἀμέλει
762 1014 836 1041 και
865 994 960 1042 τοῖς
988 987 1234 1038 ἐθέλουσιν
1257 987 1513 1047 εὐδοκιμεῖν
1539 984 1586 1032 ἐν
1612 981 1783 1047 μάχαις
1821 979 1903 1028 οὐκ
1926 999 1974 1024 10

324 1079 512 1144 ἀπόχρη
532 1075 650 1141 πρὸς
676 1079 814 1125 τοῦτο
844 1070 998 1137 γυμνὴ
1028 1093 1102 1120 και
1129 1067 1248 1131 μόνη
1276 1071 1370 1117 τῶν
1396 1067 1625 1116 τακτικῶν
1651 1063 1678 1126 ἡ
1706 1061 1900 1124 εἴδησις,

325 1161 434 1211 ἀλλ’
483 1163 519 1209 εἰ
563 1177 899 1223 προσυπαρχοι
943 1151 1094 1220 τούτω
1140 1173 1214 1200 και
1262 1171 1316 1198 το
1366 1143 1591 1207 εὐσθενὲς,
1635 1141 1721 1194 εἷεν
1765 1140 1821 1192 ἂν
1864 1163 1906 1191 οι

325 1243 489 1293 τοιοιδε
529 1238 631 1289 τότε
671 1235 726 1300 δὴ
766 1235 904 1299 μόλις
943 1234 1155 1296 λαμπροὶ
1191 1233 1265 1281 καὶ
1298 1227 1610 1289 ἀπόβλεπτοι.
1666 1225 1831 1274 οὐκοῦν
1869 1245 1906 1272 ει

327 1323 537 1374 διδασκει
574 1343 656 1382 μεν
684 1321 708 1369 ὁ
737 1317 876 1381 νόμος
908 1339 962 1367 το
997 1317 1044 1365 ἐν
1071 1316 1265 1379 ἀγαθοῖς
1296 1308 1519 1376 εὐτεχνὲς,
1546 1307 1643 1357 κατ’
1673 1305 1835 1356 οὐδένα
1861 1303 1908 1354 δὲ

327 1405 503 1471 τρόπον
541 1408 636 1455 τοῖς
674 1395 1112 1461 πλεονεκτουμένοις
1146 1397 1376 1459 ἐπικουρεῖ
1410 1389 1496 1454 τὴν
1533 1388 1762 1453 ἁμαρτίαν
1789 1388 1906 1436 ἀπο·
1931 1408 1979 1446 15

329 1490 515 1553 νευρῶν,
543 1482 685 1536 καλος
713 1480 795 1545 μὲν
822 1480 892 1531 ότι
920 1502 995 1529 και
1023 1476 1326 1536 διδάσκαλος,
1358 1474 1410 1524 οὐ
1437 1471 1529 1536 μὴν
1556 1471 1620 1521 ε’τι
1648 1492 1721 1520 και
1746 1470 1794 1518 ἐν
1818 1466 1910 1517 ἰ’σω

330 1567 484 1637 χάριτι
524 1570 581 1634 τῇ
624 1563 698 1616 διὰ
730 1566 946 1628 Χριστοῦ
987 1555 1354 1623 καταλογισθειη
1394 1553 1451 1604 ἂν
1490 1551 1688 1613 εἰκότως,
1714 1555 1796 1601 τοῦ
1835 1548 1911 1598 καὶ

332 1654 519 1718 σοφοῦν
572 1645 821 1714 ισχύοντος
874 1644 949 1693 καὶ
1000 1639 1351 1705 ἀλκιμωτέρους
1401 1637 1519 1700 ἡμᾶς
1569 1632 1912 1701 ἀποφαινοντος

332 1737 415 1782 ΤΟῦ
446 1735 604 1781 ΚαΚΟῦ.

354 1879 600 1927 Συνήδομαι
640 1877 715 1934 Γὰρ
753 1878 815 1930 τῷ
852 1875 971 1928 νόμῳ
1007 1875 1081 1913 τοῦ
1120 1869 1229 1910 Θεοῦ
1270 1867 1376 1908 κατὰ
1413 1865 1486 1907 τὸν
1523 1864 1612 1906 ἔσω
1649 1862 1892 1917 ἄνθρωπον.
1936 1876 1986 1902 20

410 1982 496 2034 Ως
535 1981 655 2045 ἔφην
684 1978 788 2042 ἤδη,
815 1980 937 2044 διψᾷ
974 1973 1058 2039 μὲν
1095 1974 1119 2023 ὁ
1162 1977 1267 2024 νοῦς
1306 1969 1360 2020 τὸ
1404 1967 1665 2032 ἐλεύθερον,
1709 1965 1784 2014 καὶ
1824 1964 1918 2012 τῶν

339 2060 725 2124 διαβεβλημενων
764 2059 1081 2123 ἀπαλλακτιᾷ,
1122 2076 1194 2104 και
1235 2056 1335 2103 ταῖς
1365 2046 1588 2099 ἀνωτατω
1619 2049 1771 2109 τιμαῖς
1802 2065 1914 2093 στε-

340 2149 486 2211 φανοῖ
519 2166 601 2194 τον
629 2142 771 2204 νόμον
795 2143 856 2192 ὡς
890 2143 984 2189 τῶν
1019 2135 1299 2187 καλλίστων
1324 2128 1595 2196 εἰσηγητήν·
1651 2122 1920 2188 καταβιαζε-

339 2249 414 2278 ται
441 2226 489 2276 δε
516 2228 576 2278 εἰς
603 2222 824 2275 ἐκτόπους
850 2218 1018 2284 ἡδονὰς
1044 2218 1071 2281 ἡ
1098 2220 1181 2280 τῆς
1212 2236 1389 2280 σαρκος
1417 2211 1576 2280 φύσις,
1602 2203 1920 2269 πολεμουντός

340 2332 389 2359 τε
430 2309 504 2358 καὶ
539 2303 802 2370 ἐγκειμενου
835 2306 918 2351 τοῦ
950 2298 1094 2362 νόμου
1127 2300 1210 2359 τῆς
1242 2294 1487 2360 ἁμαρτίας
1532 2313 1663 2358 νομον
1689 2287 1737 2338 δὲ
1763 2292 1917 2354 ἀμοιρ-
1943 2313 1992 2351 25

342 2391 444 2443 τίας
479 2385 594 2437 εἶναι’
629 2391 752 2452 φησι
782 2406 836 2434 το
867 2381 1074 2448 ἔμφυτον
1114 2379 1298 2440 κίνημα,
1334 2398 1408 2425 και
1448 2372 1563 2437 ὅπερ
1604 2369 1661 2421 ἂν
1699 2368 1923 2434 ὑπαρχειν

345 2467 485 2520 οίοιτό
506 2491 574 2520 τις
592 2469 676 2529 ’τῆς
697 2463 1015 2532 φιλοσαρκίας
1032 2483 1086 2510 το
1107 2457 1270 2518 πάθος,
1288 2454 1498 2519 καθάπερ
1515 2450 1679 2515 ἀμέλει
1699 2472 1772 2499 και
1795 2449 1925 2515 νόμον

346 2551 437 2617 ἐφη
466 2572 550 2602 νοος
576 2546 661 2610 τὴν
686 2546 745 2598 εἵς
772 2567 825 2609 γε
851 2542 905 2593 τὸ
932 2540 1111 2607 ἀγαθον
1137 2540 1278 2588 αὐτοῦ
1305 2533 1456 2602 ῥοπήν
1482 2556 1528 2582 τε
1555 2555 1629 2583 και
1657 2531 1868 2594 θελησιν.

397 2682 431 2716 5.
457 2673 475 2704 ὁ
501 2671 600 2714 νόμος
617 2669 709 2709 αὐτὸ,
728 2667 771 2700 A.
822 2692 831 2705 ‚
850 2667 867 2698 ὁ
885 2665 984 2707 νόμος
1001 2663 1089 2707 αυτῷ
1110 2660 1152 2695 Β.
1171 2659 1237 2693 Ed.
1336 2666 1366 2701 7.
1393 2655 1432 2698 δὴ
1451 2666 1521 2688 om.
1540 2654 1583 2687 A.
1681 2664 1714 2697 9.
1739 2651 1818 2695 δοκῇ
1836 2651 1879 2684 A.
1886 2650 1927 2684 Β.

351 2719 441 2753 δοκεῖ
460 2716 526 2750 Ed.
744 2725 795 2745 10.
822 2712 913 2755 μάχῃ
931 2710 974 2743 A.
1183 2717 1236 2739 11.
1264 2703 1282 2747 ἡ
1301 2715 1370 2737 om.
1390 2702 1433 2736 A.
1644 2709 1696 2742 13.
1722 2699 1798 2731 τότε
1815 2697 1854 2739 δὴ
1873 2708 1928 2730 as-

353 2770 535 2808 sumptum
553 2773 593 2795 ex
613 2761 657 2794 A.
728 2758 953 2802 περίβλεπτοι
970 2755 1013 2788 Α.
1334 2762 1366 2791 4.
1393 2749 1520 2792 τρόπον
1538 2745 1598 2779 δὲ
1591 2756 1729 2779 lnverso
1747 2742 1867 2777 ordine
1884 2743 1928 2775 A.

357 2811 411 2846 16.
437 2811 486 2844 ἔτι
504 2819 565 2853 pro
583 2807 634 2841 ὅτι
652 2808 695 2840 Α.
918 2812 973 2835 21.
1000 2800 1088 2844 διψᾷ
1106 2762 1326 2832 emendavi
1305 2807 1345 2829 ex
1364 2795 1407 2828 A.
1425 2795 1512 2838 διψῇ
1532 2792 1598 2826 Ed.
1810 2797 1866 2832 25.
1889 2802 1930 2832 γε

355 2869 418 2903 pro
435 2871 470 2890 τε
488 2856 532 2888 Α.
609 2854 709 2896 νόμον
726 2850 888 2895 ἁμαρτίας
904 2848 995 2892 φησὶ
1012 2847 1049 2880 τὸ
1067 2844 1188 2889 incipit
1205 2844 1248 2877 A.
1455 2840 1510 2873 28.
1535 2840 1601 2883 ἔφη
1620 2849 1690 2871 om.
1708 2836 1752 2869 Α.
1824 2834 1931 2879 ῥοπὴν

355 2905 457 2938 αὐτοῦ
477 2902 527 2946 (τε
553 2899 733 2942 omittens)
751 2898 795 2930 A.
947 2894 1001 2927 28.
1028 2891 1211 2934 θελησιν,
1198 2888 1234 2924 ός
1250 2903 1289 2933 ’γε
1314 2888 1401 2933 διψᾷ
1422 2887 1483 2931 μὲν
1499 2886 1537 2920 τὸ
1555 2885 1593 2929 (e
1611 2881 1731 2928 Supra)
1749 2892 1863 2926 usque
1887 2878 1931 2913 ad

357 2949 519 2994 ἁμαρτίας
537 2946 618 2992 (25)
638 2944 811 2979 clausulas
829 2948 1061 2985 transponens
1079 2938 1122 2972 A.
