2001 3257
76 199 244 241 [13M·]

60 2299 152 2330 Infra
162 2300 227 2330 viii.
236 2308 265 2339 3.

133 2710 184 2743 14
205 2707 265 2743 Μ.

283 135 364 174 192
502 134 552 175 B.
585 134 836 175 CYRILLI
872 135 1222 175 ALEXANDR.
1262 136 1635 176 FRAGMENTA
1748 133 1800 174 vi.
1821 133 1859 172 6.

279 241 398 308 πρὸς
444 244 691 309 ἁμαρτίαν·
753 248 1004 309 κατηρεμεΐ
1040 243 1124 306 μὲν
1168 247 1250 307 τῆς·
1293 246 1521 310 ἁμαρτίας
1562 245 1586 293 ὁ
1628 241 1768 306 νόμος
1814 244 1862 292 ἐν

278 326 336 391 τῇ
375 325 486 392 ἁγίᾳ
524 328 598 376 καὶ
637 325 864 394 πανάγνῳ
903 328 1046 390 σαρκὶ
1085 331 1168 376 τοῦ
1207 329 1439 391 Χριστοῦ·
1484 329 1558 375 καὶ
1597 327 1656 376 οὕ
1688 348 1731 375 τι
1770 346 1862 375 που

279 408 554 469 κεκινῆσθαί
581 411 737 474 φαμεν
761 408 809 457 ἐν
836 407 960 474 αὐτῷ
992 406 1051 456 τὰ
1082 411 1175 457 τῶν
1202 408 1506 473 ἀνθρωπίνων
1532 411 1698 458 παθῶν
1724 408 1855 456 ε’κτο-

278 488 479 553 πώτερα,
511 487 641 551 πλὴν
680 488 774 539 ὅσα
812 487 897 550 τὴν
929 489 1114 551 κίνησιν
1145 489 1437 553 ἀδιάβλητον
1473 490 1578 556 ἔχει,
1609 490 1662 539 τὸ
1700 491 1862 552 πεινῆν

280 568 336 632 δὴ
371 569 496 634 λέγω
531 572 604 619 καὶ
638 567 692 620 τὸ
728 572 876 637 διψῆν
903 571 978 619 καὶ
1006 568 1059 620 τὸ
1088 575 1256 621 κοπιᾶν
1282 572 1356 620 καὶ
1384 570 1478 620 ὅσα
1512 573 1587 620 καὶ
1617 571 1724 636 παρ’
1753 570 1861 633 ἡμῖν
1882 584 1905 622 5

281 651 305 699 ὁ
331 653 413 713 τῆς
441 650 631 718 φύσεως
668 651 809 713 νόμος
843 651 933 719 ἔξω
969 652 1218 717 τετήρηκεν
1256 653 1419 705 αἰτίας·
1466 652 1590 714 ὅμως
1623 655 1659 701 εἰ
1691 652 1766 701 καὶ
1795 649 1860 714 μὴ

281 732 513 795 κεκίνηται
550 732 694 800 τυχὸν
732 734 780 783 ἐν
819 736 1019 801 Χριστῷ
1057 736 1139 796 τῆς
1177 734 1405 798 ἁμαρτίας
1433 734 1457 783 ὁ
1494 732 1647 794 νόμος,
1678 732 1754 782 διά
1790 755 1862 782 τοι

280 812 335 863 τὸ
362 818 684 877 κατηυνᾶσθαι
716 816 773 882 τῇ
809 820 890 865 τοῦ
927 818 1282 878 οἶκονομοῦντος
1310 815 1469 880 Λόγου
1497 814 1684 877 δυνάμει
1711 837 1760 864 τε
1786 816 1862 864 καὶ

281 896 498 963 ἐνεργείᾳ,
539 897 648 946 ἀλλ’
691 897 771 946 οὖν
811 896 923 946 ὅταν
965 898 1082 960 αὕτη
1130 897 1237 947 καθ’
1286 895 1453 959 ἑαυτὴν
1495 897 1522 959 ἡ
1562 899 1644 959 τῆς
1684 895 1862 962 σαρκὸς

282 975 573 1042 δοκιμάζεται
601 977 766 1045 φύσις,
797 976 882 1028 κᾶν
909 982 946 1028 εἷ
974 980 1021 1028 ἐν
1046 981 1246 1047 Χριστῷ
1282 983 1433 1028 νοοῖτο
1460 977 1614 1045 τυχὸν,
1643 978 1730 1044 οὐχ
1761 977 1857 1028 ἑτέ·
1884 1000 1932 1025 10

280 1081 369 1123 ραν
420 1059 570 1109 οὖσαν
620 1059 750 1126 παρὰ
794 1059 880 1124 τὴν
923 1060 1053 1123 ἡμῶν
1097 1059 1373 1126 εὑρήσομεν.
1431 1059 1862 1125 συνεσταυρώμεθα

281 1140 436 1190 τοίνυν
463 1141 600 1209 αὐτῷ,
628 1142 984 1206 σταυρωθείσης
1020 1142 1161 1191 αὐτοῦ
1196 1145 1277 1205 τῆς
1304 1141 1494 1206 σαρκὸς,
1521 1143 1595 1191 καὶ
1623 1140 1719 1191 οἷον
1745 1141 1863 1205 ὅλην

281 1221 481 1287 ἐχούσης
508 1224 555 1272 ἐν
581 1223 719 1290 ἑαυτῇ
754 1223 839 1286 τὴν
863 1223 1030 1290 φύσιν·
1081 1222 1290 1288 καθάπερ
1317 1220 1479 1286 ἀμέλει
1506 1225 1582 1273 καὶ
1608 1224 1655 1272 ἐν
1681 1222 1858 1286 Ἀδὰμ,

282 1302 358 1352 ὅτε
381 1302 572 1368 γέγονεν
596 1303 840 1370 ἐπάρατος,
867 1303 956 1366 ὅλη
982 1303 1203 1369 νενόσηκε
1229 1304 1314 1369 τὴν
1339 1303 1457 1370 ἀρὰν
1484 1305 1510 1368 ἡ
1539 1304 1699 1371 φύσις·
1742 1305 1863 1354 οὕτω

280 1383 374 1450 γὰρ
401 1386 475 1434 καὶ
502 1386 844 1451 συνεγηγέρθαι
871 1386 1108 1452 λεγόμεθα
1129 1390 1195 1455 τῷ
1214 1388 1428 1456 Χριστῷ,
1455 1389 1792 1452 συγκαθῆσθαι
1815 1385 1862 1437 δὲ
1886 1408 1932 1446 15

280 1467 355 1516 καὶ
382 1467 430 1516 ἐν
456 1471 551 1520 τοῖς
578 1469 880 1533 ἐπουρανίοις·
928 1472 963 1518 εἶ
989 1467 1084 1533 γὰρ
1110 1469 1189 1518 καί
1210 1471 1340 1519 ἐστιν
1368 1466 1481 1534 ὑπὲρ
1508 1469 1628 1533 ἡμᾶς
1654 1470 1715 1522 ὡς
1742 1468 1864 1521 Θεὸς

281 1548 305 1597 ὁ
337 1547 662 1612 Ἐμμανουὴλ,
692 1550 800 1599 ἀλλ’
835 1550 916 1600 οὖν
955 1550 1056 1600 ἐπεί
1086 1573 1156 1600 τοι
1196 1551 1359 1616 γέγονε
1399 1551 1508 1601 καθ’
1550 1551 1668 1614 ἡμᾶς
1708 1552 1769 1603 ὡς
1801 1549 1864 1603 εἷς·

279 1629 336 1698 ἐξ
370 1631 515 1693 ἡμῶν,
552 1630 804 1697 ἐγήγερταί
837 1654 886 1682 τε
925 1634 1001 1682 καὶ
1040 1632 1303 1694 συνεδρεύει
1341 1636 1406 1701 τῷ
1439 1636 1546 1700 Θεῷ
1583 1636 1658 1682 καὶ
1688 1632 1860 1698 Πατρί.

280 1712 590 1780 συνεσταυρώθη
628 1713 782 1763 τοίνυν
823 1720 840 1764 o‘
881 1713 1085 1768 παλαιὶς
1126 1713 1358 1783 ἄνθρωπος·
1415 1714 1608 1764 λέλυται
1654 1712 1747 1779 γὰρ
1789 1712 1864 1763 διὰ

281 1795 363 1855 τῆς
390 1794 699 1848 ἀναστάσεως
725 1798 808 1858 τῆς
832 1796 1030 1862 ἀρχαίας
1055 1796 1226 1859 ἐκείνης
1251 1798 1366 1861 ἀρᾶς
1392 1796 1419 1859 ἡ
1447 1795 1651 1857 δύναμις·
1694 1794 1864 1862 κατήρ-
1884 1818 1932 1843 20

281 1897 420 1940 γηται
453 1874 501 1926 δὲ
537 1878 610 1926 καὶ
644 1876 687 1927 τὶ
725 1876 863 1944 σ-ὦμα
889 1876 963 1936 τῆς
998 1879 1244 1945 ἁμαρτίας,
1273 1880 1348 1928 καὶ
1385 1878 1487 1944 οὐχὶ
1524 1877 1579 1941 δὴ
1614 1876 1802 1930 πάντως
1835 1878 1863 1940 ἡ

282 1955 424 2024 σὰρξ,
464 1955 596 2007 ἀλλὰ
634 1961 727 2007 τῶν
766 1959 813 2008 ἐν
853 1959 970 2025 αὐτῇ
1014 1957 1279 2022 κινημάτων
1318 1959 1344 2022 ἡ
1384 1958 1590 2026 ἔμφυτος
1629 1958 1862 2025 ἀγριότης,

281 2039 601 2089 κατασειόυσα
640 2039 723 2102 μὲν
762 2042 829 2089 ἀεὶ
868 2037 985 2104 πρὸς
1023 2039 1082 2090 τὰ
1120 2041 1292 2107 αἰσχίω
1333 2038 1415 2090 τὸν
1451 2046 1572 2102 νοῦν,
1604 2041 1777 2091 ε’νιεῖσα
1815 2039 1863 2091 δὲ

281 2119 445 2185 ὥσπερ
482 2123 623 2189 πηλῷ
666 2125 740 2171 καὶ
779 2121 986 2185 τέλμασι
1025 2127 1124 2175 ταῖς
1164 2122 1499 2188 γεωδεστέραις
1536 2122 1735 2186 ἡδοναῖς·
1792 2123 1863 2174 ὅτι

282 2200 375 2267 γὰρ
402 2203 449 2252 ἐν
475 2205 675 2272 Χριστῷ
702 2205 777 2253 καὶ
804 2208 943 2254 τοῦτο
970 2204 1272 2269 κατώρθωται
1303 2208 1361 2270 τῇ
1396 2204 1661 2272 ἀνθρωπεία
1695 2204 1858 2272 φύσει,
1883 2231 1932 2269 25

282 2287 382 2336 πῶς
430 2283 487 2334 ἂν
537 2284 796 2335 ἐνδοιάσειέ
832 2308 914 2347 τις,
965 2285 1164 2335 Παύλου
1215 2284 1436 2350 λέγοντος
1486 2287 1690 2351 ἐναργῶς
1739 2293 1767 2315 “
1791 2285 1862 2336 Τὸ

283 2371 311 2393 “
336 2364 428 2429 γὰρ
456 2364 686 2416 ἀδύνατον
718 2372 800 2416 τοῦ
839 2366 983 2428 νόμου
1014 2368 1061 2416 ἐν
1088 2365 1125 2435 ᾧ
1158 2367 1345 2430 ἠσθένει
1385 2366 1460 2417 διὰ
1498 2370 1580 2430 τῆς
1618 2366 1808 2433 σαρκὸς,
1837 2369 1861 2417 ὁ

283 2453 309 2473 “
338 2446 458 2499 Θεὸς
485 2446 566 2497 τὸν
593 2448 756 2498 ἑαυτοῦ
781 2446 899 2498 Υὶὸν
924 2447 1119 2515 πέμψας
1147 2450 1194 2498 ἐν
1221 2448 1478 2510 ὁμοιώματι
1502 2447 1679 2514 σαρκὸς
1705 2449 1858 2514 ἀμαρ-

284 2533 311 2554 “
337 2526 435 2580 τιάς
483 2530 558 2578 καὶ
601 2531 704 2595 περὶ
746 2529 986 2595 ἁμαρτίας,
1033 2530 1267 2595 κατέκρινε
1309 2527 1395 2592 τὴν
1437 2530 1668 2595 ἁμαρτίαν
1713 2531 1760 2579 ἐν
1805 2533 1862 2597 τῇ

285 2615 310 2636 “
338 2608 485 2673 σαρκί
499 2610 537 2668 ;”
580 2610 690 2677 ὁρᾷς
717 2611 797 2660 οὖν
818 2610 943 2663 ὅπως
971 2609 1014 2660 τὶ
1038 2609 1111 2670 τῆς
1130 2612 1361 2680 αμαρτῖας
1382 2610 1669 2676 κατήργηται
1692 2610 1859 2678 σῶμας
1882 2640 1932 2675 30

286 2689 606 2756 κατακέκριται
638 2691 731 2756 γὰρ
758 2693 805 2741 ἐν
831 2693 888 2759 τῇ
921 2694 1063 2757 σαρκὶ
1095 2695 1174 2754 τῆς
1202 2692 1430 2757 ἁμαρτίας
1455 2691 1509 2742 τὸ
1536 2692 1742 2757 κέντρον·
1786 2695 1861 2743 καὶ

335 2843 459 2877 20—p.
475 2843 550 2876 193,
565 2843 595 2866 2.
616 2833 741 2876 partim
759 2833 866 2866 citant
884 2839 908 2873 t,
929 2832 1147 2879 Catenaeque
1164 2833 1271 2878 hujus
1290 2835 1426 2878 generis
1444 2840 1584 2868 ceterae.
1694 2834 1748 2867 28.
1767 2832 1859 2878 θεὸς]

284 2879 394 2923 πατὴρ
414 2885 436 2913 t.
456 2878 569 2913 Codd.
589 2878 692 2913 Parh.
713 2879 834 2912 Sinait.
862 2879 978 2913 invitis
999 2880 1039 2913 B.
1057 2879 1144 2914 Cod.
1167 2881 1202 2914 S.
1224 2879 1401 2914 Laurentii
1419 2879 1669 2915 Escorialensis
1687 2880 1730 2923 ψ.
1749 2880 1796 2913 iii.
1809 2880 1861 2914 18.

288 2936 342 2970 29.
369 2926 422 2960 καὶ
439 2926 515 2969 περὶ
533 2925 694 2970 ἁμαρτίας
713 2937 781 2959 0111.
804 2925 844 2959 B.
