2001 3257
268 107 351 148 132
670 107 720 148 Β.
754 106 1030 147 CYRILLI
1070 106 1456 146 ALEXANDR.
1612 121 1679 147 XX.
1701 119 1766 156 22,
1787 119 1852 161 23.

269 214 328 266 ἄν
360 237 404 266 τι
443 214 668 282 δράσειαν
702 219 797 266 τῶν
831 214 1130 282 ἀρεσκόντων
1157 218 1278 283 Θεῷ,
1304 215 1413 264 ἀλλ’
1443 215 1539 265 οὐδ’
1569 213 1627 265 ἇν
1652 217 1747 264 τῶν
1772 216 1854 277 τῆς

45 309 77 340 S.
89 309 170 359 pue.
271 297 500 363 ἁμαρτίας
526 296 991 348 κατανεανιεύσαιντο
1017 294 1220 364 βρόχων,
1248 296 1314 360 μὴ
1348 296 1434 361 τὴν
1459 297 1516 365 ἐξ
1548 298 1698 365 ὕψους
1731 294 1849 362 πρό-

45 362 207 394 xx1v.49.
271 402 407 446 τερον
433 378 739 442 ἐνδυσάμενοι
766 377 974 442 δύναμιν,
1002 380 1077 429 καὶ
1104 381 1166 431 εἷς
1192 377 1348 443 ἕτερόν
1374 401 1418 429 τι
1444 380 1551 444 παρ’
1582 378 1695 444 ὅπερ
1728 377 1856 441 ἦσαν

231 486 253 512 ο
269 461 770 527 μεταστοιχειούμενοι.
842 458 913 510 διὸ
963 462 1038 510 καὶ
1089 459 1207 526 πρός
1256 483 1360 510 τινα
1403 465 1498 511 τῶν
1541 460 1856 528 ἀρχαιοτέρων

45 545 161 619 ὲΒθὲ·
177 557 209 577 x.
270 543 473 608 ἐλέγετο,
502 542 573 593 ὅτι
600 549 626 571 “
647 543 829 593 ἀλεῖται
855 543 929 592 ε’πὶ
955 541 1013 592 σὲ
1040 545 1234 605 Πνεῦμα
1264 542 1455 608 Κυρίου,
1482 543 1557 592 καὶ
1588 540 1854 609 στραφήσῃ
1875 559 1896 598 5

47 613 162 662 E's.xl.
271 631 298 653 “
325 628 388 677 εἰς
433 622 581 689 ἄνδρα
627 623 822 687 ἅλλον,”
857 622 1090 692 ἀλλάξειν
1129 623 1177 673 δὲ
1216 622 1357 690 ἰσχὺν
1395 622 1501 677 τοῦς
1540 624 1855 686 ὑπομένοντας

47 683 98 715 3Ϊ·
301 703 315 720 x
478 705 491 719 x
639 707 653 723 χ
720 707 730 719 e
941 704 953 719 e
1105 705 1115 719 e
1157 709 1177 718 a
1246 706 1257 721 e
1389 704 1407 723 ,ι
1521 707 1531 722 >
1673 704 1684 722 ι

268 728 353 756 τον
403 709 528 756 Θεον
579 729 654 756 και
711 728 736 756 ο
788 709 1039 774 προφητης
1090 728 1199 769 ημιν
1264 709 1457 759 Ησαιας
1509 711 1852 771 επηγγελλετο·

270 790 468 841 Παῦλος
502 785 550 838 δὲ
584 788 609 837 ὁ
645 787 929 854 σοφώτατος
965 787 1284 839 κεκοπιακέναι
1319 787 1524 856 φάσκων
1559 786 1673 853 ὑπερ
1706 809 1852 849 τινας,

270 870 319 920 ἐν
370 874 466 922 τοῖς
517 871 856 923 ἀποστολικοῖς
905 869 1127 933 δηλονότι
1176 869 1554 936 κατορθώμασιν,
1605 868 1856 934 ἐπήνεγκεν

50 962 207 994 1cor.xv.
270 950 417 1013 εὐθὺς,
457 950 527 1002 ὅτι
566 959 593 980 ‘⁴
615 953 721 1003 Οὐκ
763 951 856 1017 ἐγὼ
901 950 964 1015 δὲ,
1005 953 1114 1003 ἀλλ’
1155 952 1183 1016 ἡ
1225 951 1360 1019 χάρις
1400 958 1484 1003 τοῦ
1523 955 1648 1002 Θεοῦ
1691 951 1719 1014 ἡ
1764 949 1856 1001 σὺν
1878 973 1927 998 10

51 1015 102 1038 ω’
270 1040 299 1062 “
324 1033 471 1097 ἐμοί.”
511 1033 630 1099 πρὸς
665 1033 721 1084 δέ
748 1057 802 1100 γε
835 1033 986 1104 τούτῳ
1021 1033 1203 1085 κάκεῖνό
1239 1039 1409 1103 φαμεν,
1435 1037 1496 1088 ὡς
1531 1035 1613 1085 οὐκ
1648 1031 1706 1083 ἂν
1733 1032 1857 1086 ὅλως

270 1117 483 1178 συνῆκαν
519 1115 573 1166 τὸ
612 1116 687 1166 ἐπὶ
726 1120 926 1184 Χριστῷ
963 1115 1238 1182 μυστήριον,
1279 1117 1376 1166 οὐδ’
1416 1116 1472 1166 ἂν
1511 1118 1715 1182 ἀκριβεῖς
1754 1114 1853 1180 ἐγέ-

225 1205 409 1247 ᾶνοντο
440 1199 764 1264 μυσταγωγοῖ,
790 1201 828 1248 εἰ
861 1196 926 1261 μὴ
962 1197 1037 1248 διὰ
1073 1200 1155 1262 τῆς
1189 1203 1272 1248 τοῦ
1300 1198 1574 1261 Πνεύματος
1601 1197 1850 1265 δᾳδουχίας

271 1277 417 1331 ἰόντες
457 1281 520 1332 εἰς
559 1278 869 1347 ἀποκάλυψιν
907 1283 1001 1330 τῶν
1039 1278 1152 1346 ὑπὲρ
1193 1285 1302 1331 νοῦν
1335 1281 1410 1330 καὶ
1449 1279 1609 1345 λόγον,
1644 1276 1761 1345 πρὸς
1800 1277 1854 1328 τὸ
1910 1346 1915 1350 ¹

271 1358 511 1410 διδάσκειν
549 1361 696 1413 οὕτως
735 1359 766 1410 ἃ
801 1364 923 1428 χρῆν
960 1361 1227 1422 ἀναβαίνειν
1266 1361 1546 1429 ἰσχύουσαν·
1596 1359 1725 1426 λέγει
1762 1359 1854 1427 γάρ
1879 1383 1925 1421 15

49 1449 209 1489 Ib.xii.3.
272 1448 299 1471 “
327 1442 495 1495 Οὐδεὶς
546 1441 736 1493 δύναται
787 1447 928 1494 εἰπεῖν
982 1443 1154 1509 Κύριος
1197 1442 1426 1508 Ἰησοῦς,”
1467 1441 1585 1494 κατὰ
1635 1442 1721 1507 τὴν
1770 1448 1855 1494 τοῦ

273 1521 474 1574 Παύλου
509 1523 685 1592 φωνὴν,
714 1528 794 1575 “el
826 1524 891 1589 μὴ
927 1526 975 1575 ἐν
1003 1524 1243 1588 Πνεύματι
1268 1526 1465 1595 (Αγίῳῗ
1507 1524 1661 1589 ἐπειδὴ
1699 1525 1854 1576 τοίνυν

270 1604 474 1669 ἔμελλον
513 1606 629 1672 ἐρεῖν
669 1605 739 1657 ὅτι
780 1605 953 1672 Κύριος
989 1605 1190 1671 Ἰησοῦς,
1229 1607 1485 1671 τουτέστιν,
1526 1606 1857 1673 ἀνακηρύττειν

270 1684 412 1736 αὐτὸν
445 1689 508 1740 ὡς
547 1687 672 1737 Θεὸν
707 1690 783 1738 καὶ
822 1688 1010 1754 Κύριον,
1038 1690 1300 1754 ἀναγκαίως
1338 1689 1426 1753 ἤδη
1465 1688 1635 1740 λοιπὸν
1672 1691 1738 1758 τῷ
1774 1691 1857 1752 τῆς

270 1769 548 1831 ἀποστολῆς
574 1768 806 1837 ἀξιώματι
831 1770 1205 1836 παρεζευγμένην
1231 1771 1444 1839 δέχονται
1475 1771 1560 1835 τὴν
1586 1777 1670 1822 τοῦ
1697 1770 1853 1821 Πνεύ-
1878 1795 1928 1820 20

270 1873 418 1914 ματος
457 1849 607 1917 χάριν,
641 1850 849 1905 διδόντος
889 1851 1000 1903 αὐτὸ
1039 1858 1121 1904 τοῦ
1156 1857 1387 1919 Χριστοῦ,
1421 1856 1496 1904 καὶ
1533 1854 1620 1920 οὐχ
1659 1856 1719 1906 ὡς
1758 1858 1859 1907 ταῖς

272 1931 430 1997 ἑτέρου
480 1933 770 2001 φιλοτιμίαις
822 1934 1179 1999 διακονουμένου
1230 1934 1386 2003 τυχὸν,
1437 1941 1752 2003 χορηγοῦντος
1807 1934 1856 1985 δὲ

272 2018 464 2075 μᾶλλον
489 2013 547 2082 ἐξ
565 2015 745 2065 ἑαυτοῦ·
800 2015 948 2080 διήκοι
973 2015 1066 2082 γὰρ
1091 2016 1150 2067 ἂν
1175 2018 1262 2085 οὐχ
1288 2018 1449 2083 ἑτέρως
1485 2021 1546 2071 εἷς
1581 2018 1701 2081 ἡμᾶς
1726 2015 1857 2083 παρὰ

275 2094 466 2161 Πατρὸς
498 2100 535 2146 εἱ
571 2095 636 2160 μὴ
673 2097 726 2147 δι’
756 2100 890 2148 Υἱοῦ.
945 2099 970 2148 ὁ
996 2097 1081 2162 μὲν
1107 2099 1188 2149 οῦν
1214 2101 1405 2167 ἀρχαῖος
1431 2102 1507 2150 καὶ
1533 2101 1581 2150 ἐν
1607 2099 1858 2165 γράμμασι

273 2174 428 2240 νόμος,
470 2176 609 2231 σκιὰς
654 2178 774 2246 ε”χων
821 2181 896 2230 καὶ
939 2181 1113 2234 τύπους
1155 2186 1249 2232 τῶν
1289 2183 1539 2246 ἀληθινῶν,
1581 2204 1858 2245 σωματικω-
1881 2201 1929 2240 25

274 2258 427 2325 τεραν,
453 2259 507 2310 ἵν’
537 2260 684 2314 οὕτως
709 2260 836 2324 εἴπω,
862 2264 938 2312 καὶ
968 2264 1017 2313 ἐν
1041 2264 1319 2331 παχυτέροις
1344 2264 1581 2329 ὁρωμένην
1606 2263 1858 2329 πράγμασι

272 2339 358 2404 τὴν
386 2346 482 2391 τῶν
509 2343 644 2407 ἱερῶν
667 2342 929 2410 ἀνάρῥησιν
954 2349 1195 2397 τελεῖσθαι
1227 2345 1561 2412 προσέταττεν.
1617 2347 1641 2396 ὁ
1668 2345 1760 2411 γάρ
1787 2368 1859 2395 τοι

51 2442 257 2477 1096A.a
272 2422 499 2488 μακάριος
533 2427 765 2488 Μωυσῆς,
794 2429 922 2476 Θεοῦ
957 2426 1105 2477 πάλιν
1132 2428 1258 2496 αὐτῷ
1293 2427 1687 2494 προστάττοντος,
1716 2429 1856 2478 ὕδασι

52 2514 151 2589 {qv-6
273 2503 358 2567 μὲν
400 2505 701 2571 ἀπονίζεσθαι
752 2505 835 2557 τόν
879 2529 928 2557 τε
968 2506 1158 2574 Ἀαρὼν
1202 2509 1345 2560 αὑτὸν
1388 2511 1464 2560 καὶ
1513 2508 1620 2563 τοῦς
1662 2507 1859 2562 Λευΐτας

49 2568 118 2588 vm.
154 2582 161 2590 ²
273 2585 494 2637 ἐκεἌευεν·
538 2584 637 2637 εἶτα
666 2586 750 2637 τὸν
775 2591 857 2651 τῆς
889 2589 1175 2644 τελειώσεως
1207 2590 1525 2660 κατασφάξας
1561 2589 1690 2656 κριὸν
1716 2590 1852 2640 κατέ·
1881 2614 1931 2650 30

323 2725 354 2747 Ι.
380 2713 517 2757 δράσειε
535 2713 614 2758 E.p.
783 2727 814 2749 2.
841 2716 1171 2752 κατανεανιεύσαιντο
1188 2717 1293 2752 habet
1311 2731 1342 2762 p.
1513 2730 1565 2763 13.
1592 2719 1624 2752 οἱ
1642 2730 1705 2764 pro
1723 2719 1752 2752 εἷ
1770 2719 1849 2765 E.p.

273 2770 328 2794 21.
356 2760 446 2805 αὐτῷ
466 2760 546 2804 (Sic)
567 2761 645 2805 E.p.
665 2761 767 2804 αὐτὴν
784 2774 814 2796 a.
1098 2774 1153 2809 25.
1179 2764 1319 2811 τύπους]
1340 2766 1459 2809 νόμους
1477 2766 1556 2809 (Sic)
1576 2765 1695 2810 E.F.p.
1719 2765 1850 2812 [scriba

273 2805 414 2841 Codicis
431 2808 524 2842 illius
551 2819 568 2841 e
593 2819 664 2853 quo
683 2807 804 2852 E.F.p.
823 2810 926 2843 oculo
946 2816 1081 2844 errante
1106 2823 1124 2844 e
1150 2823 1255 2856 supra
1279 2811 1528 2857 describente}
1581 2812 1790 2847 Emendavit
1808 2819 1848 2847 ut

271 2852 415 2887 adnotat
431 2854 505 2898 ipse
522 2853 615 2888 Aub.
740 2855 794 2889 28.
820 2857 908 2902 αὐτῷ
930 2856 1007 2902 E.p.
1025 2856 1106 2892 αὐτὸ
1127 2857 1192 2892 Ed.
1260 2858 1355 2892 ὕδατι
1373 2870 1403 2893 a.
1526 2870 1581 2904 29.
1607 2858 1848 2894 ἅπονίττεσθαι

273 2899 353 2944 (sic)
374 2913 408 2944 p.
551 2912 608 2945 30.
634 2900 812 2937 ἐκέλευσεν
829 2915 861 2947 p.
