2012 3272
64 588 85 626 5

36 1007 85 1033 10

36 1454 82 1491 15

30 1893 80 1917 20

112 138 226 194 ii.15
248 156 333 196 sqq.
396 143 466 184 IN
502 143 586 186 ΕΡ.
620 145 681 186 ΙΙ.
720 146 802 187 AD
840 147 1227 190 CORINTHIOS.
1282 149 1396 192 LIB.
1428 152 1461 193 Ι.
1612 156 1696 196 329

106 250 326 313 ρωμένος·
380 252 548 304 οὐκοῦν
585 253 674 305 κᾶν
711 259 749 306 εἱ
788 260 940 308 νοοῖτο
977 257 1095 320 μετὰ
1134 257 1327 324 σαρκὸς,
1363 259 1451 311 κᾶν
1481 265 1518 312 εὶ
1557 267 1695 314 τοῦτο

107 331 191 395 μὲν
235 335 351 402 οὐχὶ,
396 338 661 400 καταμόνας
706 339 754 390 δὲ
792 339 957 408 ὥσπερ
1003 343 1079 392 καὶ
1127 344 1256 394 οὔπω
1300 346 1408 395 καθ’
1450 346 1572 410 ἡμᾶς
1610 370 1690 412 γε·

107 413 271 479 γονὼς,
312 418 337 467 ὁ
376 419 426 469 ἐκ
464 422 589 471 Θεοῦ
617 419 790 486 Λόγος,
823 421 935 490 ὀσμὴ
967 422 1041 483 τῆς
1076 424 1278 490 γνώσεώς
1312 428 1415 477 ἐστι
1450 433 1533 478 τοῦ
1573 431 1696 480 Θεοῦ

106 497 182 546 καὶ
231 499 431 563 Πατρὸς,
473 502 536 555 ὡς
579 503 627 552 ἐν
672 503 763 572 ἰδία
805 503 948 572 φύσει
989 505 1072 555 τὸν
1116 506 1174 574 ἐξ
1211 506 1354 573 οὗπέρ
1400 509 1533 559 ἐστιν
1574 511 1691 561 εὐω-

106 576 271 643 διάζων
297 584 359 634 εὶς
393 582 526 645 ἡμᾶς.
578 586 652 634 καὶ
692 584 818 651 εἴπερ
844 587 976 637 ἐστὶν
1000 587 1171 651 ἀληθὲς
1198 588 1223 639 ὅ
1250 599 1385 658 φημι,
1412 595 1513 644 πῶς
1542 589 1599 642 ἂν
1626 592 1697 657 εἴη

105 660 298 724 γενητὸς
333 665 408 713 καὶ
443 669 538 719 τοῖς
564 665 621 734 ἐξ
651 667 734 716 οὐκ
761 666 909 718 ὄντων
936 675 1144 736 λαχοῦσι
1176 670 1363 736 γε’νεσιν
1389 673 1653 738 ἐναρίθμιος
1676 697 1689 737 ;

105 741 188 791 οὐκ
223 741 281 793 ἂν
307 743 400 810 γὰρ
431 746 612 811 γε’νοιτο
645 754 728 799 τοῦ
763 748 828 813 μὴ
857 752 1109 814 κτισμένου
1135 751 1279 816 ὀσμὴ,
1305 753 1423 817 μήτε
1450 754 1688 823 ὑπάρχον-

103 844 182 876 τος
208 830 429 889 γενητῶς·
471 829 524 878 οὐ
549 828 641 895 γὰρ
669 829 717 880 ε”ν
742 853 795 896 γε
821 835 888 900 τῷ
913 831 1124 902 ἀγενήτῳ
1149 833 1204 884 τὸ
1232 834 1431 900 γενητὸν
1458 835 1693 904 ὀψόμεθα,

103 904 206 956 οὐδὲ
245 907 294 957 ἐν
319 911 385 977 τῷ
417 914 595 978 γενητῷ
633 910 688 962 τὸ
727 912 969 978 ἀγένητον.
1022 913 1154 964 ἀλλὰ
1193 915 1286 979 μὴν
1317 917 1488 986 ἔδειξεν
1520 920 1545 968 ὁ
1579 919 1694 973 Υἱὸς

102 986 150 1036 ε’ν
184 987 332 1058 ἑαυτῷ
370 990 452 1041 τὸν
480 992 687 1059 Πατέρα·
743 994 864 1047 Θεὸς
903 995 996 1061 ἄρα
1034 995 1154 1047 κατὰ
1193 997 1343 1066 φύσιν
1381 1001 1483 1050 ἐστὶ
1523 1000 1598 1051 διὰ
1637 1000 1692 1052 τὸ

101 1070 182 1131 τῆς
219 1070 382 1125 οὐσίας
419 1072 606 1124 ταύτόν·
660 1075 864 1127 ἀκουέτω
902 1077 1057 1128 τοίνυν
1096 1080 1172 1129 καὶ
1206 1080 1324 1146 πρὸς
1361 1081 1493 1145 ἡμῶν
1525 1084 1550 1133 ὁ
1578 1082 1692 1138 Υἱός

900 1156 925 1173 ”
971 1159 1241 1224 ἐγνώκαμεν
1267 1161 1360 1228 γὰρ
1388 1163 1444 1214 δι’
1472 1165 1615 1217 αὐτοῦ
1641 1189 1691 1217 τε

101 1232 177 1282 καὶ
203 1234 250 1283 ἐν
275 1235 400 1304 αὐτῷ
424 1235 506 1287 τὸν
532 1237 589 1306 ἐξ
611 1238 665 1289 οὗ
693 1239 965 1305 γεγέννηται
994 1242 1187 1308 Πατέρα
1213 1246 1289 1294 καὶ
1316 1245 1457 1297 Θεόν.

101 1156 129 1179 “
151 1152 320 1217 Μόρον
345 1154 593 1206 ἐκκενωθὲν
619 1155 767 1220 ὄνομά
792 1175 898 1208 σου·

132 1359 232 1401 ’Ὁτι
270 1362 448 1418 Χριστοῦ
483 1364 642 1407 εὐωδία
679 1366 807 1415 ἐσμὲν
845 1367 942 1422 Θεῷ
978 1367 1025 1410 ἐν
1062 1366 1151 1409 τοῖς
1189 1371 1446 1426 σωζομένοις
1486 1372 1554 1414 καὶ
1589 1374 1637 1416 ἐν

660 1446 749 1492 τοῖς
787 1450 1120 1499 ἀπολλυμένοις.

177 1540 494 1608 Εὐωδιοῖζουσι
523 1549 588 1614 τῷ
610 1550 717 1616 Θεῷ
743 1550 818 1598 καὶ
847 1550 1003 1614 Πατρὶ
1030 1548 1112 1600 τὸν
1136 1550 1313 1616 Κύριον
1339 1552 1471 1615 ἡμῶν
1497 1554 1688 1618 Ἰησοῦν

99 1618 182 1671 τὸν
208 1622 439 1688 Χριστὸν,
465 1631 654 1691 πρῶτον
679 1628 763 1691 μὲν
799 1631 861 1683 ὡς
900 1630 1042 1682 αὐτὸν
1080 1632 1263 1700 ἔχοντες
1303 1632 1379 1683 διὰ
1417 1641 1499 1685 τοῦ
1530 1636 1684 1687 Πνεύ-

98 1724 246 1765 ματος
271 1705 536 1757 ἐνοικοῦντα
570 1731 616 1759 τε
642 1712 716 1761 καὶ
744 1711 1096 1776 ἐνηυλισμένον,
1123 1711 1221 1764 εἶτα
1249 1714 1319 1765 ὅτι
1346 1721 1440 1769 τοῖς
1469 1718 1681 1769 ἁπαντα-

98 1790 185 1851 χοῦ
221 1787 597 1852 διακηρύττοντές
636 1814 686 1841 τε
712 1795 785 1843 καὶ
810 1793 1137 1863 περιφέροντες
1165 1795 1248 1847 τὸν
1274 1798 1342 1848 ἐπ’
1370 1799 1496 1867 αὐτῷ
1521 1798 1684 1865 λόγον,

101 1866 312 1933 καθάπερ
347 1892 392 1919 τι
425 1875 520 1921 τῶν
546 1873 880 1937 εὐοσμοτάτων
905 1877 1224 1941 θυμιαμάτων,
1251 1879 1593 1947 προσεκόμιζον
1618 1886 1685 1951 τῷ

100 1951 209 2018 Θεῷ
239 1949 325 2014 τὴν
347 1951 395 2002 ε”ν
421 1975 476 2018 γε
510 1954 660 2024 τούτῳ
697 1956 928 2021 σπουδήν·
972 1958 1090 2010 κατὰ
1127 1959 1285 2025 τρίτον
1317 1959 1364 2011 δὲ
1399 1960 1587 2027 τρόπον,
1614 1962 1685 2014 ὅτι

97 2031 172 2080 καὶ
208 2031 486 2102 σύμμορφοι
526 2036 771 2101 γεγονότες
809 2039 948 2108 αὐτῷ,
984 2040 1060 2091 διὰ
1094 2046 1188 2092 τῶν
1214 2042 1334 2093 ἰ’σων
1366 2044 1684 2095 τετελείωνται

95 2110 402 2175 παθημάτων.
454 2114 643 2168 εὐωδίαν
667 2119 816 2184 γεμὴν
841 2120 1031 2176 ἑαυτοὺς
1062 2121 1182 2173 εἶναι’
1205 2128 1329 2192 φασι
1355 2130 1437 2175 τοῦ
1464 2129 1682 2190 Χριστοῦ

95 2185 132 2235 ἓν
157 2189 245 2241 τοῖς
283 2189 542 2258 σωζομένοις
585 2196 661 2243 καὶ
703 2193 739 2243 ἐν
773 2196 862 2247 τοῖς
895 2195 1240 2264 ἀπολλυμένοις,
1274 2196 1335 2252 οἷς
1368 2197 1446 2266 μὲν
1479 2197 1592 2266 ὀσμὴ
1630 2199 1680 2250 ἐκ

143 2298 175 2322 2.
202 2291 294 2323 οὔπω
312 2291 506 2327 emendavi.
525 2292 610 2328 οὕτω
628 2294 694 2329 Ed.
859 2308 893 2341 9.
917 2297 1095 2343 ἀγένητον]
1124 2299 1236 2343 pergit
1262 2300 1381 2334 οὐκοῦν
1397 2300 1415 2343 ἡ
1433 2301 1543 2337 κτίσις
1560 2301 1595 2334 ἐν
1613 2302 1679 2347 ἰδίᾳ

95 2333 201 2378 φύσει
227 2337 285 2370 οὐκ
309 2352 349 2372 αν
372 2339 570 2382 παρέδειξεν
594 2339 706 2375 εἴποτε
726 2342 786 2386 τὴν
802 2345 861 2376 τοῦ
878 2344 1039 2378 ἀκτίστου
1056 2345 1175 2389 φύσιν·
1204 2346 1275 2379 ἐπεὶ
1294 2346 1352 2380 οῦν
1368 2347 1495 2390 ἔδειξεν
1512 2350 1530 2380 ὁ
1548 2349 1626 2384 Υἱὸς
1643 2350 1679 2383 ἐν

94 2381 200 2427 ἑαυτῷ
218 2384 276 2417 τὸν
293 2385 441 2429 Πατέρα,
462 2388 546 2421 Θεὸς
564 2387 622 2429 (cf.
646 2390 703 2432 10)
722 2390 786 2433 c'1'pa
803 2391 886 2423 κατὰ
904 2390 1015 2435 φύσιν
1030 2391 1135 2434 ἐστιν,
1154 2392 1193 2425 οὐ
1213 2392 1278 2436 μὴν
1293 2393 1431 2437 ποίημα·
1461 2394 1512 2427 ἀεὶ
1529 2395 1594 2439 γὰρ
1613 2399 1679 2429 τῶν

94 2426 198 2462 ὄντων
215 2429 358 2464 ἕκαστον
375 2432 542 2474 εὐωδιάζει
560 2435 599 2467 τὸ
617 2436 791 2480 συγγενές.
821 2437 967 2481 ἅγγελος
984 2438 1048 2483 γὰρ
1066 2437 1215 2483 ἀγγέλου
1232 2438 1322 2483 ὀσμή
1341 2440 1416 2474 ἐστι
1434 2441 1487 2474 καὶ
1505 2439 1576 2474 οἷον
1592 2442 1676 2475 ἀπό-

95 2473 191 2509 δοσις
207 2477 307 2519 νοητὴ
324 2479 382 2520 τῆς
400 2477 450 2512 ἐπ’
469 2479 605 2515 ἐκείνοις
621 2484 789 2525 γνώσεως,
809 2484 862 2516 καὶ
884 2484 1059 2528 ἅνθρωπος
1075 2485 1253 2529 ἀνθρώπου
1271 2487 1352 2519 κατὰ
1369 2488 1427 2520 τὸν
1443 2485 1521 2521 ἴσον
1537 2490 1675 2532 τρόπον,

94 2521 112 2553 ὁ
137 2521 174 2554 δὲ
198 2524 283 2562 βοῦς
308 2523 326 2567 ἢ
351 2523 453 2560 ἵππος
478 2526 536 2559 οὐκ
560 2526 676 2569 ἀπόζει
702 2529 761 2572 τὴν
785 2529 962 2572 ἀνθρώπου
987 2530 1106 2574 φύσιν·
1140 2535 1211 2566 πῶς
1235 2531 1294 2566 οὖν
1319 2534 1336 2565 ὁ
1362 2533 1397 2567 ἐκ
1427 2536 1514 2567 Θεοῦ
1540 2536 1677 2578 Πατρὸς

94 2568 203 2611 Λόγος
219 2569 309 2612 ὀσμή
327 2584 376 2605 τις
393 2572 445 2604 καὶ
464 2573 584 2606 εὐωδία
609 2576 731 2608 νοεῖται
748 2577 808 2609 τοῦ
826 2579 914 2610 Θεοῦ
931 2578 984 2611 καὶ
1002 2579 1146 2622 Πατρὸς,
1166 2577 1259 2623 εἴπερ
1278 2579 1373 2613 ἐστιν
1390 2581 1595 2625 ἑτεροφυὴς;
1625 2581 1673 2615 Η.

97 2623 151 2655 14.
173 2617 246 2660 Θεῷ
265 2616 399 2650 addidit
415 2618 505 2652 inter
522 2619 781 2655 emendationes
801 2622 930 2657 Maius.
1079 2625 1131 2658 16.
1155 2625 1381 2667 εὐωδιάζωσιν
1402 2626 1448 2660 Η.
1514 2627 1558 2662 ὡς
1574 2628 1675 2661 αὐτὸν

92 2658 228 2703 ἔχοντες
252 2662 306 2695 διὰ
333 2666 393 2697 τοῦ
418 2664 607 2708 πνεύματος
630 2667 820 2702 ἐνοικοῦντα
854 2671 913 2703 τὸν
944 2669 1058 2714 κύριον
1090 2670 1182 2715 ἡμῶν
1214 2672 1333 2714 ἶησοῦν
1361 2674 1505 2717 χριστὸν
1534 2674 1673 2707 inverso

92 2706 212 2740 Ordine
230 2711 265 2742 et
282 2710 398 2743 statim
417 2710 451 2744 ἐν
468 2713 597 2747 ἑαυτοῖς
614 2713 709 2748 addit
730 2714 777 2749 H.
946 2717 999 2750 18.
1025 2716 1043 2760 ἢ
1064 2729 1125 2761 pro
1143 2715 1298 2751 τε-εἶτα
1319 2718 1366 2752 H.
1433 2719 1674 2763 ἐνηυλισμένον

93 2753 273 2788 emendavi
291 2762 329 2789 ut
347 2767 452 2800 supra
469 2769 502 2802 p.
515 2769 596 2802 3²0·
616 2759 857 2804 ἐνκυλισμένον
874 2761 1004 2796 Maius.
1022 2764 1266 2808 ἐγκυλισμένον
1281 2765 1415 2809 Migne.
1481 2766 1551 2800 τοῖς
1567 2765 1671 2799 ἁπαν-

91 2802 195 2844 ταχοῦ
213 2807 246 2833 et
263 2816 298 2834 τε
316 2813 385 2836 om.
407 2803 454 2838 H.
788 2819 840 2852 19.
866 2808 990 2854 λόγον]
1016 2814 1050 2849 -Ι-
1072 2811 1125 2844 καὶ
1142 2812 1201 2844 τὸν
1217 2811 1436 2855 εὐαγγελικὸν
1452 2811 1601 2856 κήρυγμα
1624 2811 1670 2844 H.

94 2855 149 2878 21.
175 2860 214 2890 γε
239 2858 308 2881 om.
329 2847 378 2883 H.
443 2849 461 2892 ἢ
480 2861 541 2894 pro
559 2854 640 2886 κατὰ
659 2852 772 2895 τρίτον
789 2854 824 2887 δὲ
843 2857 969 2898 τρόπον
989 2855 1036 2889 H.
1182 2868 1236 2890 22.
1263 2859 1316 2891 καὶ
1334 2869 1403 2891 om.
1426 2858 1472 2891 H.
1536 2860 1669 2902 χριστῷ

92 2902 155 2934 pro
173 2892 260 2939 αὐτῷ
282 2893 328 2928 H.
506 2907 560 2941 23.
586 2899 806 2945 παθημάτων]
827 2902 939 2945 pergit
956 2903 1075 2936 οὐκοῦν
1091 2902 1181 2945 ὀσμὴ
1203 2905 1264 2946 μὲν
1279 2906 1340 2937 τοῦ
1356 2905 1482 2947 πατρὸς
1499 2903 1673 2938 οὐσιωδὼς

93 2938 111 2970 ὁ
128 2938 206 2981 υἱὸς,
225 2941 344 2975 εὐωδία
362 2941 397 2976 δέ
415 2942 517 2976 αὐτοῦ
536 2944 589 2978 καὶ
603 2946 633 2978 οἷ
651 2945 830 2981 θεσπέσιοι
847 2948 1004 2991 μαθηταὶ,
1023 2948 1100 2983 καθ’
1118 2949 1174 2984 οὓς
1190 2951 1385 2994 προείρηται
1404 2951 1560 2994 τρόπους.
1582 2949 1630 2983 H.

149 3005 240 3034 von
264 3007 330 3034 111.
848 3014 872 3039 U
897 3017 923 3041 u

1732 231 1906 272 [ssM.]

1710 1187 1806 1218 Cant.
1827 1187 1846 1218 i.
1868 1197 1896 1227 3.

1714 1390 1727 1414 1
1739 1387 1758 1425 5
1777 1390 1856 1427 sqq.

1699 2227 1765 2247 ver.
1785 2217 1832 2248 16.
