2012 3272
102 124 358 180 xix.3=2-37.
470 123 544 163 IN
587 123 628 164 S.
663 121 1000 163 JOANNEM.
1064 121 1187 162 ΜΒ.
1223 122 1326 162 XII.
1616 121 1697 161 103

173 235 241 277 καὶ
277 232 441 277 ἐκεῖνος
479 230 594 276 οἶδεν
622 234 865 276 ὅτιιᾶλΗΟῆ
904 235 1029 284 λὲΓεῃ
1055 233 1124 274 ἵνα
1165 234 1234 274 καὶ
1271 230 1389 283 ὑμεῖς
1427 233 1692 276 ΠιστεύοΗτε

171 319 340 366 ὲΓὲνετο
371 318 449 375 Γὰρ
487 321 637 369 ταῦτα,
662 317 731 359 ἵνα
762 321 974 375 ΠλΗρωθῷ
1011 316 1034 357 ἡ
1064 317 1206 373 τροφή
1242 316 1427 359 Ὀστοῦν
1454 316 1503 357 οὐ
1532 330 1696 372 συντρι-
1717 325 1766 372 36

173 402 346 452 βήσεται
387 401 453 442 ἀπ’
501 400 647 442 αὐτοῦ.
697 399 765 441 καὶ
805 401 934 441 Πάλιν
975 399 1104 457 ἑτέρα
1147 399 1290 456 Γραφέι
1334 400 1448 448 λέπει
1481 399 1765 450 Ὄψονται37

172 482 232 527 εἷο
269 485 317 528 ὃν
354 484 654 529 ὲὲεκέντΗσοιν.

62 595 84 633 5
180 580 283 645 Τὴν
308 586 402 632 τῶν
427 582 666 632 Ἰουδαίων
698 581 1085 647 ἀποπληροῦντες
1119 579 1309 645 α’ίτησιν
1335 582 1377 632 οἱ
1401 581 1589 647 γείτονα
1616 583 1700 645 τῆς
1717 595 1744 636 b

104 662 301 728 ἐνούσης
340 664 494 717 αὐτοῖς
534 662 773 727 ὠμότητος
813 668 1063 716 νοσοῦντες
1109 663 1294 727 μανίαν,
1333 663 1441 718 τοῦς
1481 664 1700 715 Πιλοίτου

105 745 154 796 δὲ
192 748 339 809 δῆλον
370 745 666 813 στρατιώτας
704 743 873 813 φαμὲν,
900 749 995 796 τῶν
1032 744 1118 809 μὲν
1158 745 1241 796 δύο
1281 751 1493 813 λῃστῶν,
1522 744 1602 797 ἅτε
1642 745 1698 811 δὴ

105 829 180 878 καὶ
223 829 271 878 ἐν
316 826 461 893 ζῶσιν
503 827 569 878 ἔτι
608 826 1009 891 κατειλημμένων,
1048 825 1109 878 r&
1150 824 1290 888 σκέλη
1330 828 1699 895 συνθραύουσιν,

106 908 330 978 ὀξυτέραν
356 910 511 963 αὐτοῖς
544 912 626 973 τῆς
658 908 920 973 ἀνηκέστου
946 912 1202 978 συμφορᾶς
1227 909 1430 964 τιθέντες
1453 910 1539 975 τὴν
1566 913 1697 963 ἀπει-

37 1012 85 1037 10
106 991 211 1056 λὴν,
238 994 314 1043 καὶ
340 990 504 1058 ὥσπερ
530 991 584 1060 ἐξ
612 989 819 1057 ἀνάγκης
844 990 933 1055 ἤδη
961 992 1347 1059 δυσαχθεστέρας
1374 996 1699 1047 συνωθοῦντες

105 1078 168 1127 εἷς
213 1073 430 1126 θάνατον.
500 1073 823 1125 ἀποκλίναντα
877 1072 925 1123 δὲ
970 1073 1055 1138 τὴν
1097 1073 1311 1142 κεφαλὴν
1355 1075 1564 1141 εὑρόντες
1615 1075 1698 1127 τὸν
1758 1091 1865 1132 Supra

104 1157 307 1220 Ἰησοῦν,
353 1155 722 1207 ἀποπνεύσαντά
771 1178 821 1207 τε
871 1155 962 1220 ἤδη
1009 1155 1364 1224 κατειληφότες,
1412 1161 1582 1208 εἰκαῖον
1632 1158 1698 1208 ε”τι
1757 1144 1890 1174 ve1·.30.

106 1236 345 1304 νομίζουσι
379 1237 433 1289 τὸ
460 1241 759 1305 συνθραῦσαι
786 1236 846 1289 τέι
873 1236 1028 1300 σκέλη,
1054 1237 1213 1305 βραχὺ
1239 1239 1296 1289 δέ
1315 1261 1359 1289 τι
1385 1240 1462 1290 καὶ
1488 1239 1694 1304 ἀπιστή-
1717 1261 1739 1288 c

105 1342 290 1382 σαντες,
318 1321 381 1374 ὡς
415 1319 504 1384 ἤδη
543 1319 772 1384 τεθνήκοι,
800 1320 952 1392 λόγχη
992 1318 1294 1371 διανύττουσι
1329 1319 1399 1381 την
1437 1320 1644 1390 πλευρέιν,
1671 1322 1699 1386 ἡ

39 1418 86 1456 15
107 1400 155 1452 δὲ
192 1400 478 1467 μεμιγμένον
506 1402 637 1452 ὕδατι
675 1401 729 1452 τὸ
770 1400 898 1471 αἷμα,
934 1401 1173 1465 διέβλυσε,
1200 1405 1283 1466 τῆς
1308 1406 1542 1467 μυστικῆς
1568 1405 1702 1455 εὐλο-

107 1485 212 1550 γίας
251 1485 326 1535 καὶ
350 1489 434 1535 τοῦ
466 1484 602 1549 ἁγίου
640 1484 976 1548 βαπτίσματος
1009 1482 1163 1535 εἰκόνα
1190 1485 1266 1535 καὶ
1292 1484 1513 1553 ἀπαρχὴν
1539 1485 1703 1553 ὥσπερ

107 1565 212 1616 τινὰ
236 1566 442 1621 τιθέντος
467 1566 578 1630 ἡμῖν
604 1571 688 1616 τοῦ
715 1569 841 1617 Θεοῦ
874 1565 928 1617 τὸ
967 1566 1296 1632 γεγενημένον.
1350 1570 1570 1636 Χριστοῦ
1608 1567 1703 1634 γὰρ

109 1646 254 1702 ὅντως
293 1649 396 1699 ἐστὶ
436 1649 510 1698 καὶ
548 1645 680 1714 παρὰ
705 1651 926 1714 Χριστοῦ
960 1647 1014 1699 τὸ
1051 1646 1186 1714 ἅγιον
1212 1647 1481 1712 βάπτισμα,
1510 1652 1584 1700 καὶ
1621 1653 1704 1714 τῆς

107 1732 338 1794 μυστικῆς
389 1730 607 1796 εὐλογίας
656 1729 684 1794 ἡ
730 1730 924 1794 δύναμις
971 1731 1021 1781 ἐκ
1072 1733 1155 1794 τῆς
1206 1730 1342 1797 ἁγίας
1393 1731 1503 1796 ἡμῖν
1554 1731 1704 1800 ἀνέφυ

39 1835 89 1859 20
109 1810 302 1878 σαρκός.

186 1897 452 1946 Πιστοῦται
489 1892 639 1960 γεμὴν
679 1894 704 1944 ὁ
746 1893 1033 1963 σοφώτατος
1070 1894 1436 1961 Εὐαγγελιστὴς
1475 1894 1569 1947 ἀπὸ
1608 1900 1703 1947 τῶν

109 1975 488 2041 συμβεβηκότων
525 1976 633 2030 τοὺς
671 1975 1007 2042 ἀκροωμένους,
1034 1976 1107 2029 ὅτι
1131 2000 1221 2044 περ
1260 1977 1398 2031 αὐτὸς
1437 1977 1504 2043 ε’ίη
1531 1979 1556 2029 ὁ
1584 1982 1702 2044 Χρι-

110 2056 240 2120 στὸς,
283 2059 308 2108 ὃ
351 2056 501 2109 πάλαι
547 2056 623 2109 διὰ
661 2061 745 2122 τῆς
789 2059 927 2124 ἁγίας
967 2062 1158 2128 γραφῆς
1196 2059 1699 2128 προαναφωνούμενος·
1720 2069 1747 2111 d

110 2138 303 2209 συνῳδὰ
340 2139 434 2206 γὰρ
472 2144 569 2193 τοῖς
606 2141 711 2206 περὶ
737 2141 880 2191 αὐτοῦ
921 2140 1257 2207 γεγραμμένοις
1288 2141 1428 2210 ἐξέβη
1454 2140 1514 2193 τὰ
1538 2141 1699 2209 πράγ-

42 2241 90 2280 25
110 2244 251 2286 ματα.
307 2222 410 2272 οὕτε
449 2220 542 2288 γὰρ
569 2223 712 2273 ὀστοῦν
738 2222 882 2272 αὐτοῦ
916 2224 1186 2288 συνετρίβη,
1214 2225 1289 2273 καὶ
1329 2226 1386 2290 τῇ
1424 2227 1520 2274 τῶν
1544 2246 1696 2289 στρα-

110 2307 289 2354 τιωτῶν
327 2302 601 2372 ἐξεκεντήθη
640 2302 812 2372 λόγχῃ,
853 2303 974 2354 κατὰ
1016 2303 1100 2357 τὰς
1141 2303 1347 2372 γραφάς.
1400 2304 1608 2370 ἐπόπτην
1654 2304 1703 2356 δὲ

112 2384 275 2451 ὥσπερ
300 2387 375 2436 καὶ
411 2385 586 2451 θεωρὸν
611 2391 694 2436 τοῦ
719 2384 999 2452 πράγματος
1039 2386 1182 2437 αὐτὸν
1220 2387 1440 2452 γενέσθαι
1469 2388 1594 2455 φησὶ
1618 2386 1702 2438 τὸν

111 2468 217 2532 περὶ
249 2471 344 2518 τῶν
374 2467 597 2518 τοιούτων
626 2467 999 2534 μαρτυρήσαντα
1035 2467 1265 2533 μαθητὴν,
1293 2468 1457 2519 εἰδέναι
1495 2492 1544 2520 τε
1583 2469 1703 2520 κατὰ

113 2547 353 2613 ἀλήθειαν,
393 2548 464 2600 ὅτι
509 2549 837 2619 μεμαρτύρηκεν
881 2551 1054 2615 ἀληθῆ,
1093 2548 1259 2602 ἑαυτὸν
1302 2552 1392 2601 κάν
1435 2550 1586 2621 τούτῳ
1627 2553 1702 2602 καὶ

44 2653 94 2690 30
114 2630 201 2698 οὐχ
241 2629 396 2696 ἕτερόν
436 2654 541 2682 τινα
580 2632 845 2696 σημαίνων.
913 2631 1228 2701 παρῃτήσατο
1278 2632 1372 2699 γὰρ
1412 2632 1701 2699 γυμνότερον

114 2715 269 2774 εἰπεῖν,
294 2711 379 2776 τὴν
405 2715 488 2776 τῆς
527 2713 806 2782 φιλοδοξίας
847 2712 1096 2783 ὑπόληψιν
1131 2716 1193 2768 ὡς
1232 2712 1427 2766 ἀνόσιόν
1464 2738 1506 2766 τι
1539 2717 1738 2782 χρῆμαε

115 2796 190 2844 καὶ
217 2791 361 2844 νόσον
387 2793 763 2860 ἀποκρουόμενος
790 2794 876 2860 τὴν
902 2795 1125 2863 ἐσχάτην.

166 2909 195 2932 1.
221 2897 274 2932 ἵνα
291 2899 383 2942 ὑμεῖς
401 2899 568 2943 (rubrice)
590 2899 616 2933 F
632 2912 704 2944 mg.
910 2911 942 2944 3.
969 2899 1025 2935 ἀπ’
1045 2900 1128 2935 E.F.
1145 2903 1225 2945 παρ’
1246 2901 1312 2936 Ed.
1519 2912 1576 2935 22.
1601 2900 1649 2944 εἴη
1669 2907 1702 2934 et

116 2951 196 2979 ante
213 2950 246 2980 et
263 2951 342 2991 post
360 2946 458 2982 αὐτὸς
475 2946 614 2981 exhibet
633 2946 674 2981 E.
963 2948 1017 2982 28.
1045 2946 1114 2982 κατ’
1134 2947 1268 2992 Migne.
