2012 3272
404 160 713 201 HOMILIAE
750 160 832 200 AD
869 160 1365 203 ALEXANDRINOS.
1602 167 1679 205 461

1707 230 1719 271 [
1741 230 1799 272 289
1816 230 1863 261 M.
1886 231 1897 270 ]

97 276 123 298 ‘⁶
149 267 197 319 δὲ
232 268 460 334 σιαγόνας
498 291 589 332 μου
619 272 680 322 εἰς
719 269 1010 335 ῥαπίσματα,
1039 269 1092 320 τὸ
1120 269 1167 320 δὲ
1196 271 1459 337 πρόσωπον
1486 295 1575 334 μου
1602 274 1685 323 οὐκ

96 357 123 379 “
147 350 430 416 ἀπίστρεψα
461 350 555 401 ἀπὸ
587 350 814 417 αἰσχύνης
848 351 1236 414 ἐμπτυσμάτων,”
1269 352 1413 416 μηδὲν
1438 353 1579 404 αὐτὸν
1605 378 1687 405 πε-

93 431 312 483 πονθέναι
350 436 411 485 εἰς
450 431 535 496 τὴν
574 433 743 483 οἰκείαν
783 432 933 501 φύσιν
969 432 1230 501 ὑπολάβῃς,
1264 435 1599 486 οἰκειώσασθαι
1639 435 1686 487 δὲ

94 518 283 575 μᾶλλον
309 519 391 564 τοῦ
423 514 538 564 ἰδίου
568 513 790 577 σώματος
823 513 907 568 τὰς
941 513 1193 581 μάστιγας·
1236 517 1289 566 οῦ
1321 515 1415 581 γὰρ
1442 516 1556 567 ἴδιόν
1583 519 1685 568 ε’στι

52 594 147 645 5τὸ
189 600 343 658 σῶμα,
388 595 537 664 τούτῳ
584 594 641 645 ἂν
681 594 865 650 εἰκότως
909 597 1276 664 προσγράφοιτο
1320 600 1396 648 καὶ
1440 598 1499 649 τὰ
1545 599 1687 650 αὑτοῦ

92 676 260 739 πάντα,
287 678 394 745 δίχα
427 677 571 741 μόνης
609 678 852 742 ἁμαρτίας.
906 679 1073 729 οὐκοῦν
1098 680 1342 746 ἐπειδήπερ
1379 681 1680 746 ε’νανθρωπή-

93 781 185 811 σας
213 758 270 823 ἦν
297 760 321 809 ὁ
350 759 519 824 Λόγος,
547 759 797 824 μεμένηκεν
830 759 914 823 μὲν
941 764 1103 814 θεϊκῶς
1138 762 1337 820 ἀπαθής·
1379 762 1684 825 οἰκειούμενος

93 839 142 890 δὲ
180 842 442 906 ἀναγκαίως
481 841 539 892 τὰ
578 844 660 905 τῆς
699 844 863 892 ἑαυτοῦ
902 842 1094 908 σαρκὸς,
1134 847 1301 894 παθεῖν
1340 843 1527 908 λε’γεται
1565 845 1684 896 κατὰ

93 920 263 988 σάρκα,
307 923 454 973 καίτοι
499 929 582 974 τοῦ
623 927 790 974 παθεῖν
834 925 1119 989 ἀπείραστός
1165 924 1243 987 ὧν,
1290 926 1397 976 καθ’
1445 924 1469 976 ὃ
1516 931 1684 977 νοεῖται

27 1028 74 1053 10
95 1003 228 1057 Θεός.
280 1005 363 1055 οὐκ
389 1006 630 1056 ἐννοοῦσιν
658 1005 739 1055 οῦν
774 1004 845 1056 ὅτι
883 1005 1130 1071 τετήρηται
1162 1006 1248 1071 μὲν
1272 1006 1326 1057 τὸ
1356 1007 1532 1061 ἀπαθὲς
1559 1009 1684 1077 αὐτῷ

93 1086 201 1136 καθ’
244 1084 269 1136 ὃ
305 1086 425 1140 Θεός
469 1089 614 1149 ἐστιν,
655 1087 1021 1156 προσγράφεται
1064 1088 1111 1139 δὲ
1152 1091 1226 1139 καὶ
1267 1087 1321 1140 τὸ
1362 1093 1528 1140 παθεῖν
1571 1089 1684 1155 ὑπὲρ

93 1167 224 1231 ἡμῶν
275 1168 395 1219 κατὰ
438 1168 609 1235 σάρκα,
650 1171 756 1220 καθ’
799 1168 823 1220 ὃ
866 1170 987 1223 Θεὸς
1031 1169 1096 1221 ὧν
1138 1171 1282 1238 φύσει
1324 1170 1486 1236 γε’γονε
1532 1171 1680 1240 σὰρξ,

93 1249 194 1313 ἤτοι
237 1248 415 1305 τέλειος
455 1252 717 1318 ἄνθρωπος·
759 1253 828 1305 τίς
863 1251 957 1318 γὰρ
994 1250 1052 1316 ἦν
1092 1254 1116 1303 ὀ
1159 1253 1314 1318 λέγων
1351 1253 1470 1319 πρὸς
1515 1253 1597 1304 τὸν
1635 1257 1683 1305 ἐν

94 1331 304 1396 οὐρανοῖς
326 1333 518 1399 Πατέρα
544 1335 618 1383 καὶ
641 1333 766 1384 Θεόν
796 1342 822 1362 “
843 1335 1032 1385 Θυσίαν
1052 1336 1126 1384 καὶ
1146 1334 1435 1402 προσφορὰν
1456 1336 1538 1385 οὐκ
1567 1336 1678 1400 ήθέ-
1702 1350 1755 1380 Ps.
1770 1351 1882 1381 xxxix.

27 1419 122 1473 15⁶⁶
145 1419 315 1476 λησας,
347 1419 490 1477 σῶμα
528 1414 576 1465 δὲ
614 1415 882 1481 κατηρτίσω
921 1434 1012 1479 μοι·
1054 1417 1426 1479 ὁλοκαυτώματα
1463 1419 1538 1468 καὶ
1577 1419 1682 1484 περὶ
1706 1396 1820 1435 7’8’9’

93 1500 122 1523 “
148 1495 374 1561 ἁμαρτίας
403 1497 485 1547 οὐκ
520 1495 767 1562 ἐζήτησας·
811 1496 916 1548 τότε
951 1496 1080 1549 εἶπον
1106 1498 1229 1549 Ἰδοὺ
1253 1498 1349 1563 ἥκω
1376 1504 1459 1549 τοῦ
1485 1502 1683 1563 ποιῆσαι

93 1581 121 1604 “
147 1576 171 1626 ὁ
200 1574 322 1629 Θεὸς
357 1576 411 1628 τὸ
444 1576 633 1641 θέλημά
670 1581 827 1639 σου;”
871 1580 895 1629 ὁ
926 1579 1020 1646 γὰρ
1055 1580 1146 1649 ἔξω
1180 1580 1403 1644 σώματος
1443 1582 1504 1634 ὡς
1540 1581 1678 1643 Θεὸς,

93 1658 240 1726 ἑαυτῷ
265 1663 408 1722 σῶμα
434 1662 744 1727 κατηρτίσθαι
772 1663 938 1730 φησὶν,
959 1662 1034 1713 ἵνα
1061 1668 1199 1713 τοῦτο
1226 1662 1341 1728 ὑπὲρ
1367 1663 1498 1727 ήμῶν
1527 1687 1681 1730 προσ-

92 1739 294 1804 ενέγκας,
320 1744 386 1810 τῷ
419 1742 518 1811 ἰδίῳ
550 1742 754 1806 μώλωπι
789 1743 970 1798 πάντας
995 1744 1115 1809 ἡμᾶς
1140 1745 1422 1813 θεραπεύσῃ,
1451 1745 1568 1797 κατὰ
1595 1745 1681 1811 τὴν
1701 1770 1828 1802 Es.1iii.
1848 1780 1878 1811 5·

25 1845 73 1870 20
93 1826 175 1872 τοῦ
199 1822 447 1891 προφήτου
474 1824 653 1892 φωνήν.

856 1960 915 2009 V.
1698 1976 1783 2011 109
1808 1975 1868 2011 M.

163 2067 521 2130 Ἀνοηταίνουσι
560 2067 607 2119 δὲ
647 2069 722 2118 καὶ
762 2071 803 2118 οἱ
843 2069 1062 2134 λέγοντες
1091 2068 1173 2121 τὸν
1199 2069 1317 2121 Υὶὸν
1348 2071 1577 2137 ἑτεροφυᾶ
1604 2074 1901 2131 καίοΜῃῑοιος.

91 2147 346 2214 ἀλλότριον
373 2151 456 2212 τῆς
490 2155 572 2199 τοῦ
600 2153 724 2200 Θεοῦ
759 2151 833 2200 καὶ
862 2150 1052 2215 Πατρὸς
1085 2153 1265 2205 οὐσίας·
1309 2153 1551 2219 ἀμήχανον
1585 2153 1678 2219 γὰρ

89 2229 172 2280 τὸν
198 2231 248 2280 ἐκ
276 2234 399 2280 Θεοῦ
431 2230 550 2280 κατὰ
586 2231 748 2298 φύσιν,
776 2231 970 2282 κτιστὸν
996 2230 1108 2283 εἶναι
1147 2235 1222 2283 καὶ
1254 2233 1466 2299 γενητόν·
1509 2239 1544 2285 εἷ
1584 2235 1678 2300 γὰρ

23 2340 70 2376 25
90 2316 184 2363 πᾶν
219 2310 243 2362 ὃ
277 2312 455 2379 πέφυκε
493 2313 676 2375 τίκτειν,
703 2313 956 2377 ὁμοούσιον
990 2316 1137 2383 ἑαυτῷ
1176 2319 1329 2383 γεννᾷ,
1357 2315 1602 2380 γεγέννηκε
1629 2316 1677 2368 δὲ

90 2393 209 2444 κατὰ
247 2392 470 2458 ἀλήθειαν
504 2393 586 2444 τὸν
611 2394 729 2445 Υἰὸν
763 2395 787 2445 ὁ
826 2394 1007 2461 Πατὴρ,
1033 2395 1219 2450 πάντως
1257 2420 1349 2448 που
1387 2399 1461 2448 καὶ
1501 2398 1670 2462 ὁμοού-

89 2497 196 2526 σιον
222 2476 369 2544 ἑαυτῷ
394 2476 683 2540 γεγέννηκεν.
726 2475 755 2541 ἢ
782 2475 875 2543 γὰρ
903 2478 986 2528 οὐκ
1017 2478 1194 2529 ἄτοπον
1220 2479 1277 2547 ἐξ
1309 2479 1558 2545 ἀνθρώπου
1591 2481 1676 2544 μὲν

90 2557 176 2623 οὐχ
200 2556 440 2622 ἑτεροειδὲς
465 2558 707 2609 τίκτεσθαι
734 2558 863 2628 ζῴον,
892 2561 967 2610 καὶ
998 2558 1090 2623 μὴν
1116 2561 1166 2611 ἐκ
1191 2560 1305 2622 βοός
1330 2583 1384 2626 γε
1412 2562 1486 2611 καὶ
1514 2562 1673 2613 ἵππου·

88 2637 229 2688 τίκτει
267 2637 360 2704 γὰρ
394 2637 596 2690 ἕκαστον
630 2639 683 2690 τὸ
709 2640 827 2691 κατὰ
861 2640 1011 2708 φύσιν
1043 2641 1203 2705 ὅμοιον
1228 2644 1387 2711 ἑαυτῷ·
1428 2642 1513 2707 τὴν
1539 2643 1597 2693 δέ
1621 2667 1675 2710 γε

137 2775 169 2809 5.
195 2769 433 2813 προ-γράφοιτο
454 2769 532 2813 (sic)
553 2781 583 2803 a.
809 2782 864 2805 22.
892 2771 990 2808 Quae
1009 2778 1206 2817 sequuntur
1224 2773 1461 2807 Homiliarum
1480 2772 1674 2816 fragmenta

90 2812 196 2847 edidit
214 2815 297 2849 olim
322 2815 473 2860 inclytus
493 2816 610 2850 Maius
629 2828 646 2850 e
665 2815 813 2851 Niketae
834 2818 1075 2853 Heracleensis
1093 2819 1358 2863 Archiepiscopi
1378 2819 1508 2853 Catena
1534 2821 1570 2852 in
1591 2820 1673 2863 Epi-

91 2861 216 2894 stolam
233 2860 276 2894 ad
298 2861 497 2895 Hebraeos:
526 2874 613 2907 quae
637 2863 679 2896 de
702 2875 793 2897 novo
817 2876 898 2898 cum
924 2864 1042 2899 codice
1069 2865 1191 2899 eodem
1211 2865 1468 2900 Mediolanensi
1493 2866 1636 2905 contuli,
1655 2878 1675 2899 a

91 2906 246 2949 signans,
266 2919 416 2951 cumque
434 2907 511 2941 cod.
532 2908 728 2949 Parisiensi‚
747 2910 769 2944 b
788 2910 943 2954 signans.
996 2911 1093 2945 Haec
1110 2924 1152 2946 ex
1169 2923 1200 2946 a.
1219 2912 1241 2945 b
1259 2912 1317 2945 fol.
1342 2924 1417 2945 101.
1534 2922 1587 2953 24.
1615 2912 1673 2945 αὐ-

91 2954 151 2987 τοῦ
169 2964 232 2998 pro
249 2951 331 2988 εἶναι
350 2953 409 2998 (ut
426 2953 527 2999 alibi)
546 2954 580 2989 b.
631 2955 756 2990 Statim
775 2957 828 2990 καὶ
845 2958 963 2992 omisit
982 2957 1112 2993 Maius.
1221 2968 1276 3002 29.
1302 2957 1408 2992 αἴτιον
1424 2969 1487 3002 pro
1505 2957 1622 3002 ὅμοιον
1637 2958 1671 2992 b.
