2027 3257
74 210 242 253 [22M.]

129 516 182 550 23
204 513 265 549 M.

61 837 154 869 Infra
169 847 235 868 ver.

66 891 78 912 1
87 889 114 921 7.

281 144 365 184 206
433 142 484 182 B.
514 139 766 181 CYRILLI
804 136 1158 178 ALEXANDR.
1198 133 1570 175 FRAGMENTA
1619 132 1688 173 vii.
1712 132 1773 181 16,
1796 131 1859 171 18.

282 250 428 304 κότως
454 253 523 301 Οὐ
546 248 636 316 ‘stop
662 249 681 299 ῧ
710 246 817 298 Θέλω
853 248 972 297 τοῦτο
1011 243 1214 311 πράσα-ω,
1242 246 1352 293 ἀλλ’
1378 244 1397 294 ’δ
1424 242 1547 311 μισῶ
1580 243 1699 292 τοῦτο
1734 238 1861 290 ποιῶ·

283 335 345 386 ὡς
378 331 522 382 πόσοι
556 329 759 382 ποσάκις
793 325 1118 388 τεθαυμάκασι
1151 324 1235 387 μὲν
1260 324 1345 388 τὴν
1380 323 1667 390 ἐγκράτειαν,
1698 324 1773 373 καὶ
1809 320 1864 385 δὴ

284 415 360 464 καὶ
402 412 599 475 μελέτης
643 414 725 474 τῆς
770 413 829 462 εἷς
871 406 1015 470 αὐτὴν
1061 405 1328 475 ἀρξάμενοι,
1372 409 1467 458 τοῖς
1518 408 1599 468 τῆς
1648 407 1865 469 μυσαρᾶς

286 495 452 559 ἡδονῆς
491 494 745 557 νενίκηνται
784 490 998 554 κέντροις,
1027 491 1101 538 καὶ
1141 486 1437 540 ὀκλάσαντος
1477 487 1630 539 αὐτοῖς
1669 491 1751 535 τοῦ
1787 490 1867 535 νοῦ

284 575 403 642 πρὸς
437 574 490 626 τὸ
530 580 696 641 χεῖρον,
720 571 1008 637 ἐνηργήκασι
1046 571 1131 633 τὴν
1158 569 1400 634 ἁμαρτίαν,
1429 568 1682 635 κατηφείας
1719 565 1867 632 γεμὴν
1888 582 1910 620 5

283 656 401 722 μετὰ
439 662 577 707 τοῦτο
615 654 951 719 μεμὲστωνται·
992 651 1172 704 τούτοις
1203 649 1259 700 ἂν
1283 650 1453 715 πρέποι
1490 652 1565 699 καὶ
1592 647 1723 710 μάλα
1749 645 1866 697 εἰκό-

284 763 375 794 τως
424 739 673 804 μονονουχὶ
714 738 790 787 καὶ
835 733 1114 796 ἀβουλήτως
1166 730 1466 796 ἠσθηνηκόσι
1510 731 1563 781 τὸ
1616 730 1763 798 φάναι
1813 728 1869 792 δὴ

284 822 432 873 πάλιν
476 828 502 850 “
523 821 644 871 Νυνὶ
686 818 733 869 δὲ
779 816 927 867 οὐκέτι
972 813 1063 880 ἐγὼ
1109 812 1449 879 κατεργάζομαι
1500 812 1626 875 αὐτὸ,
1679 810 1788 862 ἀλλ’
1842 810 1869 874 ἡ

288 911 314 933 “
341 907 537 954 οἰκοῦσα
574 902 622 951 ἐν
660 901 759 963 ἐμοὶ
797 898 1041 964 ἁμαρτία.”

221 1076 266 1112 16
313 1070 357 1113 Εἰ
395 1072 442 1113 δὲ
478 1072 500 1114 ὃ
539 1070 587 1111 οὐ
626 1072 752 1120 θέλω,
790 1070 912 1109 τοῦτο
949 1066 1075 1116 noui),
1115 1066 1309 1121 σύμφΗμι
1344 1066 1406 1117 τῷ
1444 1063 1563 1116 νόμῳ
1600 1063 1664 1104 ὅτι
1704 1061 1848 1105 καλός.
1895 1077 1943 1103 10

66 1603 99 1634 S.
115 1602 188 1634 Jac.
206 1602 249 1633 iv.

127 1924 172 1960 18
193 1934 275 1972 sqq.

359 1184 545 1248 Ἐνίησι
576 1182 724 1234 πάλιν
754 1184 837 1244 τῆς
875 1178 1069 1245 θεωρίας
1107 1177 1161 1228 τὸ
1203 1175 1390 1243 ἀκριβὲς
1428 1178 1486 1243 τῇ
1526 1180 1608 1225 τοῦ
1648 1175 1872 1237 σώματος

287 1267 445 1335 φύσει,
472 1266 548 1316 καὶ
584 1268 678 1315 τῶν
712 1263 909 1314 ἐνόντων
949 1261 1074 1328 αὐτῷ
1109 1262 1323 1327 φυσικῶς
1367 1255 1753 1324 ἀῤῥωστημάτων
1787 1255 1873 1319 τὴν

288 1349 483 1411 δύναμιν
527 1345 910 1397 κατασκέπτεται.
971 1342 1022 1392 αἵ
1067 1364 1116 1392 τε
1161 1340 1255 1406 γὰρ
1301 1338 1474 1407 ὀρέξεις
1519 1342 1566 1388 αἱ
1618 1337 1737 1403 πρὸς
1777 1341 1874 1388 πᾶν

288 1432 442 1482 ὁτιοῦν
480 1427 850 1493 ἀποκομίζουσαι
889 1429 984 1475 τῶν
1017 1427 1198 1485 παθῶν,
1224 1423 1298 1472 καὶ
1337 1423 1420 1484 τῆς
1459 1417 1718 1488 φιληδόνου
1757 1419 1875 1485 ζωῆς

287 1512 347 1563 τὰ
382 1509 669 1578 ἐγκλήματα,
695 1506 853 1574 πηγὴν
879 1507 1042 1573 ε”χουσι
1068 1504 1154 1568 τὴν
1178 1502 1352 1569 σάρκα·
1394 1504 1469 1552 καὶ
1504 1501 1622 1566 πρός
1648 1524 1701 1566 γε
1737 1506 1874 1551 τοῦτο

290 1594 411 1658 ἡμᾶς
447 1594 643 1655 ἐμπεδοῖ
668 1590 822 1655 λέγων
849 1593 932 1640 τοῦ
960 1589 1182 1652 Σωτῆρος
1208 1586 1231 1635 ὁ
1258 1583 1469 1648 μαθητής
1497 1589 1523 1612 “
1543 1582 1698 1633 Πόθεν
1723 1582 1870 1633 πόλε-

293 1683 319 1706 “
344 1698 424 1739 μοι
450 1676 498 1725 ἐν
524 1675 631 1738 ὑμῖν
657 1673 731 1723 καὶ
756 1670 901 1722 πόθεν
926 1666 1071 1734 μάχαι
1086 1689 1098 1729 ;
1149 1667 1231 1717 οὐκ
1257 1667 1478 1726 ἐντεῦθεν,
1505 1667 1555 1715 ἐκ
1581 1669 1674 1714 τῶν
1699 1665 1877 1727 ἡδονῶν

294 1765 320 1787 “
347 1759 476 1821 ὑμῶν
500 1759 593 1807 τῶν
618 1751 1002 1820 στρατευομένων
1031 1751 1079 1800 ἐν
1104 1753 1199 1802 τοῖς
1224 1746 1419 1811 μέλεσιν
1447 1748 1576 1809 ὑμῶν
1596 1746 1635 1806 ;”

293 1919 353 1963 Τό
393 1919 471 1975 Γὰρ
509 1918 647 1959 Θέλειν
684 1913 942 1972 Παράκειταί
986 1928 1070 1963 μοι,
1106 1910 1154 1953 τὸ
1193 1910 1239 1951 δὲ
1281 1910 1606 1965 κατερΓὰζεσΘαι
1642 1907 1690 1950 τὸ
1730 1906 1877 1958 καλὸν,

932 1996 1006 2051 οὐχ
1044 1993 1242 2051 εὑρίσκω.

368 2112 425 2162 T}
465 2109 555 2178 ‘step
582 2108 715 2160 θέλειν
747 2108 870 2175 φησὶ
909 2103 1188 2172 παράκειταί
1226 2125 1313 2168 μοι,
1353 2102 1397 2151 r&
1438 2098 1483 2150 δὲ
1525 2096 1879 2168 κατεργάζεσθαι

294 2202 339 2253 rb
377 2202 516 2252 κοιλὶν
543 2198 601 2251 οὔ·
653 2199 728 2248 καὶ
761 2195 820 2247 τὰ
848 2195 973 2264 ἑξῆς·
1024 2196 1087 2246 εἰς
1126 2190 1365 2258 ἀπόδειξιν
1391 2194 1475 2240 τοῦ
1515 2191 1880 2253 κατηγορεῖσθαι

293 2282 379 2346 τὴν
405 2282 562 2348 σάρκα
597 2282 757 2332 δεινῶς
793 2278 1057 2328 ὠδίνουσαν
1088 2275 1136 2324 ἐν
1162 2275 1300 2338 ἑαυτῇ
1335 2270 1420 2334 τὴν
1447 2270 1694 2335 ἁμαρτίαν,
1720 2291 1876 2334 παρα-

295 2364 475 2431 δέχεται
501 2366 669 2429 σοφῶς
699 2359 754 2410 τὸ
789 2360 1106 2425 παρακεῖσθαι
1141 2354 1226 2418 μὲν
1252 2355 1361 2417 ἡμῖν
1387 2352 1440 2402 τὸ
1472 2350 1666 2415 ἀγαθὸν,
1694 2349 1758 2414 μὴ
1786 2347 1879 2413 μὴν

294 2445 360 2495 ἔτι
399 2446 474 2495 καὶ
513 2442 566 2494 τὸ
606 2443 838 2493 δύνασθαι
881 2438 1190 2504 διαπεραίνειν
1229 2433 1358 2484 αὐτό·
1420 2431 1747 2497 καταβιάζεται
1786 2429 1879 2495 γὰρ

294 2531 356 2580 εὶς
394 2524 663 2588 ἀβούλητον
697 2520 928 2588 ἐκτροπὴν
967 2521 1041 2570 καὶ
1080 2518 1167 2584 οὐχ
1204 2515 1368 2566 ἑκόντα
1406 2513 1489 2564 τὸν
1529 2518 1654 2563 νοῦν.
1710 2513 1881 2562 οὐκοῦν

345 2673 376 2696 2.
403 2661 527 2696 πολλοὶ
545 2660 710 2694 πολλάκις
728 2658 772 2692 Α.
947 2666 979 2700 3.
1006 2653 1059 2688 καὶ
1077 2665 1147 2687 om.
1166 2652 1209 2686 A.
1381 2649 1414 2683 6.
1439 2648 1524 2693 μετὰ
1541 2650 1641 2681 τοῦτο
1659 2652 1881 2690 assumptum

296 2721 338 2744 ex
356 2709 399 2743 A.
621 2706 654 2739 8.
682 2705 747 2749 ἐγὼ
765 2703 875 2737 οὐκέτι
892 2703 1030 2736 inverso
1048 2700 1170 2734 ordine
1189 2698 1232 2732 A.
1473 2706 1526 2729 11.
1550 2692 1698 2738 Ἐνίησι]
1723 2697 1760 2733 -Ι-
1782 2693 1818 2726 δέ
1835 2693 1881 2726 Α.

301 2767 354 2798 14.
379 2757 446 2789 τῶν
461 2753 577 2787 παθῶν
593 2764 663 2785 om.
683 2752 726 2784 A.
1049 2755 1102 2790 15.
1128 2742 1256 2789 σάρκα]
1277 2743 1390 2788 pergit
1408 2742 1462 2776 καὶ
1479 2738 1804 2784 καταστρατεὺονται
1821 2741 1882 2772 τοῦ

295 2801 493 2845 πνεύματος,
511 2799 564 2833 καὶ
589 2797 794 2832 ἀνθέλκουσι
819 2796 904 2839 πρὸς
929 2794 970 2827 τὰ
995 2793 1133 2837 αἰσχίω,
1152 2791 1259 2825 καίτοι
1284 2787 1533 2834 φιλελεύθερον
1553 2786 1633 2820 ὅντα
1656 2787 1715 2820 τὸν
1733 2787 1811 2820 νοῦν
1827 2785 1881 2819 καὶ

298 2850 511 2894 καυχώμενον
527 2844 577 2880 ἐπ’
596 2845 710 2889 ἀρετῇ,
728 2843 780 2877 διὸ
799 2843 851 2875 καὶ
869 2841 915 2876 εἷς
931 2839 1107 2882 ἀπόδειξιν
1125 2839 1172 2880 (v.
1188 2836 1247 2881 22)
1265 2836 1308 2869 A.
1529 2844 1584 2868 22.
1610 2831 1668 2877 τὰ]
1688 2832 1726 2865 τὸ
1746 2832 1880 2876 Migne.

299 2906 354 2940 23.
380 2893 607 2938 παραδέχεται
624 2889 760 2936 σοφῶς]
779 2888 872 2933 λέγει
890 2887 933 2921 Α.
1117 2893 1172 2928 25.
1198 2884 1237 2916 τὸ
1255 2894 1324 2916 om.
1350 2881 1390 2916 A.
1574 2879 1628 2914 26.
1654 2878 1818 2923 ἐκτροπὴν
1835 2877 1879 2911 Α.

298 2941 462 2986 ἐντροπὴν
481 2940 522 2974 Β.
543 2937 609 2972 Ed.

1898 2003 1948 2028 20
