1981 3267
263 136 318 176 82
665 137 717 179 B.
750 138 1025 180 CYRILLI
1066 139 1450 183 ALEXANDR.
1590 142 1675 181 xix.
1698 153 1759 193 17,
1784 139 1846 180 18.

335 243 515 297 Ἰστέον
541 245 588 297 δὲ
624 246 694 298 ὅτι
726 249 800 298 καὶ
828 249 852 298 ὁ
880 248 1134 303 θεσπέσιος
1163 248 1345 316 Πέτρος
1377 250 1431 301 οὐ
1457 247 1669 319 φορητὴν
1694 247 1849 312 ἐποιή-

261 326 385 377 σατό
427 350 542 379 ποτε
585 329 672 393 τὴν
714 329 993 396 πρόῤῥησιν,
1032 329 1091 381 τὰ
1135 332 1209 382 ἐπὶ
1253 335 1320 401 τῷ
1361 336 1555 401 σταυρῷ
1597 353 1849 397 προαπαγ-

260 408 507 473 γείλαντος
548 407 679 474 πάθη
717 415 800 461 τοῦ
840 414 1060 477 Σωτῆρος
1097 411 1230 475 ἡμῶν
1269 417 1502 479 Χριστοῦ·
1560 414 1584 463 ὁ
1629 412 1713 476 μὲν
1755 411 1849 478 γὰρ

37 497 243 572 {34151523‘011-(1
262 489 471 559 ἔφασκεν
506 498 532 520 “
551 491 674 542 Ἰδοὺ
705 493 1021 556 ἀναβαίνομεν
1047 497 1109 547 εἷς
1134 493 1461 559 Ἱεροσόλυμα,
1488 495 1562 544 καὶ
1589 495 1614 544 ὁ
1640 492 1735 547 υἱὸς
1765 498 1849 544 τοῦ

35 566 198 668 ζξίζιί.2ἒ5
263 577 290 601 “
316 572 567 638 ἀνθρώπου
592 574 901 640 παραδίδοται
930 578 992 628 εἷς
1019 580 1176 642 χεῖρας
1202 576 1514 641 ἁμαρτωλῶν,
1531 576 1606 626 καὶ
1632 573 1847 639 σταυρώ-
1869 590 1891 628 5

36 654 42 658 ’
107 652 112 657 ’
175 653 182 659 ’
264 660 290 683 “
317 676 491 706 σουσιν
508 654 663 718 αὐτὸν,
684 659 759 706 καὶ
779 658 1166 707 ἀποκτενοῦσιν·”
1211 659 1235 708 ὁ
1257 656 1306 708 δὲ
1326 660 1408 721 τῆς
1428 657 1692 721 οἰκονομίας
1718 657 1848 707 οὔπω

261 737 417 789 συνεὶς
443 736 497 787 τὸ
523 737 797 804 μυστήριον,
823 735 903 788 ἅτε
929 737 986 802 δὴ
1012 737 1235 807 φιλόθεός
1263 761 1313 789 τε
1339 741 1413 790 καὶ
1441 735 1849 807 φιλοδιδάσκαλος

34 810 87 885 ξξζ
106 821 172 843 'm'
260 816 337 879 ὧν,
363 818 421 886 ἐξ
455 818 704 878 εὐλαβείας
738 819 1046 883 κεκινημένος,
1075 819 1285 887 ἔφασκεν
1323 827 1351 849 “
1370 818 1537 874 Ἵλεώς
1575 842 1656 870 σοι
1685 819 1845 884 Κύριε,

260 905 287 928 “
314 900 367 950 οὐ
405 898 469 964 μὴ
508 900 641 952 ε”σται
680 923 761 951 σοι
798 902 984 952 τοῦτο·”
1050 904 1126 953 καὶ
1164 903 1213 953 τί
1252 901 1372 969 πρὸς
1410 908 1559 954 ταῦτα
1597 905 1843 967 Χριστος;

33 987 84 1019 Ib.
103 997 153 1027 ²3·
260 988 287 1010 ‘⁶
305 978 498 1047 ”Υπαγε
528 983 683 1033 ὀπίσω
709 1006 800 1047 μου
824 988 1013 1034 σατανᾶ
1042 984 1320 1035 σκοίνδαλόν
1347 1007 1438 1049 μου
1464 982 1516 1047 εἷ,
1545 984 1616 1035 ὅτι
1642 984 1696 1034 οὐ
1724 987 1845 1051 φρο-
1872 1005 1919 1030 10

260 1069 288 1092 ‘⁶
314 1068 403 1117 νεῖς
440 1062 500 1114 τὰ
538 1070 620 1115 τοῦ
648 1069 772 1116 Θεοῦ
810 1065 941 1116 ἀλλὰ
980 1064 1039 1117 τὰ
1078 1071 1173 1118 τῶν
1212 1067 1519 1133 ἀνθρώπων.”
1567 1065 1676 1116 ἀλλ’
1718 1064 1849 1115 ἔστιν

218 1146 468 1196 οέντεῦθεν
509 1147 563 1196 οὐ
603 1148 794 1214 μετρίαν
835 1147 945 1211 ἡμῖν
984 1148 1222 1217 συλλέξαι
1259 1147 1344 1213 τὴν
1386 1147 1567 1213 ὄνησιν·
1623 1145 1849 1209 εἰσόμεθα

258 1226 352 1293 γὰρ
391 1226 462 1277 ὅτι
502 1234 663 1294 καιροῦ
705 1235 964 1283 καλοῦντος
1001 1233 1063 1284 εἰς
1099 1230 1319 1299 ἐπίδειξιν
1355 1231 1569 1296 ἀνδρείας
1608 1232 1690 1293 τῆς
1729 1227 1849 1279 κατὰ

258 1308 399 1371 Θεὸν,
429 1311 504 1360 καὶ
536 1312 721 1373 ἀγῶνας
747 1310 856 1364 τοὺς
887 1310 1002 1377 ὑπὲρ
1028 1313 1195 1378 ἀρετῆς
1228 1312 1556 1373 εἰσβαίνοντας
1589 1315 1849 1375 τληπαθεῖν

257 1392 527 1457 ἀναγκαῖον,
555 1392 685 1443 ἀλλὰ
711 1392 797 1444 κᾶν
824 1396 865 1444 οἱ
898 1393 1093 1462 σφόδρα
1124 1395 1347 1457 τιμῶντές
1384 1416 1433 1445 τε
1465 1395 1541 1444 καὶ
1574 1395 1847 1459 ἀγαπῶντες
1871 1409 1917 1448 15

257 1474 583 1525 ἀποκωλύωσί
603 1498 646 1525 τι
672 1477 787 1541 δρᾶν
814 1479 907 1525 τῶν
934 1474 1028 1526 ὅσα
1054 1481 1184 1527 τελεῖ
1204 1475 1323 1543 πρὸς
1348 1475 1645 1543 κατόρθωσιν
1669 1476 1848 1541 ἀρετῆς,

255 1554 342 1619 τὴν
367 1557 415 1606 ἐν
440 1556 706 1623 ἀνθρώποις
743 1557 888 1625 τυχὸν
926 1558 1122 1627 ἀδοξίαν
1155 1559 1488 1625 προτείνοντες,
1514 1557 1661 1623 ἤγουν
1687 1555 1845 1620 ἐννοή-

255 1637 424 1691 σαντές
463 1661 507 1689 τι
545 1637 789 1702 κοσμικὸν,
820 1640 1110 1705 προσεκτέον
1149 1641 1379 1703 οὐδαμῶς.
1435 1639 1714 1708 διαφέρουσι
1752 1635 1847 1704 γὰρ

257 1718 356 1770 κατ’
376 1720 540 1770 οὐδένα
559 1720 737 1787 τρόπον
756 1726 839 1772 τοῦ
859 1726 1060 1785 σατανᾶ,
1082 1721 1119 1792 ᾧ
1139 1722 1193 1773 τὸ
1213 1721 1466 1773 σκάνδαλα
1486 1720 1660 1773 τιθέναι
1681 1720 1843 1789 φίλον,

256 1801 556 1868 τετριμμένον
594 1826 643 1854 τε
682 1805 758 1854 καὶ
796 1803 1012 1867 σύνηθες,
1048 1805 1249 1859 ἀποῖταις
1287 1805 1386 1856 τισὶ
1424 1805 1499 1855 καὶ
1540 1802 1703 1869 λόγοις
1738 1801 1843 1853 ἔσθ’
1869 1827 1918 1852 20

22 1879 334 1935 ¹1059A.a{57·e
373 1888 624 1947 μαλακοῖς,
655 1887 737 1948 τῆς
776 1890 858 1936 τοῦ
897 1886 1228 1953 συμφεροντος
1268 1886 1414 1952 θήρας
1452 1884 1661 1955 ἐξέλκειν
1686 1883 1769 1935 τὸν
1796 1885 1845 1934 ἐκ

257 1966 483 2034 φιλοθέου
521 1967 712 2033 γνώμης
752 1971 814 2020 εἷς
857 1972 997 2018 τοῦτο
1042 1968 1432 2035 παρωρμημένον.
1491 1968 1572 2019 καί
1604 1989 1684 2030 μοι
1722 1969 1853 2018 δοκεῖ

31 2061 184 2103 Ib·V·29·
255 2048 467 2099 τοιοῦτόν
505 2072 550 2099 τι
594 2048 862 2109 βούλεσθαι
903 2052 1078 2114 δηλοῦν
1117 2050 1230 2101 ὅταν
1270 2051 1388 2119 λέγῃ
1428 2048 1642 2116 Χριστός
1677 2056 1703 2079 “
1727 2048 1846 2099 Ἐὰν

256 2138 283 2161 “
308 2131 390 2182 οῦν
416 2132 441 2181 ὁ
468 2130 719 2199 ὀφθαλμός
757 2154 849 2182 σου
877 2132 901 2182 ὁ
929 2131 1080 2200 δεξιὸς
1105 2133 1398 2200 σκανδαλίζῃ
1437 2155 1509 2195 σε,
1537 2131 1669 2200 ἔξελε
1705 2130 1846 2182 αὐτὸν

254 2220 283 2242 “
309 2215 384 2264 καὶ
423 2211 546 2274 βάλε
585 2212 680 2264 ἀπὸ
719 2213 858 2265 σοῦ.”
911 2213 966 2265 τὸ
1000 2213 1095 2281 γὰρ
1132 2216 1320 2266 ἀδικοῦν
1347 2215 1430 2265 οὐκ
1462 2217 1628 2265 οἰκεῖον
1654 2212 1733 2274 ἔτι,
1759 2211 1846 2263 κᾶν
1868 2233 1915 2272 25

254 2299 320 2364 τῷ
345 2298 426 2359 τῆς
454 2295 642 2362 ἀγάπης
670 2300 833 2365 θεσμῷ
859 2294 978 2361 πρὸς
1005 2295 1200 2362 ἑνότητα
1226 2296 1510 2366 σφίγγηται,
1532 2294 1618 2347 κᾶν
1645 2295 1672 2360 ἡ
1699 2294 1846 2364 φύσις

255 2379 380 2447 αὐτῷ
404 2377 458 2428 τὸ
485 2381 568 2441 τῆς
593 2377 712 2444 πρὸς
739 2378 860 2442 ἡμᾶς
887 2378 1164 2443 οἰκειότητος
1190 2379 1434 2446 χαρίζηται
1461 2379 1651 2430 δίκαιον.

330 2463 539 2526 Λῃστῶν
578 2459 625 2510 δὲ
664 2459 776 2513 δυὰς
814 2461 1184 2527 συνεσταυρώθη
1223 2464 1440 2529 Χριστῷ,
1475 2462 1557 2523 τῆς
1597 2463 1694 2510 τῶν
1725 2459 1844 2510 Ἰου-

211 2543 400 2596 ὒδαίων
445 2542 724 2608 κακουργίας
770 2542 1050 2606 ἐπινοούσης
1095 2542 1170 2593 καὶ
1214 2548 1366 2594 τοῦτο.
1428 2540 1710 2605 ἀτιμότατον
1749 2540 1844 2606 γὰρ

256 2623 419 2690 ὥσπερ
458 2626 532 2674 καὶ
571 2623 713 2674 αὑτὸν
750 2630 833 2674 τοῦ
874 2627 1094 2689 Σωτῆρος
1133 2623 1465 2678 ἐπιδεικνύντες
1505 2622 1589 2674 τὸν
1626 2621 1843 2686 θάνατον,
1864 2651 1914 2687 30

257 2706 689 2773 συγκατακρίνουσι
727 2709 822 2758 τοῖς
861 2704 1050 2768 ἀνόμοις
1090 2705 1172 2755 τὸν
1210 2707 1403 2756 δίκαιον.
1478 2708 1675 2767 σημεῖον
1714 2705 1757 2753 δ’
1786 2702 1843 2755 ἂν

256 2786 344 2839 εἷεν
371 2791 413 2838 οἱ
437 2791 503 2856 τῷ
530 2789 714 2853 Σωτῆρι
740 2786 1087 2852 παρηρτημένοι
1114 2786 1394 2852 κατοῖκριτοι,
1412 2790 1505 2836 τῶν
1526 2785 1644 2836 ὅσον
1663 2785 1842 2836 οὐδέπω

310 2913 361 2942 14.
391 2898 641 2945 Legendumne
659 2898 914 2938 εἶσβαίνοντοςῗ
1069 2897 1121 2931 18.
1148 2912 1179 2930 τι
1199 2897 1239 2930 Ε.
1260 2897 1394 2940 Mignc.
1413 2912 1447 2931 τε
1468 2896 1560 2931 Λυῐ).
1705 2906 1760 2930 20.
1787 2895 1839 2941 τε]

259 2963 288 2981 τι
310 2948 442 2991 Mignc.
588 2957 642 2991 27.
668 2945 845 2990 χαρίζηται
866 2945 906 2979 Ε.
928 2943 1062 2989 Migne.
1081 2945 1254 2988 χαρίζεται
1274 2944 1367 2978 Aul).
