1981 3247
239 136 314 170 626
787 132 803 167 Ι
820 131 858 167 N
872 131 905 166 D
920 131 951 167 Ε
965 130 1001 166 Χ

234 253 363 289 Fidem
389 258 570 293 nostram,
593 251 798 299 gloriantes
822 264 895 287 non
927 263 995 298 pu-

290 318 380 353 dore
409 317 543 359 affecti,
564 323 691 353 tenere
722 317 901 353 debemus
921 318 997 352 482

289 395 309 418 c
323 382 361 418 d.

235 446 340 483 Fidei
360 446 548 483 coelorum
568 459 727 494 regnum
747 445 870 481 reddit
891 444 999 480 Chri-

289 517 370 548 stus
392 514 440 548 89
458 524 489 554 c,
513 514 589 547 234
606 523 625 546 c
662 523 729 558 per
753 510 865 546 fidem
891 508 999 545 Chri-

290 581 369 612 stus
379 575 469 611 Vita
482 589 551 611 nos
564 575 749 611 inhabitat
760 578 833 611 173
849 587 881 615 e,
897 577 1002 611 393c

289 653 356 688 per
399 641 511 676 fidem
562 646 703 676 rectam
761 650 1001 687 amoremque

288 705 497 753 perfectum
520 706 595 741 319
613 718 632 741 c
680 705 780 740 Laus
800 705 881 752 ejus
900 706 998 739 1111

290 783 320 815 a,
338 770 387 806 iii.
412 772 484 806 411
538 769 722 818 justificat
741 769 786 804 M
810 771 857 805 73
909 780 1002 815 quae

290 840 347 871 est
366 835 409 870 M
433 837 481 871 66
509 835 559 882 [p.
579 833 692 884 288].

236 900 347 936 Fides
386 900 528 935 salvum
571 899 659 935 facit
693 902 769 936 207
792 911 825 939 a,
862 899 937 934 328
965 896 1002 939 d,

291 965 337 1001 iii.
362 967 439 1001 447
487 964 602 1000 vitam
634 964 698 1000 dat
731 966 806 1000 373
820 963 857 1003 b,
885 964 961 998 952
980 961 1003 997 b

290 1030 439 1077 pietatis
468 1029 754 1065 fundamentum
787 1030 898 1064 423a
938 1027 1001 1063 ad-

286 1095 394 1142 juvat
424 1095 500 1130 603
523 1107 542 1129 c
589 1094 735 1129 animae
779 1092 861 1140 piae
910 1104 1003 1139 opus

293 1161 368 1195 309
385 1158 409 1194 b
447 1171 516 1194 nos
545 1158 763 1194 reconciliat
783 1157 826 1192 M
849 1159 898 1193 99
920 1157 1001 1192 init.

237 1223 328 1259 Fide
351 1235 426 1258 non
457 1223 686 1258 scrutatione
706 1235 749 1258 ea
769 1234 864 1270 quae
895 1234 1005 1269 supra

291 1301 360 1324 nos
380 1288 543 1323 tenenda
564 1290 639 1324 279
655 1287 690 1324 d.

238 1353 348 1389 Fides
379 1352 522 1389 Christi
549 1365 625 1388 non
650 1352 758 1388 datur
784 1357 828 1388 ut
857 1351 1004 1388 silentio

291 1423 443 1466 tegatur
478 1418 543 1453 sed
576 1423 617 1453 ut
648 1417 770 1465 magis
809 1416 1004 1465 magisque

292 1488 435 1518 crescat
458 1483 535 1519 202
552 1483 587 1519 b.

237 1547 343 1584 Fidei
369 1547 567 1589 confessio,
594 1559 657 1583 ore
684 1546 867 1590 habenda,
893 1546 1005 1582 corde

291 1618 329 1649 et
350 1612 474 1648 animo
494 1611 686 1647 fundanda
703 1613 781 1648 683
798 1624 817 1647 c
856 1611 1005 1647 infanti-

291 1678 361 1713 bus
408 1677 766 1725 aegrotantibusque
806 1689 873 1724 per
912 1676 1005 1712 alios

292 1742 404 1783 facta,
437 1742 532 1778 sieut
569 1755 636 1789 pro
670 1741 816 1777 Lazaro
850 1741 1006 1777 Martha

293 1809 370 1844 683
389 1807 444 1843 de
491 1806 676 1843 confessio
706 1806 756 1842 iii.
780 1808 854 1843 401
909 1806 1003 1847 Deo,

292 1885 368 1908 non
388 1872 601 1908 hominibus
621 1872 720 1907 facta
741 1873 816 1907 683
835 1871 868 1906 d.

239 1937 345 1973 Fidei
383 1937 552 1972 doctrina
590 1949 611 1972 a
651 1935 736 1971 viris
780 1934 1006 1983 spiritalibus

293 2001 541 2038 examinanda
562 2001 604 2037 M
623 2002 672 2036 56
696 2001 748 2048 [p.
765 2000 875 2046 263}

241 2067 371 2103 Fidem
398 2067 434 2102 in
457 2066 650 2102 Christum
674 2070 716 2101 ut
743 2064 869 2100 Deum
899 2076 1004 2112 prae-

293 2132 357 2168 bet
378 2133 490 2167 Pater
509 2130 552 2165 M
576 2132 638 2166 86.

241 2197 351 2234 Fides
380 2195 592 2244 justificans
614 2196 690 2231 645
705 2207 737 2236 c,
769 2196 842 2230 741
863 2206 895 2235 a,
928 2195 1002 2229 921

294 2261 318 2297 b
332 2274 364 2303 c,
388 2263 464 2297 922
481 2260 504 2295 d
517 2273 549 2301 e,
573 2262 650 2297 990
667 2272 699 2301 e,
722 2259 766 2295 cf.
779 2261 855 2295 869
871 2259 905 2304 d,
929 2261 1004 2295 877

295 2338 327 2367 e,
351 2327 441 2366 878,
464 2327 540 2362 879
557 2325 581 2360 b
620 2325 714 2361 fides
738 2330 775 2361 et
795 2337 908 2372 opera
929 2326 1005 2361 868

294 2390 331 2431 b,
364 2392 440 2426 869
462 2390 497 2431 d,
529 2392 606 2426 877
628 2389 651 2425 d
706 2390 785 2425 sine
818 2390 1005 2437 operibus,

296 2467 409 2502 opera
429 2455 506 2490 sine
527 2454 614 2496 fide,
637 2466 768 2490 manca
785 2456 860 2490 728
875 2467 906 2496 e,
929 2456 1005 2491 729

296 2531 318 2554 a
362 2518 441 2554 sine
467 2518 621 2554 caritate
648 2518 738 2553 nihil
760 2521 836 2555 866
858 2531 890 2561 e,
913 2520 1005 2562 867,

298 2585 374 2620 868
423 2583 458 2618 in
484 2583 644 2627 Patrem,
665 2583 702 2618 in
724 2583 859 2619 Filium
880 2583 1008 2619 Incar-

297 2653 438 2693 natum,
466 2647 503 2683 in
529 2647 707 2695 Spiritum
730 2648 906 2683 Sanctum
929 2650 1004 2684 762

297 2726 318 2749 a
333 2726 353 2749 c
390 2712 469 2748 sine
490 2712 564 2748 ulla
583 2712 790 2748 differentia
811 2713 886 2748 762
903 2712 940 2748 b.

244 2778 374 2814 Fidem
421 2790 497 2812 non
545 2776 789 2818 servantibus,
840 2789 909 2812 nos
959 2777 1005 2812 ad

298 2842 423 2878 Deum
438 2842 670 2878 characteres
686 2841 928 2889 obsignantes
941 2842 1005 2877 ob-

300 2919 428 2943 scurae
449 2907 539 2943 fiant
559 2907 607 2943 iii.
630 2908 720 2943 593.

1042 113 1302 167 RERUM.

1715 143 1828 167 FIDES

1068 251 1177 287 Fides
1217 251 1371 287 aliorum
1411 263 1478 298 pro
1515 251 1671 286 aliorum
1710 250 1830 286 salute

1122 316 1255 364 accipit
1285 315 1390 352 Deus
1411 318 1484 353 683
1505 316 1527 351 d
1544 329 1576 357 e,
1602 317 1678 351 684
1696 328 1728 356 a,
1752 317 1828 351 687

1123 381 1158 422 d,
1182 381 1231 417 iii.
1256 384 1345 417 544.

1069 447 1209 482 Funus
1235 445 1280 481 de
1304 446 1410 481 Patre
1440 450 1476 481 et
1506 445 1542 481 in
1564 445 1674 480 Patre
1700 446 1776 482 306
1793 444 1829 486 d,

1123 512 1200 547 805
1216 523 1250 552 e,
1274 512 1349 547 987
1365 523 1397 551 a,
1416 513 1513 547 1001
1532 523 1552 546 a
1585 509 1709 557 prodit
1723 509 1832 544 simul

1124 582 1160 611 et
1181 575 1349 611 inexistit
1368 577 1428 617 12,
1451 578 1526 611 413
1544 587 1576 618 c,
1602 576 1678 611 493
1695 574 1731 614 d,
1754 575 1830 610 824

1123 653 1156 682 a,
1175 641 1252 676 939
1267 639 1303 681 d,
1319 639 1366 675 cf.
1381 642 1456 676 952
1473 652 1504 680 e,
1518 639 1568 675 iii.
1585 641 1662 676 580
1698 640 1835 674 Essen-

1123 705 1212 740 tiam
1260 704 1446 752 propriam
1495 703 1607 740 habet
1656 705 1731 740 306
1753 715 1772 738 c
1799 702 1834 745 (1,

1126 769 1252 810 3071),
1286 766 1361 805 525
1380 769 1414 810 (1,
1444 771 1520 805 810
1538 781 1569 810 c,
1600 771 1675 804 977
1692 768 1727 809 (1,
1757 769 1833 804 987

1124 833 1147 869 b
1203 834 1268 869 sed
1310 846 1385 869 non
1425 833 1641 869 omnimodo
1687 845 1833 879 separa-

1124 904 1203 934 turn
1234 900 1310 934 306
1326 898 1361 939 d,
1396 901 1470 934 307
1488 898 1522 939 b,
1554 899 1629 933 667
1648 910 1679 943 a,
1707 898 1784 933 952
1802 909 1834 937 e,

1125 965 1202 999 953
1234 976 1264 1006 a,
1301 962 1345 999 cf.
1375 966 1450 999 347
1469 975 1500 1003 c,
1534 964 1606 999 531
1628 975 1660 1003 a,
1697 964 1770 998 571
1804 974 1836 1002 e,

1127 1030 1199 1064 761
1221 1040 1251 1069 e,
1282 1029 1358 1064 939
1374 1027 1410 1068 d,
1442 1029 1518 1063 957
1532 1027 1569 1069 b,
1600 1028 1697 1063 1001
1718 1039 1739 1062 a
1798 1026 1836 1061 in

1129 1094 1184 1128 Eo
1213 1093 1379 1129 cernitur
1407 1098 1584 1140 tanquam
1614 1092 1652 1127 in
1686 1090 1837 1139 speculo

1127 1160 1238 1195 Pater
1261 1159 1336 1193 496
1354 1170 1387 1198 a,
1409 1157 1454 1192 cf.
1472 1158 1548 1193 673
1563 1169 1583 1192 c
1599 1168 1629 1193 e.

1073 1224 1189 1260 Filius
1215 1222 1386 1257 voluntas
1418 1221 1538 1257 Patris
1562 1223 1635 1257 197
1658 1221 1682 1256 d
1702 1233 1721 1256 e
1761 1233 1837 1256 non

1127 1293 1183 1324 est
1210 1287 1333 1326 Pater,
1359 1298 1425 1334 per
1447 1285 1495 1322 Se
1522 1286 1685 1322 existens
1708 1288 1784 1322 243
1802 1284 1836 1326 (1,

1129 1355 1205 1389 774
1222 1365 1255 1394 a,
1280 1354 1357 1388 930
1375 1364 1406 1392 e,
1429 1353 1503 1387 931
1521 1363 1542 1386 a
1579 1356 1616 1386 et
1635 1350 1672 1386 in
1694 1363 1737 1386 eo
1756 1350 1838 1398 ipso

1127 1417 1228 1453 Patri
1253 1416 1382 1452 similis
1402 1415 1449 1451 iii.
1473 1417 1562 1457 367,
1586 1417 1674 1452 581.

1073 1482 1155 1518 Filii
1185 1494 1298 1530 opera
1318 1481 1505 1529 quomodo
1532 1494 1553 1517 a
1579 1480 1693 1517 Patre
1715 1483 1791 1517 253
1807 1492 1838 1521 c,

1128 1551 1218 1592 530,
1243 1550 1316 1584 781
1339 1548 1373 1593 (1,
1397 1550 1472 1584 782
1491 1548 1563 1589 ad,
1588 1549 1662 1584 798
1685 1559 1706 1582 a
1725 1546 1769 1582 M
1788 1548 1837 1582 94

1128 1613 1210 1649 init.
1270 1625 1336 1648 sua
1381 1613 1480 1649 Patri
1527 1611 1726 1659 aliquando
1773 1624 1840 1659 per

1127 1677 1385 1714 oeconomiam
1413 1677 1544 1713 tribuit
1572 1679 1646 1713 417
1663 1677 1686 1712 1)
1707 1689 1738 1717 c,
1762 1677 1837 1712 665

1128 1755 1160 1784 a,
1193 1744 1268 1779 668
1288 1754 1320 1784 e,
1354 1744 1429 1778 782
1448 1741 1519 1784 de,
1551 1742 1627 1778 836
1644 1753 1664 1776 e
1727 1753 1840 1788 opera

1127 1813 1256 1844 tamen
1290 1811 1376 1842 sunt
1407 1819 1427 1842 e
1459 1806 1609 1842 Natura
1639 1807 1716 1842 530
1736 1817 1756 1840 c
1776 1805 1800 1840 d
1820 1817 1840 1840 e

1127 1884 1240 1920 opera
1261 1871 1338 1907 suis
1365 1870 1411 1906 ad
1438 1870 1647 1906 faciendum
1669 1869 1743 1910 dat,
1764 1881 1840 1904 non

1128 1935 1273 1972 coelum
1294 1935 1460 1978 fundare,
1481 1946 1558 1968 non
1588 1933 1705 1968 solem
1735 1932 1838 1968 exhi-

1127 2000 1216 2036 bere
1238 2002 1315 2036 803
1333 2011 1364 2040 e,
1388 2000 1461 2035 981
1480 1998 1502 2034 b
1518 2010 1550 2034 c,

1074 2064 1188 2100 Filius
1210 2064 1358 2100 Patrem
1381 2062 1637 2110 Spiritumque
1658 2061 1839 2098 Sanctum

1128 2129 1165 2165 in
1191 2128 1241 2165 Se
1262 2128 1499 2165 Naturaliter
1524 2127 1637 2163 habet
1661 2129 1736 2164 150
1753 2140 1774 2163 a
1820 2140 1842 2163 a

1127 2194 1235 2229 nobis
1255 2199 1293 2229 et
1322 2206 1344 2229 a
1364 2192 1512 2229 Sanctis
1532 2192 1685 2240 Angelis
1710 2192 1840 2228 adora·
1892 2217 1897 2222 -

1128 2265 1189 2295 nn
1219 2257 1674 2303 217e,218a,23211
1708 2258 1841 2301 304d,

1129 2326 1206 2361 959
1224 2324 1259 2367 d,
1291 2324 1340 2360 iii.
1364 2324 1453 2364 384,
1486 2325 1574 2365 385,
1603 2325 1678 2359 498
1720 2328 1840 2360 aeter-

1127 2401 1199 2425 nus
1228 2389 1313 2436 quia
1342 2401 1363 2424 a
1390 2388 1501 2424 Patre
1531 2393 1683 2423 aeterno
1708 2390 1785 2425 579
1807 2401 1839 2432 ο,

1131 2455 1203 2490 581
1222 2466 1242 2489 a
1256 2453 1279 2488 d
1317 2452 1437 2488 Patris
1454 2451 1594 2493 Gloria,
1611 2451 1740 2487 Gloria
1760 2452 1841 2488 Filii

1129 2518 1239 2554 Pater
1254 2520 1330 2554 579
1348 2518 1370 2552 d
1384 2530 1415 2563 e,
1437 2519 1513 2553 948
1527 2516 1551 2551 b
1565 2528 1597 2559 c,
1616 2518 1692 2552 949
1706 2516 1743 2559 b,
1761 2519 1839 2553 950

1129 2596 1150 2619 a
1162 2583 1184 2618 b
1199 2595 1218 2618 c
1257 2583 1345 2618 Post
1362 2580 1661 2617 Incarnationem
1682 2580 1839 2628 gloriam

1129 2646 1271 2694 accepit
1291 2646 1406 2681 Filius
1427 2658 1448 2681 a
1467 2645 1577 2681 Patre
1598 2647 1674 2681 959
1696 2645 1719 2680 b
1740 2658 1771 2689 e,
1794 2645 1839 2682 cf.

1129 2713 1204 2748 958
1221 2711 1255 2752 d,
1279 2712 1351 2747 961
1373 2723 1404 2751 a,
1428 2712 1501 2746 971
1519 2722 1552 2752 a,
1575 2710 1615 2746 M
1639 2712 1688 2746 85
1706 2710 1770 2745 fin.
1793 2709 1838 2746 cf.

1130 2775 1169 2811 M
1186 2777 1231 2811 91
1252 2772 1305 2825 [p.
1324 2772 1437 2825 336].

1075 2840 1190 2876 Filius
1211 2840 1300 2888 quid
1320 2840 1388 2876 sibi
1407 2840 1495 2876 velit
1515 2839 1655 2881 dicens,
1672 2839 1837 2875 Verbum

1128 2905 1248 2941 Patris
1270 2918 1377 2941 servo
1396 2908 1444 2942 33
1462 2918 1493 2947 a,
1511 2907 1587 2942 583
1638 2903 1686 2940 Se
1718 2902 1838 2940 Patris
