2012 3272
104 135 361 192 xiX.39—41.
472 135 546 174 IN
589 134 630 174 S.
666 132 1005 173 JOANNEM.
1067 132 1194 173 LIB.
1229 132 1333 173 XII.
1614 135 1692 174 105

96 277 234 323 4Ἦλθε
264 279 310 322 δὲ
342 280 410 322 καὶ
439 280 693 332 Νικόδημος,
718 282 741 323 ὁ
766 280 907 322 ἐλθὼν
935 280 1042 337 πρὸς
1077 280 1207 322 αὐτὸν
1234 279 1384 320 νυκτὸς
1422 279 1471 321 τὸ
1505 278 1695 336 πρῶτον,
1717 293 1766 331 39

239 365 387 421 φέρων
417 364 545 414 μίι-μοι
577 365 763 421 σμύρνης
797 363 865 405 καὶ
897 364 1044 414 ἀλόΗς,
1079 363 1183 405 ὡσεὶ
1215 362 1363 419 λίτρας
1393 362 1562 405 ἑκατόν.

182 478 292 545 Οὐχ
318 478 397 528 ἕνα
429 480 552 547 φησὶ
585 476 801 543 μαθητὴν
826 480 1179 539 βεβουλεῦσθαι
1219 474 1487 545 σωφρόνως
1519 479 1698 542 προθυ-

107 557 296 622 μότατοί
317 582 365 610 τε
392 562 467 610 καὶ
493 561 603 611 λίαν
622 561 777 612 ἐλθεῖν
802 564 864 614 εἰς
880 558 1173 626 περιστολὴν
1193 564 1277 610 τοῦ
1305 558 1441 624 ἁγίου
1461 557 1701 622 σώματος,

65 654 87 694 5
110 641 414 693 ἐπισυνάπτει
454 641 502 693 δὲ
541 646 608 712 τῷ
647 642 820 713 πρώτῳ
862 644 938 693 καὶ
972 640 1204 707 δεύτερον·
1259 637 1516 710 Νικόδημος
1567 639 1702 693 οὗτος

110 722 180 789 ἧν·
211 725 472 790 μαρτυρίαν
496 722 659 791 ὥσπερ
686 725 772 790 τὴν
798 723 917 775 κατὰ
943 722 1087 788 νόμον
1113 722 1420 788 τετιμημένην
1446 722 1702 788 συλλέγων
1720 746 1742 772 e

111 809 178 876 τῷ
202 806 464 872 πράγματι.
516 814 543 836 “
563 808 675 859 Ἐπὶ
702 807 942 871 στόματος
977 805 1084 872 γὰρ,
1114 808 1253 875 φησὶ,
1287 806 1369 856 δύο
1395 804 1423 870 ὴ
1451 807 1526 856 καὶ
1561 809 1702 871 τριῶν
1764 806 1902 888 {3325-

112 894 140 917 “
165 888 417 956 μαρτύρων
442 889 739 954 σταθήσεται
769 894 865 942 πᾶν
890 888 1059 957 ῥῆμα.”
1106 888 1188 940 δύο
1214 892 1466 954 τοιγαροῦν
1493 890 1535 938 οἱ
1564 888 1699 938 ἐντα·

113 971 385 1039 φιάσαντες,
410 972 598 1040 Ἰωσήφ
634 995 682 1023 τε
723 979 800 1024 καὶ
830 969 1096 1039 Νικόδημος,
1123 970 1308 1039 ἔχοντες
1343 969 1428 1034 μὲν
1467 969 1581 1020 ε’ίσω
1620 968 1706 1034 τὴν

45 1075 94 1101 ῐο
114 1055 279 1106 πίστιν
310 1058 373 1108 εἷς
405 1060 529 1117 νοῦν,
557 1054 769 1125 ἀσυνέτῳ
796 1053 946 1120 γεμὴν
978 1054 1045 1104 ἔτι
1084 1052 1486 1118 καταπτοούμενοι
1513 1052 1707 1115 δείματι,

115 1139 191 1188 καὶ
231 1139 314 1200 τῆς
353 1137 556 1203 ἐπιγείου
592 1139 728 1201 τιμῆς
761 1159 808 1187 τε
848 1139 923 1188 καὶ
965 1134 1108 1205 δόξης
1153 1136 1283 1187 οὔπω
1326 1133 1709 1202 προτιμήσαντες

115 1217 202 1282 τὴν
227 1218 358 1286 παρὰ
391 1223 514 1289 Θεῷ.
566 1218 594 1283 ἦ
626 1219 720 1286 γὰρ
747 1220 804 1271 ἂν
829 1219 912 1271 τὸν
938 1221 988 1270 ἐκ
1029 1222 1124 1269 τῶν
1148 1217 1389 1269 Ἰουδαίων
1416 1214 1710 1284 ἀποπεμψά-

117 1324 248 1365 μενοι
287 1299 457 1370 φόβον,
486 1303 560 1352 καὶ
602 1302 744 1367 ὀλίγα
783 1305 1029 1354 παντελῶς
1066 1302 1149 1364 τῆς
1188 1303 1250 1353 εἷς
1281 1301 1491 1351 ἐντεῦθεν
1518 1299 1710 1367 φροντί-

118 1406 290 1437 σαντες
328 1385 540 1447 ἀπειλῆς,
570 1383 818 1450 ἐλευθέραν
843 1387 902 1451 τῇ
941 1384 1101 1435 πίστει
1135 1382 1383 1449 παρέσχον
1414 1380 1501 1446 τὴν
1528 1381 1707 1443 ἄδειαν,

50 1476 98 1516 15
120 1465 248 1518 ὅσιοί
271 1489 321 1518 τε
347 1468 422 1517 καὶ
449 1468 620 1532 ἀγαθοὶ
655 1470 736 1530 τῆς
762 1472 846 1517 τοῦ
874 1468 1095 1532 Σωτῆρος
1128 1464 1259 1529 ἡμῶν
1285 1466 1479 1528 ἐντολῆς
1505 1463 1712 1531 ἐδείχθη-

120 1572 217 1600 σαν
244 1549 470 1618 φύλακες.

1731 1651 1935 1689 a1076A.

117 1707 304 1759 Ἕλοιβον
340 1706 413 1750 οὖν
439 1708 488 1750 τὸ
522 1708 645 1757 σῶμα
680 1711 753 1749 τοῦ
775 1707 918 1748 ἸΗσοῦ
955 1705 1024 1747 καὶ
1057 1705 1217 1747 ἕὸΗσοιν
1244 1704 1349 1747 αὐτὸ
1384 1703 1570 1745 ὀθονίοις
1604 1702 1710 1752 μετὰ
1734 1716 1784 1751 40

191 1791 276 1833 τῶν
315 1791 576 1848 ἀρωμάτων,
615 1791 758 1833 καθὼς
795 1790 894 1832 ἔθος
930 1789 1021 1831 ἐστὶ
1056 1786 1145 1831 τοῖς
1170 1787 1399 1829 Ἰουὸοιίοιε
1429 1787 1714 1844 ἐνταφιάζειν.

191 1872 242 1917 ιῗν
281 1874 325 1916 δὲ
364 1875 409 1916 ἐν
433 1877 495 1930 τῷ
532 1874 654 1929 τόπῳ
690 1875 799 1917 ὅπου
837 1872 1089 1931 ὲστοιυρωθΗ
1130 1877 1277 1922 κῆπος,
1312 1872 1381 1912 καὶ
1413 1870 1459 1912 ἐν
1491 1872 1553 1925 τῷ
1591 1870 1715 1923 κήπῳ
1738 1886 1783 1921 41

54 1964 104 1989 20
192 1956 400 2009 μνΗμεῖον
440 1958 586 2000 καινὸν
623 1958 668 1999 ἐν
707 1955 743 2013 ᾧ
777 1957 953 1999 οὐδέπω
991 1955 1132 1998 οὐδεὶς
1170 1952 1221 1997 ἦν
1258 1955 1518 2003 τεθειμένος.

199 2074 470 2138 Ἐλογίσθη
506 2072 590 2137 μὲν
616 2074 664 2123 ἐν
692 2077 879 2139 νεκροῖς,
907 2073 932 2122 ὁ
973 2073 1026 2122 δι’
1065 2071 1186 2134 ἡμᾶς
1211 2069 1297 2135 μὲν
1322 2070 1371 2120 ἐν
1397 2072 1573 2135 νεκροῖς
1600 2066 1720 2118 κατὰ

128 2154 300 2222 σάρκα,
327 2155 418 2222 ζωὴ
454 2155 502 2206 δὲ
538 2156 593 2206 δι’
623 2153 787 2206 ἑαυτὸν
814 2157 890 2205 καὶ
927 2153 1008 2205 τὸν
1033 2153 1258 2221 φύσαντα
1293 2149 1541 2215 νοούμενός
1566 2173 1617 2201 τε
1644 2151 1720 2200 καὶ

131 2236 356 2305 ὑπάρχων
395 2237 514 2288 κατὰ
556 2237 798 2302 ἀλήθειαν.
852 2237 928 2287 ἵνα
973 2234 1021 2287 δὲ
1060 2239 1226 2286 πᾶσαν
1263 2232 1503 2301 πληρώσῃ
1546 2235 1719 2283 δικαιο-

132 2319 298 2384 σύνην,
326 2318 412 2383 τὴν
438 2323 504 2389 τῷ
536 2320 816 2388 ἀνθρωπίνῳ
849 2317 896 2368 δὲ
936 2316 1157 2382 δηλονότι
1189 2316 1468 2382 πρέπουσαν
1493 2312 1766 2382 σχήματι,1)

64 2421 113 2461 25
134 2403 237 2469 οὐχὶ
263 2425 330 2471 τῳ
361 2402 576 2452 τεθνάναι
602 2400 748 2465 μόνον
783 2401 888 2451 καθ’
925 2398 1142 2450 ἑκούσιον
1167 2398 1407 2462 βούλησιν
1437 2396 1520 2448 τὸν
1555 2400 1722 2447 οικεΐον

134 2485 335 2536 ὑπετίθει
375 2483 500 2547 ναὸν,
537 2483 669 2534 ἀλλὰ
708 2485 782 2534 καὶ
822 2487 916 2536 τοῖς
955 2504 1073 2546 μετα
1110 2486 1263 2543 τοῦτο,
1297 2481 1419 2548 φημι
1458 2478 1515 2543 δὴ
1554 2476 1720 2539 πάλιν,

131 2589 200 2636 τῳ
237 2589 287 2617 τε
326 2567 636 2634 ἐνταφιασμῳ
677 2567 752 2616 καὶ
795 2563 1045 2615 καταθεσει
1095 2565 1153 2630 τῇ
1199 2565 1261 2616 εἷς
1309 2584 1364 2612 το
1415 2584 1630 2629 pompae-tw.
1685 2560 1724 2610 ἐν

136 2650 264 2718 κήπῳ
290 2646 339 2698 δε
366 2653 505 2699 τοῦτο
539 2670 614 2697 και
652 2671 792 2698 nomov
824 2644 942 2697 εἷναί
980 2645 1177 2714 φησιν
1159 2667 1184 2694 ο
1216 2640 1540 2711 συγγραφευς,
1573 2664 1719 2691 κατα-

134 2732 449 2795 σημαίνοντος
475 2729 638 2794 ὥσπερ
664 2729 774 2793 ἡμῖν
799 2730 847 2779 ἐν
873 2728 1007 2797 τύπῳ
1043 2729 1119 2778 καὶ
1147 2727 1443 2794 ὑπογραμμῳ
1483 2728 1566 2774 τοῦ
1603 2721 1725 2788 πρά-

69 2836 118 2873 3ο
137 2834 330 2878 γματος,
358 2811 427 2863 ὅτι
462 2814 546 2875 τῆς
577 2814 639 2864 εἰς
675 2810 757 2862 τὸν
782 2809 1074 2876 παράδεισον
1100 2810 1352 2875 εἶσδρομῆς
1388 2807 1464 2858 καὶ
1497 2803 1726 2871 πρόξενος

375 2950 430 2984 26.
456 2949 546 2983 ἀλλὰ
565 2949 607 2983 Ε.
625 2947 702 2983 ἀλλ’
723 2948 751 2982 εἷ
770 2948 836 2983 Ed.
1133 2957 1188 2991 29.
1215 2944 1325 2991 τύπῳ]
1351 2949 1385 2985 -l-
1407 2958 1442 2977 τε
1462 2954 1490 2976 a,

198 3016 289 3043 VOL.
314 3017 381 3044 III.
939 3015 961 3040 P
