2012 3272
145 124 211 165 vii.
238 139 268 165 1.
475 129 543 168 IN
580 131 923 174 EPISTOLAM
961 136 1042 176 AD
1082 138 1389 182 ROMANOS.
1645 150 1725 189 193

137 232 406 299 νενέκρωται
436 236 520 298 μὲν
545 240 592 288 ἐν
617 240 833 310 πρώτω
816 245 1031 314 Χριστῷ,
1063 248 1311 313 διαβέβηκε
1351 251 1398 301 δὲ
1435 254 1545 319 παρ’
1575 256 1718 307 αὐτοῦ

138 336 185 364 τε
214 316 287 365 καὶ
315 317 369 366 δι’
399 318 540 369 αὐτοῦ
566 343 640 371 και
668 326 730 376 εἰς
757 323 876 386 ἡμᾶς·
905 326 929 389 ἡ
957 350 1107 394 χαρις.

270 479 324 519 ’Ἠ
365 480 570 534 (ἂι-νοεῖτε,
608 484 819 541 ἀδελφοί;
869 489 1122 535 Γινώσκουσι
1161 494 1239 551 Γὰρ
1278 496 1406 544 νόμον
1445 499 1581 541 λαλῶ.

209 593 465 661 Πανταχοῦ
510 598 778 664 ἐπισφαλὲς
823 602 1075 668 ἀποφαίνει
1126 604 1180 655 τὸ
1223 606 1313 657 ὑπὸ
1365 607 1493 678 νόμω
1539 615 1722 662 κεῖσθαι

92 697 114 733 5
134 670 294 768 ζητεῖν
332 698 583 743 προτρεπει
609 679 657 729 δὲ
682 684 873 743 μᾶλλον
900 684 1119 751 ἐφίεσθαι
1144 710 1219 738 και
1248 687 1338 756 ὅλῃ
1367 692 1547 741 διανοια
1573 695 1722 761 διψῆν

132 752 219 817 τὴν
253 754 328 806 διὰ
357 759 562 813 πίστεως
598 784 747 828 χαριν,
776 766 993 815 τουτέστι
1032 767 1118 831 τὴν
1145 770 1193 818 ἐν
1220 773 1421 840 Χριστῶ
1457 774 1721 825 δικαίωσιν·

133 833 170 905 ᾠ
206 839 281 888 καὶ
318 840 643 909 συντεθάφθαι
683 846 1015 913 διισχυρίσατο
1049 849 1156 904 τοὺς
1190 854 1670 919 βεβαπτισμεηνους,
1651 880 1724 908 ινα

132 920 433 984 νεκρωθεντες
471 928 529 990 τῇ
564 925 782 994 ἁμαρτία,
823 931 932 997 Θεῷ
969 929 1158 995 ζήσειαν
1193 935 1241 983 ἐν
1278 935 1566 1004 δικαιοσύνῃ.
1619 960 1717 988 τοι-

1764 223 1932 266 [14M·]

1745 507 1846 556 Κεφ.
1870 505 1896 554 ζ
1907 537 1917 547 .

1747 574 1869 612 1sqq.

130 998 294 1066 γάρτοι
329 1026 404 1053 και
436 1004 646 1072 ε’φασκεν
681 1015 707 1036 ⁶⁶
730 1008 817 1072 Μὴ
853 1011 934 1060 οὖν
961 1014 1310 1071 βασιλευετω
1285 1039 1313 1079 η
1340 1017 1546 1084 ἁμαρτία
1581 1020 1629 1069 ἐν
1655 1024 1721 1070 τῶ
1739 1026 1846 1068 Supra
1861 1028 1905 1058 vi.

89 1088 159 1131 0⁶⁶
185 1086 340 1153 θνητῶ
390 1087 518 1150 ὑμῶν
561 1088 749 1151 σώματι
795 1094 856 1144 εἷς
905 1091 958 1143 τὸ
1010 1095 1257 1146 ὑπακούειν
1308 1103 1409 1151 ταῖς
1459 1101 1722 1164 ἐπιθυμίαις

131 1165 345 1229 “αὐτοῦ,
387 1168 505 1232 μηδὲ
543 1170 856 1236 παριστάνετε
895 1173 953 1224 τὰ
984 1176 1108 1241 μελη
1137 1178 1265 1240 ὑμῶν
1290 1178 1419 1230 ὅπλα
1452 1182 1631 1236 ἀδικιας
1662 1188 1720 1252 τῇ

131 1247 400 1317 (ςὰμαρτιά,
442 1250 573 1301 ἀλλὰ
617 1254 962 1318 παραστήσατε
1004 1258 1194 1312 ἑαυτους
1234 1264 1300 1311 τῶ
1345 1265 1454 1312 Gai>
1506 1266 1620 1315 ὡσεὶ
1671 1267 1721 1316 ἐκ

186 1334 360 1394 νεκρῶν
399 1331 586 1397 ζῶντας,
612 1336 688 1384 καὶ
726 1335 785 1386 τὰ
822 1334 946 1402 μελη
989 1341 1119 1403 ὑμῶν
1153 1341 1283 1393 ὅπλα
1320 1344 1618 1410 δικαιοσύνης
1653 1350 1721 1415 τῷ

130 1416 157 1438 “
185 1414 306 1480 Θεῷ·
365 1414 568 1480 ἁμαρτια
607 1439 699 1482 γαρ
739 1419 868 1481 ὑμῶν
900 1421 1049 1472 οὐκετι
1089 1423 1442 1489 κυριεύσει·οὑ
1480 1427 1573 1494 γάρ
1611 1430 1719 1480 ἐστε

62 1497 142 1547 1⁶5
146 1492 272 1543 ίὺπὸ
314 1493 469 1558 νόμον,
512 1498 622 1548 ἀλλ’
665 1499 755 1550 ὑπὸ
796 1523 948 1568 χαριν.
958 1503 982 1518 ”
1035 1504 1165 1570 ἄθρει
1206 1505 1262 1570 δὴ
1302 1508 1384 1558 οὖν
1425 1507 1552 1563 ὅπως
1593 1511 1716 1561 ἀπο·

129 1577 347 1641 φοιτᾶν
324 1575 557 1628 επιτάττει
582 1583 665 1643 τῆς
690 1587 773 1632 τοῦ
800 1582 943 1646 νόμου
969 1590 1128 1649 σκιᾶς,
1160 1587 1428 1656 ὑποτρεχειν
1456 1590 1504 1641 δε
1528 1596 1720 1651 μᾶλλον

126 1654 212 1718 τὴν
239 1657 287 1706 ἐν
313 1660 513 1728 Χριστῶ
547 1660 701 1728 χάριν·
745 1664 875 1728 πλὴν
900 1667 982 1717 οὐκ
1015 1667 1253 1733 ἠγνόησεν
1279 1672 1304 1720 6
1330 1672 1719 1741 πνευματοφόρος

128 1760 197 1788 οτι
237 1736 293 1801 δὴ
332 1739 520 1795 πάντως
556 1744 722 1809 ε’ροῡσί
755 1768 885 1809 τινες,
925 1748 1073 1813 ἤγουν
1111 1753 1529 1818 διαλογιοῦνται,“’
1505 1777 1575 1805 οτι
1615 1759 1714 1821 διη-

127 1819 426 1886 μαρτήκασιν
472 1823 564 1889 ἄρα
607 1829 690 1890 τῆς
740 1828 916 1882 εὐθειας
963 1830 1074 1882 ὁδοῦ
1124 1855 1200 1883 και
1251 1833 1368 1900 ζωῆς
1414 1838 1456 1886 οἱ
1498 1837 1711 1903 πατέρες·

60 1921 108 1945 20
127 1898 283 1999 ὤνησε
323 1901 371 1953 δε
410 1904 576 1960 αὐτους
601 1908 626 1957 6
658 1906 798 1972 νόμος
838 1911 983 1974 οὐδεν,
1022 1916 1097 1964 καὶ
1137 1915 1323 1983 φροῦδα
1359 1940 1460 1971 πως
1502 1919 1590 2014 ηδη
1633 1923 1716 1984 τῆς

126 1983 308 2034 ἐκείνων
333 1989 574 2042 πολιτειας
599 2012 659 2040 τα
692 1992 960 2059 αὐχήματα·
1003 1999 1040 2046 εἰ
1076 1994 1170 2063 γάρ
1196 1998 1299 2048 ε’στι
1325 2003 1420 2049 τῶν
1445 1999 1635 2051 ἀτόπων
1660 2002 1715 2053 τὸ

132 1334 159 1356 66

126 2063 216 2115 ὑπὸ
256 2064 384 2136 νόμω
423 2074 606 2121 κεῖσθαι
645 2070 806 2137 ζητειν,
833 2097 908 2125 και
939 2074 997 2139 ἧν
1030 2077 1162 2131 οὗτος
1201 2083 1298 2133 τοῖς·
1337 2082 1548 2147 ἀρχαίοις
1575 2083 1600 2132 6
1631 2090 1715 2135 τοῦ

124 2146 230 2206 βίου
263 2148 457 2213 σκοπὸς,
485 2156 586 2206 πῶς
621 2155 703 2204 οὐκ
741 2155 914 2220 ἀληθες·
940 2162 1083 2209 εἰπεῖν
1109 2182 1172 2213 ως
1197 2166 1280 2211 τοῦ
1315 2184 1577 2227 πρεποντος
1609 2167 1708 2228 διη-

125 2229 454 2294 μαρτήκασιν·
442 2273 454 2294 ,
510 2235 780 2301 ἀγωνίζεται
816 2238 972 2289 τοίνυν
1005 2241 1029 2290 ὁ
1061 2241 1332 2306 Χριστὸν’
1314 2243 1433 2310 ε’χων
1469 2246 1517 2295 ἐν
1548 2247 1711 2316 εαυτῷ·

58 2329 104 2367 25
126 2331 200 2360 και
251 2312 601 2366 ὑποπλάττεται
652 2316 737 2412 μὲν
785 2319 968 2386 εὐφυῶς
1011 2320 1066 2371 τὸ
1115 2324 1190 2373 καὶ
1242 2324 1399 2378 αὐτοῖς·
1449 2325 1714 2386 βούλεσθαι

124 2399 358 2444 συνειπεῖν
384 2400 481 2449 τοῖς
513 2397 602 2448 ὑπὸ
630 2399 773 2462 νόμον
798 2401 1073 2467 βεβιωκόσι,
1099 2427 1363 2477 περιτρεπει
1402 2406 1451 2458 δὲ
1487 2408 1714 2463 ποικίλως

124 2494 184 2525 εις
210 2496 264 2538 γε
299 2475 353 2526 τὸ
387 2478 481 2528 δεῖν
508 2478 704 2543 οιέσθαι,
733 2488 894 2548 καιροῦ
923 2490 1180 2540 καλουντος
1214 2491 1274 2540 εἰς
1306 2488 1483 2551 πίστιν,
1510 2488 1575 2553 μὴ
1602 2491 1713 2541 λιαν

124 2554 298 2607 ἐθέλειν
331 2563 426 2612 τοῖς
453 2561 661 2627 ἀρχαίοις
691 2562 847 2614 ε’θεσιν
886 2566 1249 2667 ἐμφιλοχωρεῖν·
1305 2569 1529 2638 ταύτῃτοί
1560 2579 1712 2672 φησιν

118 2640 179 2685 ’NH
213 2641 417 2703 ἀγνοειτε,
445 2638 652 2711 ἀδελφοι,
683 2645 946 2709 ’γινῶσ-κουσι
982 2671 1073 2718 γαρ
1110 2673 1228 2717 νυμον
1263 2664 1414 2714 λαλω,
1443 2677 1503 2704 οτι
1537 2660 1555 2706 ὁ
1590 2678 1711 2723 νομος

57 2734 105 2768 30
127 2719 293 2786 κυριεύει
335 2746 405 2772 του
445 2722 660 2793 ἀνθρώπου
699 2726 769 2794 ἐφ’
797 2727 890 2779 ‘oo-ov
923 2752 1064 2798 χρονον
1096 2731 1179 2802 Cn·
1169 2773 1180 2792 ,
1222 2755 1328 2799 opos*
1364 2733 1498 2788 οὗτος
1527 2735 1709 2800 γενικὸς·

176 2887 205 2911 1.
231 2879 326 2925 διέβη
346 2888 371 2916 t.
390 2890 455 2917 cet.
659 2897 690 2920 2.
718 2902 754 2921 τε
771 2895 994 2933 assumptum
1012 2902 1053 2924 ex
1071 2898 1096 2925 t.
1115 2898 1181 2926 cet.
1373 2906 1407 2935 4.
1434 2896 1537 2939 νόμον
1556 2894 1598 2929 Β.
1617 2896 1707 2942 νόμῳ

126 2923 265 2959 exhibet
281 2934 314 2961 et
331 2928 367 2962 in
384 2930 504 2965 tabula
521 2942 627 2966 aenea
643 2934 729 2968 tomi
748 2934 846 2969 initio
864 2936 1014 2979 praefixa
1031 2937 1116 2972 Mai.

184 2990 364 3021 VOL.111.
888 3001 909 3027 C
934 3005 954 3029 C

1693 1071 1703 1089 ί
1742 1078 1803 1101 12-
1783 1079 1857 1110 -.14
