2017 3252
327 120 411 160 592
759 117 808 157 B.
842 117 1088 157 CYRILLI
1125 117 1473 158 ALEXANDR.

330 228 450 277 οὕτω
490 226 582 277 νόει
616 228 689 277 καὶ
727 228 800 277 ἐπὶ
826 230 1057 291 Χριστοῦ.
1113 224 1206 290 πρὸ
1245 225 1329 287 μὲν
1367 225 1460 291 γὰρ
1497 228 1577 288 τῆς
1606 223 1905 289 ἐνανθρωπή-

328 333 450 363 σεως
477 309 654 375 γυμνὸς
688 310 752 360 ὢν
787 310 853 360 ἔτι
888 312 963 360 καὶ
999 311 1105 360 καθ’
1145 309 1308 360 ἑαυτὸν
1344 311 1368 359 ὁ
1396 308 1551 374 Λόγος
1588 308 1820 374 εἰργάζετο
1852 306 1911 356 τὰ

331 397 579 460 θεοπρεπῆ,
604 393 809 459 γεγονὼς
841 393 888 444 δὲ
921 394 1180 457 ἄνθρωπος,
1209 393 1391 458 ἐνήργει
1422 394 1496 443 καὶ
1530 391 1605 443 διὰ
1631 395 1712 454 τῆς
1746 393 1911 441 ἑαυτοῦ

291 475 522 542 θσαρκὸς,
550 478 611 528 ὡς
637 475 769 542 ἔφην.
824 476 970 528 οὕτως
1001 474 1163 542 ἥψατο
1197 479 1291 524 τῶν
1330 478 1543 542 τυφλῶν,
1570 473 1721 538 ἤγειρε
1756 472 1803 522 δὲ
1835 474 1911 522 καὶ

329 556 412 607 τὸν
437 560 519 620 τῆς
551 556 699 624 χήρας
733 555 831 606 υἱὸν
855 555 1004 607 πάλιν
1030 556 1232 607 ἐκτείνας
1270 555 1355 618 τὴν
1381 559 1513 622 χεῖρα
1551 556 1627 605 καὶ
1665 552 1910 621 ἁψάμενος
1932 574 1953 610 5

328 641 412 700 τῆς
446 644 611 704 σοροῦ·
668 639 788 688 οὕτω
822 636 1010 689 πτύσας
1050 638 1124 686 καὶ
1164 635 1369 699 ποιήσας
1407 635 1564 700 πηλὸν
1604 636 1763 702 ε”χρισε
1804 634 1912 686 τοὺς

328 719 610 787 ὀφθαλμοὺς
646 724 728 769 τοῦ
765 720 814 768 ἐκ
852 720 1076 783 γεννητῆς
1115 722 1315 785 τυφλοῦ.

402 805 462 852 ΕΖ
494 801 541 851 δὲ
580 803 654 851 καὶ
690 803 819 865 διῆγε
857 803 1191 861 πνευματικῶς,
1223 797 1365 849 ἐννόει
1406 798 1566 860 πάλιν,
1599 798 1669 848 ὅτι
1708 796 1767 847 τὰ
1801 797 1909 847 καθ’

327 881 447 945 ἡμᾶς
485 881 785 948 ἀναβιβάζων
819 885 881 935 εἷς
922 879 1236 944 πνευματικὴν
1270 880 1525 942 πολιτείαν,
1559 878 1697 932 αὐτὸς
1734 878 1912 946 ἤρξατο

329 969 411 1015 τοῦ
445 964 725 1029 πράγματος
763 963 1079 1027 ἀνθρωπίνως,
1107 963 1182 1012 ἵνα
1221 960 1327 1014 ὁδὸς
1366 963 1440 1010 καὶ
1479 960 1600 1026 ἀρχὴ
1635 961 1822 1026 γένηται
1854 963 1910 1026 τῇ
1936 988 1982 1011 10

50 1081 53 1083 -
107 1063 192 1097 393
214 1062 265 1098 A.
291 1045 578 1110 ao'wOpa'mov
603 1045 746 1112 φύσει
779 1044 897 1109 πρὸς
933 1043 986 1094 τὸ
1019 1043 1250 1093 δύνασθαι
1283 1041 1462 1107 διαζῆν,
1489 1042 1636 1092 οὐκέτι
1677 1045 1912 1106 σαρκικῶς

330 1129 405 1178 καὶ
431 1125 712 1195 φιληδόνως,
740 1127 882 1190 ἁγίως
908 1125 955 1175 δὲ
983 1130 1171 1187 μᾶλλον
1198 1126 1273 1174 καὶ
1298 1127 1633 1186 πνευματικῶς.
1671 1121 1793 1190 ἀρχὴ
1819 1121 1912 1187 γὰρ

328 1209 438 1271 ἡμῖν
475 1207 651 1261 παντὸς
693 1208 884 1273 γε’γονεν
925 1209 1121 1271 ἀγαθοῦ,
1163 1207 1238 1256 καὶ
1280 1205 1355 1255 διὰ
1400 1210 1538 1254 τοῦτο
1580 1204 1787 1271 πέφηνεν
1828 1203 1908 1253 ἄν·

328 1294 532 1356 θρωπος,
561 1290 635 1340 ἵνα
667 1292 749 1352 τῆς
776 1291 823 1340 ἐν
848 1288 1007 1351 Ἀδὰμ
1033 1287 1276 1339 ἀσθενείας
1315 1285 1638 1351 ἐλευθερώσας
1670 1284 1754 1348 τὴν
1782 1285 1912 1348 ἡμῶν

330 1372 493 1440 φύσιν,
521 1374 582 1425 ὡς
607 1373 654 1422 ἐν
680 1372 828 1439 ἑαυτῷ
855 1372 929 1421 καὶ
957 1369 1131 1438 πρώτῳ
1157 1369 1285 1436 δείξῃ
1312 1366 1640 1431 πνευματικήν.
1936 1376 1982 1413 ¹5

144 1467 206 1509 369
218 1468 260 1500 A·
285 1467 311 1507 d

268 1529 310 1570 I'.
649 1526 820 1578 ‘Opot'ws
841 1531 921 1569 πῶς
946 1525 1029 1567 κατ’
1052 1527 1181 1567 εἰκόνα
1203 1529 1308 1567 Θεοῦ
1331 1527 1350 1565 ὁ
1374 1525 1589 1576 ἄνθρωπος.

946 1645 1296 1682 ΕΠΙΛΎΣΙΣ.

406 1750 599 1815 Ἐπειδὴ
630 1751 684 1800 δέ
717 1755 841 1820 φασι
873 1753 948 1801 καὶ
986 1750 1166 1816 ἑτέρους
1205 1750 1369 1816 ζητεῖν,
1400 1753 1500 1802 πῶς
1540 1748 1596 1812 δὴ
1635 1747 1734 1798 κατ’
1762 1746 1914 1798 εἰκόνα

333 1837 458 1884 Θεοῦ
483 1832 715 1898 προσήκει
750 1836 959 1883 νοεῖσθαι
985 1831 1067 1882 τὸν
1095 1832 1358 1897 ἄνθρωπον,
1386 1828 1484 1881 εἶτά
1521 1853 1639 1884 τινες
1677 1830 1914 1884 ἀσυνέτως

333 1916 499 1979 κομιδῆ
535 1913 620 1977 τὴν
646 1919 728 1964 τοῦ
761 1913 984 1977 σώματος
1015 1912 1182 1975 εἰκόνα,
1210 1914 1285 1962 καὶ
1318 1913 1371 1962 τὸ
1398 1912 1632 1977 ὁρώμενον
1657 1909 1776 1964 εἶδος
1801 1909 1912 1962 αὐτό
1935 1932 1983 1956 20

381 2080 412 2103 2.
438 2069 563 2114 γυμνὸς
580 2079 650 2102 om.
668 2067 709 2102 C.
728 2067 833 2102 habet
851 2073 886 2102 Γ.
960 2067 1012 2100 καὶ
1031 2071 1253 2110 assumptum
1271 2077 1311 2099 ex
1331 2064 1470 2100 A.CJ).
1544 2065 1716 2110 εἰργάζετο
1734 2063 1912 2098 A.C.F.D.

333 2115 506 2160 ἐργάζεται
524 2114 591 2149 Ed.
795 2125 828 2158 3.
855 2115 975 2148 ἑαυτοῦ
993 2114 1120 2157 σαρκὸς
1138 2112 1229 2146 A.C.
1248 2113 1374 2155 σαρκὸς
1391 2112 1493 2145 αὐτοῦ
1511 2110 1578 2144 Ed.
1788 2122 1821 2152 4.
1847 2113 1914 2144 τῶν

333 2161 491 2207 τυφλῶν]
519 2162 572 2195 καὶ
596 2161 654 2194 τὸν
678 2162 812 2205 τυφλὸν
830 2161 871 2194 C.
943 2162 1056 2205 ἤγειρε
1074 2159 1109 2193 δέ
1131 2158 1183 2204 [δὲ
1201 2169 1271 2192 orn.
1290 2157 1334 2202 C]
1355 2159 1408 2191 καὶ
1425 2157 1554 2192 A.C.P.
1573 2155 1677 2191 οὕτως
1694 2158 1825 2201 ἤγειρεν
1844 2156 1911 2190 Ed.

334 2218 367 2253 5.
394 2209 452 2242 τὸν
478 2209 535 2251 τῆς
562 2206 667 2252 χήρας
693 2208 765 2241 υἱὸν
790 2207 894 2241 πάλιν
921 2205 988 2240 hoc
1015 2205 1136 2240 ordine
1153 2204 1282 2239 A.C.I'.
1308 2206 1412 2239 πάλιν
1437 2210 1517 2237 ante
1542 2204 1600 2237 τὸν
1626 2203 1823 2247 transponit
1844 2202 1912 2237 Ed.

336 2254 461 2289 Statim
480 2254 624 2289 ἐκτείνας
641 2254 702 2297 τὴν
717 2255 815 2298 χεῖρα
831 2253 899 2287 hoc
916 2252 1037 2286 ordine
1056 2251 1143 2286 A.C.
1256 2251 1289 2285 6.
1315 2250 1460 2294 ποιήσας
1474 2250 1582 2293 πηλὸν
1599 2249 1665 2283 hoc
1682 2249 1804 2282 ordine
1822 2249 1911 2283 A.C.

333 2301 407 2336 τοὺς
435 2300 637 2345 ὀφθαλμοὺς
660 2302 720 2333 τοῦ
746 2300 780 2333 ἐκ
804 2300 962 2344 γεννητῆς
987 2300 1123 2343 τυφλοῦ
1141 2296 1228 2332 A.C.
1248 2299 1308 2331 τοῦ
1326 2297 1361 2330 ἐκ
1381 2297 1516 2341 γενετῆς
1532 2297 1668 2340 τυφλοῦ
1685 2294 1761 2330 τοὺς
1778 2295 1912 2340 ὀφθαλ-

333 2347 416 2391 μούς
433 2347 501 2380 Ed.
731 2347 763 2379 8.
791 2346 884 2391 διῆγε
901 2347 1129 2388 πνευματικῶς
1146 2344 1212 2378 hoc
1230 2343 1352 2377 ordine
1370 2343 1459 2377 A.C.
1531 2343 1572 2375 τὰ
1591 2341 1648 2386 [τὰ
1665 2353 1734 2375 om.
1755 2341 1813 2386 C.]
1834 2341 1911 2375 καθ’

333 2393 418 2436 ἡμᾶς
434 2393 647 2435 ἀναβιβάζων
664 2392 730 2426 hoc
749 2392 870 2426 ordine
887 2391 976 2426 A.C.
1220 2401 1272 2424 10.
1299 2389 1339 2423 ἵν’
1356 2389 1451 2422 A.D.
1524 2387 1658 2433 γένηται
1676 2389 1715 2431 τῇ
1735 2387 1912 2432 ἀνθρώπου

333 2439 441 2483 φύσει
458 2439 523 2472 hoc
541 2439 662 2472 ordine
679 2438 769 2472 A.C.
788 2438 922 2482 γένηται
940 2442 1020 2482 post
1037 2436 1143 2482 φύσει
1160 2436 1358 2480 transponit
1376 2435 1443 2468 Ed.
1728 2445 1781 2467 12.
1806 2435 1911 2478 φιλη-

333 2486 445 2520 δὼνως
465 2485 543 2528 (Sic)
563 2485 607 2518 A.
680 2485 768 2529 ἀρχὴ
788 2485 854 2528 γὰρ
880 2484 956 2527 ἡμῖν
975 2483 1099 2518 παντὸς
1119 2483 1259 2528 [παντὸς
1280 2493 1348 2515 om.
1370 2480 1429 2526 C,]
1448 2480 1586 2526 γέγονεν
1611 2479 1739 2524 ἀγαθοῦ
1764 2479 1830 2514 hoc
1856 2491 1912 2514 Or-

334 2531 415 2564 dine
434 2531 522 2565 A.C.
541 2530 669 2574 ἀγαθοῦ
687 2532 752 2575 γὰρ
770 2531 893 2565 παντὸς
911 2530 988 2572 ἡμῖν
1004 2528 1123 2573 γέγονε
1140 2527 1227 2573 ἀρχή
1248 2527 1314 2561 Ed.
1600 2538 1653 2568 14.
1679 2526 1911 2570 ἐλευθερώσας

335 2577 578 2622 [ἐλευθερῶσαι
599 2576 679 2620 (Sic)
700 2576 758 2620 C.]
778 2576 837 2620 τὴν
853 2576 945 2620 ἡμῶν
968 2575 1078 2617 φύσιν
1102 2575 1168 2609 hoc
1193 2573 1315 2607 ordine
1332 2573 1422 2607 A.C.
1440 2572 1674 2615 ἐλευθερώσας
1698 2578 1778 2616 post
1803 2571 1912 2616 φύσιν

333 2623 530 2667 transponit
549 2622 614 2656 Ed.
819 2632 870 2664 ¹5·
898 2623 1004 2667 ἑαυτῷ
1024 2620 1110 2655 A.C.
1128 2621 1216 2665 αὐτῷ
1238 2620 1282 2653 D.
1303 2619 1368 2653 Ed.
1441 2618 1534 2661 δείξῃ
1553 2618 1646 2653 C.D.
1663 2618 1765 2661 δείξει
1783 2618 1825 2652 Α.
1844 2617 1911 2652 Ed.

337 2670 390 2704 16.
418 2675 431 2702 Ι
451 2669 587 2713 reposui
606 2681 623 2702 e
641 2673 677 2708 Γ,
697 2673 725 2701 Θ
744 2667 883 2701 exhibet
900 2668 931 2701 A
951 2679 1022 2709 mg.
1094 2671 1165 2702 πῶς
1183 2672 1404 2710 assumptum
1423 2677 1463 2698 ex
1482 2664 1620 2698 A.C.D.
1760 2673 1812 2708 17.
1839 2664 1911 2698 ἐπί-

332 2718 434 2751 λυσις
451 2716 580 2749 A.C.P.
599 2715 620 2748 θ
638 2715 762 2748 iterum
782 2713 878 2747 addit
899 2714 940 2747 A.
960 2714 1083 2757 κεφαλ.
1101 2728 1134 2757 γ.
1155 2712 1220 2746 Ed.
1506 2712 1558 2745 18.
1585 2710 1699 2753 ἐπειδὴ
1717 2710 1752 2744 δέ
1770 2709 1910 2744 A.C.D.

332 2763 467 2797 ἐπειδὰν
489 2762 555 2795 Ε(].
607 2761 731 2795 Statim
759 2761 850 2804 φασι
878 2761 931 2793 καὶ
957 2759 1092 2802 ἑτέρους
1119 2759 1184 2792 hoc
1212 2757 1335 2791 ordine
1361 2757 1450 2791 A.C.
1482 2758 1535 2791 καὶ
1561 2757 1695 2802 ἑτέρους
1722 2757 1814 2801 φασὶ
1843 2756 1910 2790 Ed.

331 2809 383 2842 δεῖ
400 2820 463 2853 pro
480 2808 520 2851 δὴ
540 2808 581 2841 C.
655 2805 724 2840 κατ’
742 2806 852 2840 εἰκόνα
870 2808 957 2839 Θεοῦ
975 2805 1138 2848 προσήκει
1159 2803 1341 2849 [προσήκει
1366 2804 1496 2837 omittit
1522 2803 1659 2848 (litteris
1686 2802 1824 2837 duobus
1850 2803 1910 2835 tri-

330 2855 442 2889 busve
467 2853 592 2898 erasis)
616 2853 675 2898 C.]
703 2853 853 2887 νοεῖσθαι
878 2853 935 2887 τὸν
959 2851 1135 2895 ἄνθρωπον
1159 2851 1287 2885 A.C.F.
1313 2851 1371 2884 τὸν
1395 2850 1571 2894 ἄνθρωπον
1594 2848 1663 2883 κατ’
1689 2849 1798 2883 εἰκόνα
1823 2850 1911 2883 θεοῦ

330 2900 495 2945 προσήκει
514 2903 631 2944 νοῆσαι
652 2899 717 2933 Ed.
