2012 3272
81 135 165 176 viii.
187 147 250 189 23.
414 132 482 173 IN
520 132 861 173 EPISTOLAM
899 132 981 172 AD
1021 132 1329 173 ROMANOS.
1584 135 1666 174 217

1733 216 1762 236 2(
1786 207 1835 237 M.

81 243 177 294 οὐδ’
224 241 281 293 ἂν
321 241 557 307 ἠθέλησεν
599 240 912 309 ὑποτετάχθαι
953 265 1001 293 τε
1046 244 1120 292 καὶ
1168 243 1412 306 ὑπηρετεῖν
1457 247 1551 295 τοῖς
1595 243 1664 293 ἐπ’
1699 206 1713 248 ἱ
1753 217 1771 248 )
1853 206 1867 248 ]

79 326 227 376 οὐδενὶ
271 329 365 375 τῶν
414 324 681 390 ἀναγκαίων
722 324 868 390 ἤγουν
914 326 1108 389 ἀγαθῶν
1152 327 1365 384 διαβιοῦν
1411 324 1664 387 ἑλομένοις·

78 408 188 457 ἀλλ’
235 411 305 458 ἐπ’
348 404 515 465 ἑλπίδι,
561 408 698 475 φησι,
744 410 838 457 τῶν
889 406 1246 469 σωθησομένων
1288 408 1363 456 καὶ
1408 410 1502 457 τῶν
1547 406 1668 456 κατὰ

78 488 262 553 καιροὺς
308 490 455 555 ἁγίων
495 513 544 540 τε
589 491 664 540 καὶ
707 491 951 551 ἐκλεκτῶν,
998 487 1303 539 ὑποτέτακται
1344 488 1471 551 τέως,
1518 511 1663 539 κατα-

34 591 56 630 5
77 569 349 637 ζευγνύντος
375 571 520 635 αὐτὴν
545 577 629 622 τοῦ
657 575 783 622 Θεοῦ
823 573 899 622 καὶ
936 570 1034 622 οἷον
1060 576 1312 637 τηροῦντος
1346 576 1406 625 εἷς
1434 570 1669 642 ἐλευθερίαν

77 653 163 718 τὴν
201 654 291 706 ὑπό
328 678 383 722 γε
420 660 515 708 τοῖς
555 656 704 720 ἁγίοις
746 657 821 705 καὶ
866 659 961 708 τοῖς
1006 656 1260 719 ἀγαπῶσιν
1306 652 1460 716 αὐτὸν,
1497 654 1571 704 ἵνα
1611 653 1668 717 δὴ

76 737 234 802 μόνοις
262 739 466 806 ὑπηρετῇ
491 741 587 791 τοῖς
613 738 754 788 αὐτοῦ
777 736 965 799 τέκνοις,
987 738 1061 787 καὶ
1087 741 1187 789 ταῖς
1213 740 1307 786 τῶν
1333 735 1668 804 ἐξειλεγμένων

76 820 355 887 παρακέοιτο
393 820 582 887 χρείαις·
632 820 764 870 ἀλύει
802 819 886 883 μὲν
918 818 1010 885 γὰρ
1036 820 1287 885 μονονουχὶ
1323 820 1398 868 καὶ
1433 818 1668 868 ὠδίνουσα

77 903 151 952 καὶ
190 902 500 968 ἀλγυνομένη·
553 904 628 953 καὶ
668 901 794 969 εἴπερ
820 900 878 965 ἦν
904 903 1021 968 αὐτῇ
1046 899 1100 952 τὸ
1132 902 1207 951 καὶ
1244 900 1408 951 εἰδέναι
1446 923 1491 951 τι
1530 898 1662 950 δύνα-

10 1006 57 1031 10
77 988 193 1034 σθαι
218 989 313 1035 τῶν
339 985 446 1035 καθ’
475 984 595 1048 ἡμᾶς
621 984 928 1051 πραγμάτων,
949 983 1072 1052 τάχα
1098 1006 1190 1035 που
1217 985 1292 1033 καὶ
1319 981 1665 1047 ἀνοιμώζουσα·

76 1065 205 1129 πλὴν
245 1071 340 1120 τοῖς
379 1067 516 1120 θείοις
560 1066 751 1117 εἴκουσα
794 1067 1005 1129 νεύμασι,
1051 1067 1301 1132 καραδοκεῖ
1341 1063 1518 1130 τρόπον
1563 1062 1668 1114 τινὰ

1687 1148 1792 1188 Sulrss
1810 1158 1875 1178 ver.

76 1156 102 1177 “
129 1148 214 1212 τὴν
239 1148 559 1217 ἀποκάλυψιν,
588 1151 650 1203 ὡς
678 1148 812 1217 ἔφην,
839 1153 932 1200 τῶν
961 1152 1072 1200 υἱῶν
1097 1153 1180 1199 τοῦ
1207 1145 1373 1198 Θεοῦ.”
1691 1201 1725 1233 ¹9

127 1291 186 1332 Οὐ
225 1292 356 1340 μόνον
395 1291 454 1342 δὲ,
493 1292 603 1332 ἀλλὰ
644 1291 711 1332 καὶ
751 1292 871 1333 αὐτοὶ
909 1292 985 1332 τήν
1024 1291 1221 1347 ἀπαρχὴν
1264 1292 1332 1331 τοῦ
1371 1290 1614 1338 Πνεύματοε
1688 1303 1735 1338 23

274 1376 459 1432 ἔχοντες,
499 1376 567 1417 καὶ
605 1375 725 1425 ὑμεῖς
764 1376 884 1417 αὐτοὶ
920 1377 963 1417 ἐν
1002 1373 1171 1417 ἑαυτοῖς
1210 1375 1477 1431 στενάζομεν.

8 1496 54 1534 15
144 1479 344 1547 Δέχεται
369 1479 487 1546 πρὸς
515 1478 755 1548 ἀπόδειξιν
779 1483 872 1529 τῶν
893 1479 1143 1545 εἰρημένων
1163 1477 1216 1528 τὸ
1243 1479 1291 1528 ἐν
1317 1478 1426 1541 ἡμῖν
1452 1477 1667 1542 γίνεσθαι

75 1560 299 1629 πεφυκός·
341 1566 461 1613 αὐτοὶ
502 1560 593 1628 γὰρ
635 1562 763 1625 ἡμεῖς
803 1565 955 1630 φησιν
995 1564 1036 1611 οἱ
1075 1559 1145 1620 τὴν
1184 1559 1395 1630 ἀπαρχὴν
1435 1560 1508 1610 τοῦ
1536 1558 1668 1610 Πνεύ-

74 1666 223 1712 μοιτος
251 1643 418 1707 ἔχοντες
448 1648 569 1695 αὐτοὶ
599 1649 636 1694 ἓν
663 1644 831 1698 ἑαυτοῖς
855 1642 1116 1713 στενάζομεν
1138 1640 1433 1708 βαρούμενοι,
1462 1638 1668 1691 υἱοθεσίαν

75 1722 422 1794 ἀπεκδεχομενοι
463 1724 532 1785 τὴν
581 1724 886 1795 ἀπολύτρωσιν
931 1727 1003 1776 τοῧ
1043 1725 1255 1793 σώματος
1296 1723 1425 1792 ἡμῶν.
1493 1722 1666 1786 ἀληθὲς

75 1807 169 1875 γὰρ
215 1808 285 1859 ὅτι
330 1815 357 1837 “
384 1807 600 1877 φθαρτὸν
639 1812 781 1872 σῶμα
831 1808 1024 1874 βαρύνει
1070 1807 1248 1875 ψυχὴν,
1294 1808 1368 1857 καὶ
1413 1806 1567 1872 βρίθει
1611 1805 1664 1856 τὸ
1684 1822 1758 1862 Sap.
1777 1823 1819 1853 ix.
1842 1831 1889 1863 15·

78 1897 104 1919 ‘⁶
130 1894 299 1956 γεῶδες
337 1893 513 1954 σκῆνος
551 1896 659 1941 νοῦν
697 1889 1107 1957 πολυφρόντιδα.”
1159 1888 1410 1955 γεγονότος
1449 1887 1497 1938 δὲ
1535 1886 1671 1957 ἅπαξ

76 1973 124 2022 ἐν
173 1972 281 2036 ἡμῖν
333 1978 415 2023 τοῦ
464 1972 755 2037 Πνεύματος,
799 1974 876 2023 καὶ
926 1974 1393 2039 μεταστοιχειοῦντος
1437 1970 1558 2034 ἡμᾶς
1604 1974 1667 2023 εἷς

76 2054 242 2122 ἔφεσιν
285 2057 464 2121 ἀρετῆς,
496 2053 744 2123 ἀντεξάγει
782 2053 944 2121 ὥσπερ
984 2055 1010 2118 ἡ
1051 2054 1359 2122 φιλοσαρκία,
1393 2054 1467 2103 καὶ
1505 2054 1530 2103 ὁ
1569 2056 1666 2105 τοῖς

76 2134 271 2200 μέλεσιν
298 2137 428 2201 ἡμῶν
455 2136 830 2205 ἐγκατασκήψας
855 2137 1011 2200 νόμος,
1039 2138 1107 2187 ἀεὶ
1134 2135 1415 2200 καταθήγων
1441 2138 1502 2188 εἷς
1529 2133 1663 2184 ἐκτό-

78 2242 195 2273 πους
225 2219 407 2284 ἡδονας,
436 2221 625 2284 ἀπηνῶς
660 2220 1013 2270 ἀντανίσταται.
1055 2216 1273 2285 ταύτῃτοι
1309 2216 1571 2286 στενάζομεν
1596 2213 1666 2274 τὴν

9 2322 57 2360 25
78 2303 147 2352 τοῦ
174 2325 384 2370 σωματος
415 2301 530 2370 ἡμων
556 2301 859 2370 ἀπολύτρωσιν
893 2304 954 2353 εἰς
986 2298 1195 2352 υἰοθεσιοιν
1227 2297 1661 2364 καταλογιζόμενοι·

78 2383 396 2452 δεδιψήκαμεν
434 2406 527 2449 γαρ
555 2384 608 2434 οῦ
645 2381 731 2446 τὴν
763 2387 858 2433 τῶν
889 2381 1128 2446 σωμάτων
1162 2374 1407 2443 ἀπόθεσιν,
1433 2403 1536 2431 ουτε
1572 2377 1666 2443 μὴν

76 2466 251 2530 ταύτην
277 2464 396 2516 εἷναί
419 2470 575 2533 φαμεν
601 2464 689 2529 τὴν
715 2464 973 2531 λύτρωσιν·
1023 2464 1221 2515 ἐσεσθαι
1248 2461 1297 2513 δε
1323 2465 1665 2529 προσδοκῶμεν

128 2591 157 2614 1.
183 2592 307 2614 τεοῐη.
326 2580 370 2614 Α.
638 2578 1018 2622 4.τεωςΑτεωςΒ
1039 2577 1106 2612 Ed
1368 2575 1462 2610 6.τε
1481 2587 1544 2620 rpo
1561 2575 1663 2620 γ.εΑ

81 2637 134 2661 10.
159 2627 377 2671 ἀνοιμώξησα
394 2626 440 2661 Α.
568 2637 621 2661 12.
649 2626 854 2671 Sequuntur
872 2625 1002 2659 scholia
1020 2624 1115 2658 duo
1108 2636 1145 2658 m
1163 2624 1206 2666 A,
1224 2635 1242 2657 e
1258 2622 1364 2656 '.Phes
1383 2632 1452 2666 354
1471 2622 1492 2655 d
1506 2635 1536 2664 e,
1558 2631 1623 2666 170
1643 2621 1664 2655 b

79 2672 294 2718 deprompta.
595 2683 647 2718 15.
674 2673 731 2706 Ab
750 2672 816 2706 hoc
833 2673 911 2706 loco
928 2683 1041 2717 usque
1059 2671 1101 2704 ad
1121 2671 1226 2704 finem
1245 2670 1379 2714 capitis,
1399 2669 1664 2727 quaternionem

79 2720 207 2754 codicis
230 2721 283 2754 sui
308 2732 417 2754 manu
440 2720 628 2754 recentiore
651 2720 853 2764 suppletum
876 2730 951 2753 esse
977 2718 1120 2751 adnotat
1146 2717 1276 2750 Maius.
1352 2716 1426 2750 lnc.
1445 2716 1490 2749 Τὸ
1508 2717 1591 2760 γοῦν
1608 2713 1664 2758 ἐφ’

79 2765 155 2809 ἡμῖν
170 2767 325 2812 ’γίνεσθαι
342 2768 495 2811 πεφυκὸς
511 2766 645 2811 δέχεταί
662 2768 748 2810 πρὸς
764 2765 937 2808 (ἱπόδΕΙ-ξίν
953 2769 1019 2799 Τῶν
1037 2764 1217 2809 Εἷρημένων
1233 2778 1328 2797 αυΤΟΙ,
1346 2768 1386 2796 Α.
1500 2768 1551 2806 17.
1570 2761 1663 2793 (11’1T01

79 2813 114 2846 ἐν
130 2814 258 2848 ἑαυτοῖς
274 2819 499 2858 assumptum
518 2825 559 2847 ex
577 2813 621 2846 A.
694 2814 916 2857 βαρυνόμενοι
936 2811 1001 2856 (cf.
1023 2822 1040 2844 2
1061 2811 1143 2845 Cor.
1160 2822 1193 2844 v.
1213 2810 1250 2853 4)
1270 2810 1314 2843 A.
1503 2819 1558 2841 21.
1584 2806 1662 2850 τοῦ]

83 2863 119 2898 -1-
138 2858 202 2904 ‘·yA
204 2860 254 2894 ιὐυ
271 2860 314 2894 A.
520 2871 575 2894 22.
602 2860 655 2893 καὶ
674 2861 691 2893 ὁ
709 2859 753 2893 A.
770 2859 835 2902 ἔξω
856 2858 921 2892 Ed.
941 2858 993 2901 ιξο
1014 2857 1093 2902 (sic)
1114 2856 1268 2891 codicem
1288 2868 1305 2889 e
1323 2867 1393 2901 quo
1411 2853 1664 2888 txansmibebat

79 2905 136 2938 vix
153 2906 272 2950 legens
292 2907 347 2951 (ut
365 2905 452 2949 vid.)
473 2907 515 2940 B.
661 2917 715 2949 23.
743 2904 860 2950 ιόμος]
888 2910 921 2945 -ξ-
944 2905 996 2939 καὶ
1018 2904 1083 2938 Ed.
1106 2903 1222 2939 invitis
1241 2903 1284 2936 A.
1292 2903 1332 2937 B.
1478 2909 1565 2943 σχῇ-2
1573 2908 1603 2943 7.
1632 2899 1663 2931 A

79 2951 248 2995 λύτρωσιν
266 2953 308 2986 ad
326 2952 499 2996 λύτρωσιν
516 2952 665 2986 transllit
687 2953 727 2985 B.

136 3010 226 3038 VOL.
250 3012 317 3038 111.
852 3011 875 3036 F
897 2998 917 3036 f
