1981 3282
145 149 255 173 FIDES

144 257 263 293 Eldad
285 262 322 294 et
343 257 486 293 Modad
508 260 608 295 1100
626 270 657 302 c,
683 259 797 294 1101.

142 322 242 358 Elias
286 323 475 371 Propheta
518 328 666 371 praeter
700 322 909 371 Baptistam

195 388 408 436 praedictus
434 390 506 425 108
530 401 564 425 e.

141 453 364 489 Emmanuel
385 460 561 490 mortuus
582 459 639 490 est
661 453 710 490 iii.
735 455 825 491 361.

142 518 386 567 Evangelista
407 531 476 555 nos
493 519 689 555 veritatem
711 519 835 555 colere
850 518 909 555 vel

196 584 233 619 in
254 583 417 620 minimis
439 584 549 620 docet
574 587 648 621 179
669 584 705 620 b.

142 649 472 697 Evangelistarum
504 650 741 686 diversitates
775 654 908 685 notan-

195 720 257 750 tur
278 716 354 751 282
377 727 408 751 e.

141 779 390 828 Evangelium
423 781 460 816 S.
479 779 651 822 Joannis,
683 781 910 827 quapropter

195 845 373 892 scriptum
395 847 432 881 9.

141 910 390 958 Evangelium
429 910 488 946 vel
526 923 603 945 non
644 909 908 958 quaerentibus

194 975 485 1023 praedicandum
508 977 585 1012 892
603 988 622 1011 c
636 975 659 1011 d
673 988 704 1020 e,
727 977 817 1012 893.

141 1040 378 1076 Eucharistia
400 1041 541 1077 Christi
570 1039 808 1089 participatio
831 1042 907 1077 325

194 1118 215 1142 c
253 1106 330 1142 vita
350 1112 387 1142 et
401 1106 544 1142 Christi
559 1106 658 1142 vitae
673 1105 909 1154 participatio

196 1172 274 1207 606
296 1184 317 1207 a
355 1171 468 1208 efficit
497 1177 539 1208 ut
559 1172 673 1207 vitam
703 1171 741 1206 in
767 1171 909 1218 seipsos

194 1236 399 1272 habeamus
429 1242 607 1284 tanquam
639 1241 676 1272 et
696 1236 799 1272 Deus
814 1235 910 1271 Ver-

194 1301 284 1337 bum
317 1303 389 1338 361
425 1314 445 1337 c
506 1302 587 1350 ejus
625 1301 705 1350 typi
744 1303 821 1338 362
851 1313 871 1337 c
887 1300 911 1336 d

194 1366 435 1409 recusandae,
449 1379 516 1414 per
535 1366 683 1415 pietatis
699 1365 908 1414 religionis-

196 1444 267 1480 que
288 1432 583 1477 excusationem,
605 1431 812 1479 periculum
834 1433 909 1468 365

196 1510 216 1533 c
232 1497 257 1533 d
295 1497 441 1545 indigni
467 1496 686 1545 recipientes
705 1496 912 1544 puniuntur

199 1565 275 1599 597
298 1562 356 1599 cd
403 1563 628 1599 eucharistia
658 1564 736 1599 602
761 1574 782 1598 c
825 1567 912 1598 ante

197 1627 474 1664 Eucharistiam
505 1640 575 1664 nos
603 1628 771 1676 judicare
802 1627 913 1663 debe-

195 1705 280 1728 mus
302 1693 351 1729 iii.
375 1696 464 1730 430.

145 1757 384 1794 Eucharistia
409 1763 541 1794 contra
561 1757 741 1794 Satanam
761 1758 914 1794 roborat

200 1825 277 1860 ’738
295 1823 319 1858 d
358 1828 490 1859 contra
508 1823 722 1870 voluptates
743 1823 912 1859 carnales

198 1886 240 1923 M
262 1889 312 1924 56
359 1888 474 1924 efficit
502 1893 545 1924 ut
575 1887 715 1924 Christi
744 1888 914 1924 membra

199 1953 370 1989 membra
416 1958 546 1989 nostra
594 1955 672 1990 953
705 1953 740 1999 d,
788 1952 831 1989 M
862 1955 912 1990 56

197 2023 240 2054 ut
259 2018 389 2055 Verbo
409 2018 494 2054 vivo
519 2023 557 2054 et
576 2018 724 2055 vivifico
754 2018 911 2066 conjun-

197 2083 323 2131 gimur
343 2085 420 2120 953
442 2096 473 2126 c,
505 2083 550 2119 M
573 2086 623 2120 56
682 2083 774 2119 nihil
802 2083 913 2125 valet,

197 2148 270 2183 nisi
316 2148 435 2184 Verbi
481 2147 580 2186 Caro
629 2147 668 2184 id
719 2148 819 2195 quod
866 2147 914 2183 sit

197 2218 347 2248 maneat
367 2212 416 2249 iii.
440 2215 514 2250 481
578 2218 616 2249 et
645 2212 802 2248 mortuis
829 2224 915 2260 pro-

199 2278 283 2314 dest
316 2277 365 2314 iii.
400 2280 587 2314 542—544
652 2290 728 2313 non
767 2277 838 2312 nisi
876 2276 914 2312 in

200 2342 378 2378 Ecclesiis
413 2342 607 2379 catholicis
639 2342 832 2378 offerenda
862 2341 913 2377 iii.

201 2409 278 2444 595
319 2413 466 2444 servata
484 2420 561 2443 non
579 2407 754 2443 virtutem
777 2406 916 2443 amittit

200 2473 249 2510 iii.
273 2474 351 2510 606
395 2473 477 2509 vide
506 2471 648 2509 Christi
678 2471 789 2514 Caro,
820 2471 913 2509 Cor-

198 2550 280 2585 pus,
302 2536 517 2574 Christiani.

147 2602 309 2651 Eulogia
329 2605 407 2640 676
421 2603 459 2644 b,
482 2605 560 2640 953
582 2615 602 2639 c
616 2603 651 2648 d,
674 2604 766 2646 979,
784 2604 860 2639 998
878 2602 914 2644 d,

205 2670 303 2704 1001
328 2679 360 2712 e,
391 2670 492 2704 1005
514 2680 546 2709 0,
582 2669 686 2705 1104
707 2680 739 2709 e,
772 2669 874 2704 1105
896 2680 917 2704 a

202 2743 269 2779 per
289 2731 413 2774 Quam
441 2744 511 2768 nos
538 2732 723 2769 inhabitat
742 2731 917 2770 Christus

203 2795 245 2832 M
268 2799 329 2841 27,
352 2795 402 2832 iii.
423 2799 513 2834 404.

149 2860 311 2909 Eulogia
355 2873 432 2896 non
480 2874 582 2898 mors
629 2861 754 2899 Judae
795 2863 918 2901 737d

204 2924 409 2973 Sanguinis
439 2938 459 2962 e
492 2926 635 2963 Christi
658 2927 795 2965 Latere
825 2927 918 2964 effu-

271 3000 368 3030 VOL.
390 3001 458 3029 III·

692 135 903 172 INDEX
964 135 1210 172 RERUM.

1668 141 1745 175 625

1035 255 1178 292 sionem
1217 255 1400 305 primitias
1438 257 1551 294 habet
1586 261 1686 295 1074
1727 271 1746 294 c

1033 321 1084 363 in,
1118 321 1196 358 Pax
1236 322 1346 358 datur
1383 322 1422 357 in
1455 322 1561 359 initio
1604 326 1705 361 1093
1727 336 1747 360 c

1035 387 1228 423 Christum
1258 387 1296 423 in
1324 400 1456 423 manus
1480 394 1630 424 nostras
1650 389 1745 425 acci-

1032 451 1155 500 pimus
1194 454 1296 490 1104
1319 465 1338 489 e
1387 453 1466 489 vide
1499 454 1747 501 Eucharistia‚

1035 517 1250 554 Christiani.

980 583 1191 619 Eunomius
1210 583 1385 619 laudatur
1406 586 1456 621 30
1477 596 1497 620 c
1510 584 1534 620 d
1548 597 1578 621 e.

980 648 1196 684 Exinanitio
1227 649 1388 685 existere
1420 662 1497 684 non
1526 654 1652 697 potest
1678 649 1748 685 nisi

1034 713 1137 761 prius
1156 713 1352 761 plenitudo
1378 716 1479 752 1089
1501 715 1524 751 b
1538 727 1571 751 c.

981 781 1003 797 “
1024 778 1170 814 Exivi¹'
1193 781 1271 816 965
1293 779 1329 816 b.

981 845 1002 863 “
1022 843 1220 892 Exquisivi
1259 844 1467 880 Dominum
1482 844 1504 858 '⁷

1033 909 1102 945 cd.

1543 844 1632 893 quid
1674 847 1748 881 129

1355 1071 1385 1107 F

984 1171 1128 1207 FATUM
1162 1176 1293 1207 nostra
1321 1183 1398 1206 non
1418 1170 1606 1219 gubernat
1625 1169 1670 1205 M
1688 1173 1751 1212 20,

1038 1239 1102 1273 21.

981 1301 1120 1337 Fidelis
1151 1306 1188 1337 et
1208 1301 1331 1337 Patris
1361 1306 1399 1337 et
1428 1300 1512 1336 Filii
1539 1313 1679 1337 nomen
1702 1299 1753 1335 iii.

1039 1368 1129 1408 398,
1147 1368 1222 1403 399
1265 1365 1450 1402 Sacerdos
1464 1365 1580 1401 Filius
1595 1365 1645 1402 iii.
1661 1366 1753 1402 466.

982 1431 1113 1468 Fidem
1150 1432 1210 1475 ad,
1242 1444 1286 1467 ea
1314 1443 1409 1480 quae
1442 1431 1643 1479 pertinent,
1674 1443 1751 1466 non

1038 1497 1266 1541 scrutanda‚·
1295 1509 1391 1545 quae
1414 1496 1462 1532 ad
1485 1496 1753 1533 scrutationem

1039 1562 1246 1610 pertinent,
1272 1561 1316 1598 iis
1342 1574 1419 1598 non
1447 1567 1575 1598 tamen
1601 1561 1755 1598 creden-

1038 1627 1127 1663 dum
1151 1629 1228 1664 374
1250 1639 1270 1662 c
1310 1639 1387 1662 non
1414 1626 1499 1675 quia
1527 1626 1754 1674 accipienda,

1037 1692 1180 1728 idcirco
1207 1692 1363 1728 omnino
1393 1692 1439 1728 ab
1465 1691 1755 1740 investigatione

1038 1757 1289 1794 secedendum
1324 1760 1440 1794 393a
1500 1757 1579 1793 sine
1613 1762 1755 1793 scruta-

1037 1823 1144 1859 tione
1161 1823 1272 1859 rebus
1291 1822 1440 1859 Divinis
1458 1822 1631 1859 habenda
1645 1821 1687 1858 M
1704 1824 1754 1859 40

1036 1885 1115 1939 [pp.
1136 1890 1225 1930 236,
1248 1885 1355 1939 237}

985 1954 1101 1991 Fides
1135 1953 1172 1989 in
1202 1953 1453 2001 Unigenitum
1488 1953 1610 1999 salus;
1650 1965 1756 2000 prae—

1037 2019 1113 2055 mia
1133 2018 1172 2054 in
1193 2018 1297 2054 Urbe
1319 2018 1492 2066 Superna
1512 2020 1589 2055 516
1606 2030 1639 2054 c.

983 2084 1101 2120 Fides
1130 2084 1170 2119 in
1195 2083 1390 2120 Christum
1421 2083 1469 2119 ad
1496 2083 1621 2119 Deum
1650 2082 1759 2119 affert

1039 2151 1116 2185 639
1138 2161 1171 2185 e.

989 2212 1119 2249 Fidem
1159 2213 1197 2248 in
1237 2213 1284 2249 Se
1324 2213 1383 2249 die
1420 2212 1552 2248 ultima
1584 2217 1758 2260 expectat

1040 2277 1219 2314 Christus
1238 2277 1290 2314 iii.
1313 2279 1404 2321 483,
1427 2279 1520 2314 484.

986 2342 1095 2379 Fides
1127 2343 1333 2390 praecedit,
1367 2343 1608 2392 investigatio
1639 2343 1761 2390 sequi-

1041 2414 1105 2443 tur
1137 2409 1214 2444 360
1232 2408 1267 2454 d,
1297 2407 1343 2444 cf.
1365 2410 1479 2445 364e
1536 2408 1582 2444 de
1611 2408 1759 2444 Eucha-

1043 2473 1150 2509 ristia
1169 2473 1243 2509 hoc
1263 2473 1490 2509 illustratum
1514 2476 1591 2510 360
1612 2486 1643 2515 e,
1666 2475 1759 2509 361.

987 2537 1098 2574 Fides
1145 2538 1349 2586 praecessit
1395 2538 1553 2575 scientia
1594 2538 1760 2586 sequitur

1042 2605 1118 2640 393
1136 2616 1158 2640 a
1175 2604 1212 2640 b.

987 2668 1078 2705 Fide
1125 2668 1213 2705 inhe
1223 2668 1381 2704 sitanter
1419 2667 1659 2716 suscipienda
1687 2667 1764 2702 veri

1039 2732 1133 2770 tatis
1151 2733 1266 2770 verba
1286 2735 1363 2770 413
1377 2733 1412 2770 d.

988 2798 1099 2834 Fides
1147 2803 1186 2834 et
1238 2811 1363 2846 opera,
1401 2797 1577 2833 mandata
1622 2796 1760 2833 habere
1784 2836 1788 2838 v

1043 2864 1125 2900 827
1141 2863 1165 2898 d
1182 2876 1215 2899 e.

997 2927 1044 2963 Fi
1061 2928 1125 2964 des
1147 2932 1323 2963 constans
1342 2932 1380 2964 et
1400 2927 1617 2963 inconstans
1639 2929 1714 2965 392
1732 2939 1764 2967 c,

917 3003 995 3040 41,
