2012 3272
98 133 180 174 viii.
205 147 328 187 9-12.
392 134 460 174 IN
497 134 580 174 ΕΡ.
612 134 645 174 Ι.
685 134 766 173 AD
804 133 1191 174 CORINTHIOS.
1245 133 1461 175 LIB.1V.
1597 138 1679 178 277

1717 202 1780 244 [ει
1804 203 1885 243 Μ.]

126 294 309 336 Βλέπετε
347 296 392 336 δὲ
419 296 573 344 μήπως
612 296 634 335 ἐι
675 295 845 338 ἐξουσία
885 295 1002 343 ὑμῶν
1042 296 1147 336 αὕτη
1186 296 1440 351 Πρόσκομμα
1480 297 1650 343 ΓὲνΗται
1702 313 1724 347 9

689 375 778 419 τοῖς
816 379 1079 420 ἀσθενοῦσιν.

168 476 545 542 Ἀδιαφοροῦντες
579 477 684 540 περὶ
719 473 772 525 τὸ
804 473 977 524 ἐσθίειν
1008 473 1067 524 τὰ
1108 473 1323 540 ἱερόθυτα
1362 477 1436 525 καὶ
1477 498 1683 526 συνανα-

95 561 279 608 κεῖσθαι
321 561 416 610 τοῖς
455 556 673 609 ἀπίστοις
712 558 760 606 ἐν
798 560 892 608 τοῖς
932 559 1081 621 ἱεροῖς,
1120 555 1397 607 σκανδάλου
1434 555 1683 624 πρόφασιν

52 637 334 697 5ἐποιοῦντό
380 661 479 688 τισι
525 640 606 702 τῆς
645 639 822 688 ἑαυτῶν
859 636 1152 704 ἑδραιότητος
1201 637 1286 701 τὴν
1325 639 1560 706 ἐπίδειξιν.
1616 642 1689 690 δεῖ

93 718 187 786 γὰρ
229 720 312 770 οὐκ
352 721 425 788 ἐφ’
455 717 635 770 ἅπασιν
662 720 765 770 οὔτε
803 719 894 788 ἔξω
921 725 1081 785 καιροῦ
1114 721 1189 770 καὶ
1216 720 1491 786 ἀδιακρίτως
1516 724 1574 788 τῇ
1600 723 1682 784 τῆς

93 803 299 855 πίστεως
338 801 532 870 ἐξουσίᾳ
571 803 965 868 κατακεχρῆσθαι,
1004 799 1161 852 πάντα
1200 801 1247 852 δὲ
1286 806 1475 865 μᾶλλον
1507 803 1680 870 εὐσχη-

93 884 246 948 μόνως
271 883 440 949 πρέποι
466 881 523 933 ἂν
549 883 764 948 γίνεσθαι
790 882 907 948 πρὸς
935 882 1082 946 ἡμῶν.

95 1043 244 1084 Οὕτως
277 1043 323 1085 δὲ
357 1043 678 1099 ἁμαρτάνοντες
706 1040 765 1083 εἰς
793 1043 893 1085 τοὺς
919 1042 1139 1099 ἀδελφοὺς
1173 1043 1241 1084 καὶ
1272 1044 1504 1086 τύπτοντες
1536 1044 1679 1086 αὐτῶν
1705 1066 1748 1091 12

26 1144 74 1169 10
257 1127 332 1167 τὴν
360 1125 598 1168 συνείὸΗσιν
626 1126 904 1177 ἀσθενοῦσαν,
930 1124 991 1167 εἰς
1017 1126 1197 1183 Χριστὸν
1224 1127 1509 1184 ἁμαρτάνετε.

167 1237 560 1303 Σκανδαλίζοντες
598 1234 840 1306 ἀδελφοὺς,
881 1243 941 1292 εἰς
979 1237 1121 1288 αὐτὸν
1159 1238 1573 1302 πλημμελήσομεν
1598 1238 1682 1289 τὸν

93 1319 207 1383 ὑπὲρ
245 1321 326 1381 τῆς
364 1318 586 1370 ἁπάντων
624 1319 755 1382 ἡμῶν
794 1319 1031 1385 σωτηρίας
1063 1323 1295 1370 τεθνεῶτα
1322 1320 1516 1387 Χριστὶν,
1544 1320 1599 1371 οὗ
1637 1321 1686 1371 τί

94 1399 151 1450 ἂν
175 1400 356 1465 γένοιτο
381 1400 436 1451 τὸ
464 1404 753 1451 ἶσοστατοῦν
781 1400 1016 1464 ἀδίκημα;
1057 1403 1319 1452 ἀπόλλυται
1346 1400 1438 1467 γὰρ
1462 1407 1479 1453 ὁ
1501 1400 1681 1454 ἀσθενῶν
1699 1432 1765 1453 ver.
1781 1430 1829 1453 11.

95 1483 131 1532 ἐν
164 1484 213 1551 τῇ
251 1488 304 1552 σῇ
343 1482 513 1548 γνώσει,
540 1484 615 1533 καὶ
653 1483 846 1548 γέγονεν
884 1483 1016 1546 ἡμῶν
1053 1483 1258 1547 ἁμαρτία
1295 1482 1349 1533 τὸ
1384 1483 1577 1548 ἀγαθὸν,
1606 1485 1681 1534 καὶ

27 1585 74 1624 15
95 1562 370 1613 σκάνδαλον
409 1565 636 1631 ἀδελφοῖς
673 1563 701 1626 ἡ
739 1566 822 1626 τῆς
863 1563 1071 1616 πίστεως
1108 1561 1360 1628 ἑδραιότης,
1391 1567 1466 1615 καὶ
1504 1564 1682 1632 βόθρος

94 1644 123 1708 ἡ
154 1649 346 1710 γνῶσις.

170 1726 497 1793 Παγχάλεπον
521 1727 575 1777 τὸ
601 1731 816 1793 πρᾶγμα·
865 1725 1012 1790 μόνον
1038 1727 1130 1794 γὰρ
1158 1727 1262 1795 οὐχὶ
1289 1732 1388 1782 ταῖς
1414 1732 1509 1779 τῶν
1534 1730 1676 1780 ἀδελ-

95 1811 200 1876 φῶν
220 1809 479 1861 ἀσθενείαις
499 1807 789 1860 ἐνάλλεσθαι
815 1831 891 1859 και
917 1809 1020 1876 οὐχὶ
1047 1810 1280 1872 μᾶλλον’
1258 1832 1306 1860 εν
1325 1813 1516 1878 σπουδῇ
1535 1816 1680 1862 ποιεῖ-

94 1892 210 1940 σθαι
249 1890 303 1940 τὸ
342 1888 538 1944 ἀσθενες
576 1891 731 1940 αὐτῶν
765 1888 980 1943 συνειδος
1019 1891 1294 1957 ἐπιῤῥῶσαι·
1342 1894 1415 1942 δεῖ
1441 1891 1583 1958 γαρ(
1586 1892 1681 1959 (μὴ
1700 1910 1798 1942 Rom
1818 1911 1882 1942 xiv.

95 1970 322 2022 “τιθε’ναι
359 1970 651 2037 πρόσκομμα
677 1975 744 2021 τῶ
770 1970 1020 2039 ἀδελφῶ
998 1996 1026 2036 η
1060 1970 1376 2035 σκάνδαλον,”
1411 1963 1715 2028 ἐννοοῦντας
1747 1978 1753 1985 ’

94 2076 148 2104 το
174 2075 499 2119 γεγραμμενον
526 2052 656 2149 “Μὴ
677 2054 1060 2120 καταφρονεῖτε
1039 2053 1139 2106 ενὸς
1164 2058 1259 2105 τῶν
1282 2059 1462 2119 μικρῶν
1488 2056 1680 2119 τούτων,
1700 2075 1733 2106 S.
1748 2074 1873 2105 Matth.

95 2140 122 2163 ‘⁶
147 2134 215 2184 ὅτι
256 2137 298 2184 οἱ
337 2134 534 2200 ἄγγελοι
560 2135 713 2185 αυτῶν
740 2134 815 2185 διὰ
845 2157 1021 2188 παντος
1053 2134 1292 2194 βλεπουσι
1326 2135 1380 2186 τὸ
1418 2137 1681 2202 πρόσωπον
1699 2129 1790 2149 mu
1807 2128 1856 2149 ¹⁰

110 2221 230 2267 ίτοῦ
258 2214 494 2281 Πατρός.”
545 2213 644 2266 εἶτα
681 2220 782 2269 πῶς
821 2216 875 2266 οὐ
912 2215 1229 2283 παγχάλεπον
1254 2219 1329 2266 καὶ
1368 2217 1488 2282 πρὸς
1527 2220 1681 2269 αὐτῶν

94 2297 215 2360 ἡμᾶς
253 2300 617 2362 κατηγορεῖσθαι
651 2301 746 2347 τῶν
772 2297 917 2363 ἁγίων
944 2296 1184 2362 ἀγγέλων,
1216 2299 1278 2350 ὡς
1317 2302 1418 2351 ταῖς
1456 2300 1681 2367 ἀδελφῶν

29 2395 76 2434 25
96 2377 355 2432 ἀσθενείαις
393 2381 643 2446 μονονουχὶ
680 2380 755 2428 καὶ
787 2378 1143 2442 ἐναλλομένους,
1174 2380 1250 2429 καὶ
1276 2380 1379 2446 οὐχὶ
1406 2379 1462 2443 δὴ
1488 2384 1681 2443 μᾶλλον

95 2459 395 2522 ποιουμένους
460 2460 508 2510 ἐν
569 2461 759 2527 σπουδῇ
821 2457 876 2510 τὸ
940 2458 1136 2513 ἀσθενὲς
1201 2459 1355 2510 αὐτῶν
1418 2462 1679 2528 ἐπιῤῥῶσαι

95 2538 338 2600 συνειδός;
