1981 3282
109 150 257 176 VULPES

108 265 131 279 “
147 259 273 296 Vitam
303 261 581 298 abundantius''
603 263 739 299 habere
769 263 869 312 quid,

162 326 253 366 645,
274 326 323 362 iii.
348 329 437 364 590.

105 388 195 425 Vita
215 395 376 433 aeterna,
398 391 508 429 Vitae
525 391 546 429 i.
564 405 596 429 e.
616 391 756 430 Christi
772 391 869 430 Caro

163 456 239 491 863
255 467 274 491 c
290 456 327 492 d.

106 518 196 555 Vita
215 520 390 568 spiritalis
410 534 503 569 quae
525 524 600 558 988
618 534 650 558 c.

106 583 216 620 Vitae
262 585 445 623 terminus
491 593 749 634 praematurus
792 599 867 622 non

161 650 347 696 optandus
377 664 446 687 nec
476 652 554 688 sine
583 652 720 688 damno
742 654 815 688 981
836 664 867 694 e,

161 716 237 751 982
256 728 277 751 a
291 715 314 751 b
332 728 362 752 c.

106 778 234 816 Vitam
271 793 347 816 non
381 781 505 817 videre
540 782 627 829 quid
652 784 725 818 174
746 782 769 817 b
791 795 810 818 c
831 781 866 824 d,

165 847 238 882 175
256 858 288 887 a,
310 846 356 882 cf.
376 848 452 883 355
471 859 504 887 a,
528 849 604 882 573
623 847 646 882 d
662 859 695 883 e.

105 910 195 946 Vita
213 909 293 958 ⁵'per
326 911 436 953 vitae,
453 908 510 947 ”id
543 918 613 953 est,
646 911 868 947 vivificantis

161 975 338 1023 Corporis
368 975 520 1018 Christi,
547 977 868 1024 participationem

161 1043 237 1078 355
254 1041 290 1082 b,
311 1041 359 1078 cf.
379 1044 454 1078 863
473 1055 492 1078 c
506 1042 541 1078 d.

106 1105 217 1142 Vitae
249 1119 375 1142 semen
409 1119 475 1154 per
506 1119 654 1143 carnem
686 1105 800 1143 Suam
831 1107 869 1142 in

160 1170 267 1206 nobis
282 1171 419 1219 integit
434 1172 616 1208 Dominus
632 1171 746 1208 Jesus
763 1171 870 1210 Chri-

159 1242 238 1271 stus
260 1237 335 1273 363
349 1249 380 1272 e.

106 1300 279 1337 Vivificat
316 1300 457 1338 Christi
495 1299 652 1349 Corpus,
693 1307 869 1349 tanquam

160 1364 274 1402 Vitae
312 1365 459 1414 Corpus
508 1368 580 1403 361
615 1366 638 1402 b
665 1379 696 1407 c,
739 1369 815 1404 362
849 1380 871 1403 a

160 1428 348 1472 Christus,
397 1436 530 1478 utpote
550 1444 599 1481 „a
637 1432 723 1468 Vita
758 1430 870 1468 Patre

160 1495 313 1543 genitus
335 1496 408 1532 581
426 1508 458 1532 e.

107 1559 256 1595 Unctus
285 1560 457 1596 Christus
487 1560 674 1608 quomodo
704 1560 752 1596 iii.
779 1563 868 1602 378,

162 1626 239 1662 380
280 1624 384 1661 Deus
405 1637 559 1661 manens
580 1625 629 1661 iii.
650 1627 742 1662 381.

108 1689 336 1738 Unigenitus
367 1690 470 1726 Deus
502 1690 666 1726 Verbum
700 1703 776 1726 non
807 1690 871 1726 de-

161 1755 338 1803 dignatus
370 1755 466 1791 ferre
500 1767 544 1791 ea
573 1767 666 1803 quae
699 1755 871 1790 nonnulli

161 1821 207 1856 de
237 1820 307 1856 Illo
334 1832 539 1868 agnoscere
569 1819 763 1868 dedignati
783 1825 870 1855 sunt

162 1888 236 1922 631
255 1898 285 1922 e.
333 1886 417 1921 Vide
438 1885 617 1927 Verbum,
640 1885 766 1921 Filius.

107 1951 230 1987 Voces
260 1951 402 1986 mediae
431 1950 618 1986 mixtaeve
645 1963 666 1985 a
686 1949 779 1985 Filio
806 1949 870 1985 ali-

161 2016 310 2064 quando
338 2015 592 2064 proferuntur,
622 2020 776 2062 propter
804 2027 869 2050 ex-

160 2081 403 2118 inanitionem
427 2083 502 2118 220
521 2093 554 2123 a,
585 2082 661 2116 235
679 2092 710 2121 e,
735 2082 811 2116 237
834 2080 870 2121 (1,

166 2998 258 3025 VOL.
283 2999 347 3024 ΙΙῙ.

649 142 861 178 INDEX
921 142 1166 178 RERUM.

1631 144 1707 178 657

996 266 1071 300 240
1090 263 1125 305 d,
1150 265 1225 300 282
1244 276 1262 298 c
1279 263 1314 302 d,
1338 265 1412 299 954
1434 263 1456 298 d
1473 275 1492 298 e
1535 263 1599 298 sed
1622 263 1708 298 Una

994 327 1158 363 Persona
1194 331 1269 364 954
1300 340 1331 369 c,
1379 331 1456 363 960
1484 328 1519 371 b,
1560 330 1637 363 965
1673 340 1706 368 e,

994 394 1070 428 969
1101 392 1136 435 d,
1178 395 1254 428 970
1282 406 1303 428 a
1329 405 1359 437 c,
1401 394 1476 428 974
1501 405 1533 433 e,
1575 395 1650 428 975
1675 405 1705 433 a,

994 460 1068 494 977
1088 457 1110 493 b
1131 470 1161 503 c,
1192 459 1270 494 978
1288 457 1323 499 d,
1346 457 1394 493 iii.
1419 460 1510 493 417.

938 521 1072 558 Vocati
1104 535 1247 563 omnes,
1279 522 1425 558 etiamsi
1454 535 1529 558 non
1554 521 1706 557 veniant

993 586 1033 622 M
1057 588 1106 622 32
1128 587 1191 622 fin.

940 651 1124 687 Voluntas
1159 664 1233 687 una
1260 652 1297 687 in
1328 651 1439 688 Patre
1473 657 1510 688 et
1540 651 1633 688 Filio
1668 657 1706 688 et

991 715 1130 764 Spiritu
1153 715 1291 753 Sancto
1310 719 1386 753 239
1401 729 1421 753 e
1452 716 1574 753 Patris
1591 721 1628 752 et
1644 716 1704 752 Fi-

989 781 1026 816 lii
1058 784 1256 827 331-340,
1288 783 1361 818 661
1383 794 1404 817 a
1464 781 1550 828 quia
1583 780 1705 818 Patris

989 846 1160 882 voluntas
1180 852 1236 882 est
1258 846 1376 882 Filius
1399 848 1473 883 527
1488 846 1511 882 b
1527 858 1558 882 c.

939 911 1122 947 Voluntas
1143 911 1214 947 Dei
1234 911 1295 947 lex
1319 914 1395 947 242
1414 911 1449 947 b.

937 975 1180 1013 Voluntatem
1202 975 1271 1012 Dei
1292 975 1545 1011 nescientibus
1570 976 1704 1024 plagae

989 1053 1131 1089 paucae
1154 1042 1229 1078 728
1251 1053 1282 1082 c,
1313 1040 1357 1077 cf.
1377 1040 1531 1088 Phlya-e,
1555 1041 1702 1089 Suppli-

990 1107 1083 1141 cium
1120 1106 1300 1141 nonnulla
1319 1106 1511 1141 excusatio
1530 1104 1572 1141 M
1594 1108 1654 1142 19.

939 1169 1187 1217 Voluptatum
1222 1183 1327 1206 amor
1357 1176 1523 1206 mentem
1557 1170 1603 1206 ad
1635 1170 1702 1206 Di-

991 1235 1076 1270 vina
1117 1235 1354 1283 percipienda
1394 1240 1546 1271 enervat
1582 1238 1657 1272 556
1684 1248 1703 1271 c

992 1299 1169 1336 obcaecat
1201 1305 1380 1348 tanquam
1416 1305 1453 1336 et
1487 1300 1625 1336 ebriosi
1658 1301 1702 1336 M

992 1367 1056 1400 22.

937 1428 1059 1464 Urbes
1101 1429 1407 1477 alienigenarum,
1448 1428 1700 1466 hereticorum

990 1494 1128 1542 scripta
1149 1497 1170 1531 3
1187 1507 1218 1531 c.

936 1558 1038 1595 Urbs
1058 1559 1308 1595 munitissima
1329 1559 1482 1596 obsessa
1503 1562 1580 1597 613
1598 1573 1628 1596 c.

937 1623 1031 1659 Uvis
1064 1636 1110 1660 ex
1144 1624 1218 1660 vite
1248 1624 1434 1671 pendente
1463 1631 1701 1673 comparatur

990 1700 1077 1724 vera
1124 1688 1169 1724 de
1219 1688 1426 1737 Unigenito
1479 1690 1674 1738 conceptio
1688 1703 1696 1735 ;

991 1753 1118 1801 spinis,
1142 1766 1246 1790 error
1265 1754 1549 1802 polytheistious
1571 1757 1620 1791 88
1638 1768 1670 1791 e.

937 1817 1143 1854 Vulnerum
1190 1824 1300 1866 typos
1351 1831 1417 1854 cur
1465 1820 1701 1856 conservavit

990 1881 1164 1919 Christus
1184 1884 1298 1928 1106,
1324 1886 1439 1925 1107,
1461 1884 1510 1920 iii.
1535 1886 1625 1921 374.

938 1950 959 1968 “
974 1947 1117 1995 Vulpes
1155 1954 1192 1984 et
1230 1948 1400 1985 volucres
1446 1949 1570 1985 caeli''
1606 1962 1700 1997 quae

992 2014 1068 2049 834
1086 2013 1110 2048 (1
1126 2025 1157 2049 e.
