2012 3272
131 147 199 174 xx.
222 134 289 184 26,
309 147 375 189 27.
438 135 513 176 IN
555 135 598 176 S.
632 135 969 178 JOANNEM.
1032 137 1159 178 LIB.
1194 138 1297 180 XII.
1347 139 1480 182 CAP.
1506 142 1540 182 I.
1634 144 1714 184 117

126 246 210 291 τοῦ
260 242 483 307 σώματος
532 243 801 295 ἀνάστασιν
851 244 1049 296 ε”σεσθαι
1100 248 1388 311 προσδοκᾶν,
1441 252 1476 298 εὶ
1527 248 1591 312 μὴ
1644 250 1713 300 ὅτι
1734 265 1760 305 b

125 326 289 373 πᾶσαν
315 325 652 390 ἀποβεβληκὸς
686 326 931 378 ἀσθένειάν
957 350 1006 377 τε
1033 329 1107 377 καὶ
1139 329 1325 391 ἀτιμίαν
1351 328 1438 393 τὴν
1464 328 1557 380 ἀπὸ
1585 334 1707 398 φθο-

123 408 209 470 ρᾶς
249 408 324 456 καὶ
365 411 547 465 παθῶν,
591 411 653 461 εἰς
698 405 784 470 τὴν
826 408 882 476 ἐξ
919 409 1066 475 ἀρχῆς
1109 410 1440 475 ἀναδραμεῖται
1485 412 1708 474 ποίησιν;

123 487 370 551 πεποίηται
409 488 502 554 γὰρ
542 490 624 540 οὐκ
656 490 728 540 ἐπὶ
756 489 944 558 θανάτῳ
981 491 1056 539 καὶ
1091 494 1264 558 φθορᾷ.
1315 491 1469 554 ἐπειδὴ
1509 491 1556 542 δὲ
1594 493 1713 558 πρὸς

79 582 103 622 5
123 571 454 636 πληροφορίαν
480 573 618 636 σαφῆ
650 572 725 620 καὶ
752 575 890 621 τοῦτο
916 568 1148 638 ἐξῄτησεν
1176 572 1200 621 ὁ
1228 575 1420 634 Θωμᾶς,
1448 573 1712 638 ἀναγκαίως

123 649 148 699 ὁ
179 650 351 714 Κύριος
389 651 520 714 ἡμῶν
545 652 731 715 Ἰησοῦς
767 653 792 702 ὁ
820 651 1033 717 Χριστὸς
1071 652 1320 719 πρόφασιν
1359 655 1575 717 οὐδεμίαν
1611 661 1712 709 ταῖς

123 730 362 796 ἡμετέραις
404 733 753 798 ὀλιγοπιστίαις
796 732 1012 795 ἐνδιδοὺς,
1052 735 1114 787 ὡς
1158 733 1381 799 ἐζήτησεν
1424 739 1547 797 ἰδεῖν,
1591 738 1711 787 οὕτω

121 814 197 862 καὶ
231 814 459 880 φαίνεται,
485 815 654 865 ἐπείτοι
695 817 770 865 καὶ
802 818 866 868 εἰς
905 815 1048 865 αὐτὸν
1075 816 1342 877 ἀναβαίνων
1381 816 1462 867 τὸν
1497 817 1711 882 οὐρανὸν,

120 895 195 944 καὶ
233 893 470 960 γνωρίζων
496 900 595 948 ταῖς
634 895 730 946 ἅνω
761 895 1032 959 δυνάμεσιν,
1066 898 1231 963 ἀρχαῖς
1263 919 1312 946 τε
1345 899 1421 948 καὶ
1454 898 1707 966 ἐξουσίαις,
1730 928 1751 954 e

52 1000 102 1028 10
121 978 197 1026 καὶ
234 981 329 1030 τοῖς
367 981 461 1027 τῶν
494 979 761 1043 ἀγγελικῶν
793 977 1048 1041 ταγμοίτων
1086 977 1408 1043 προεστηκόσι
1448 982 1524 1030 καὶ
1562 1003 1705 1046 προε-

119 1057 349 1123 δρεύουσι,
377 1064 460 1109 τοῦ
495 1059 602 1109 καθ’
641 1057 806 1109 ἑαυτὸν
836 1060 1100 1125 μυστηρίου
1137 1059 1222 1123 τὴν
1255 1059 1464 1123 δύναμιν,
1501 1063 1549 1112 ἐν
1585 1062 1711 1130 αὐτῷ

119 1138 176 1203 δὴ
215 1139 364 1208 τούτῳ
404 1141 664 1208 διεφαίνετο
702 1140 848 1192 πάλιν
880 1145 945 1210 τῷ
983 1140 1210 1208 σχήματι,
1238 1141 1313 1191 ἵνα
1352 1140 1408 1206 δὴ
1448 1144 1522 1193 καὶ
1563 1142 1710 1197 ὅντως

119 1220 368 1287 ἄνθρωπόν
397 1245 446 1272 τε
485 1221 704 1287 γενέσθαι
745 1223 798 1272 δι’
827 1222 948 1285 ἡμᾶς
986 1221 1293 1273 πιστεύσειαν
1325 1222 1408 1274 τὸν
1441 1226 1490 1274 ἐκ
1518 1223 1709 1290 Πατρός

118 1324 167 1352 τε
208 1304 283 1353 καὶ
321 1304 369 1354 ἐν
407 1306 560 1370 Πατρὶ
598 1302 770 1369 Λόγον,
810 1306 884 1354 καὶ
927 1307 1082 1354 εἰδεῖεν
1124 1303 1194 1355 ὅτι
1233 1304 1472 1369 τοσαύτην
1510 1311 1708 1356 ποιεῖται

51 1405 100 1446 15
120 1388 214 1435 τῶν
253 1384 378 1436 ἰδίων
418 1384 691 1447 κτισμάτων
728 1384 814 1447 τὴν
852 1383 1091 1450 πρόνοιαν,
1133 1388 1195 1440 ὡς
1237 1388 1313 1436 καὶ
1360 1389 1443 1449 τῆς
1483 1385 1708 1453 ἡμετέρας

118 1466 427 1531 προτεθνάναι
466 1466 598 1532 ζωῆς.
656 1465 771 1532 ὑπὲρ
806 1466 853 1516 δὲ
885 1471 968 1516 τοῦ
1007 1468 1314 1535 σαφεστέραν
1352 1468 1573 1533 γενέσθαι
1612 1474 1708 1523 τοῖς

118 1546 425 1612 ἀκροωμένοις
458 1553 541 1598 τοῦ
573 1547 721 1614 λόγου
756 1547 842 1610 τὴν
869 1546 1079 1611 δύναμιν,
1107 1548 1225 1598 αὐτὰ
1251 1548 1519 1615 παραθήσω
1546 1549 1604 1600 τὰ
1632 1549 1706 1601 διὰ
1725 1560 1751 1600 d

118 1631 279 1696 φωνῆς
305 1627 514 1679 Ἠσαίου
544 1631 649 1695 περὶ
680 1628 858 1680 τούτων
885 1630 1038 1680 αὐτῶν
1065 1630 1295 1695 εἰρημένα.
1349 1631 1475 1696 λε’γει
1508 1654 1701 1698 τοιγαρ-

118 1714 200 1760 οῦν
225 1716 254 1738 “
274 1710 359 1763 Τίς
390 1710 523 1764 οὗτος
551 1711 575 1760 ὃ
601 1709 973 1776 παραγινόμενος
1000 1711 1057 1779 ἐξ
1076 1709 1251 1775 Ἐδὼμ,
1279 1712 1484 1778 ἐρύθημα
1513 1713 1705 1776 ἱματίων
1766 1725 1920 1757 Es.1xfii,

50 1813 101 1839 20
119 1798 146 1821 ‘⁶
171 1793 312 1842 αὐτοῦ
351 1794 400 1842 ἐκ
440 1791 604 1859 Βοσόρ
625 1793 670 1853 ;”
711 1794 820 1843 ἀλλ’
849 1796 889 1843 οἱ
929 1798 1078 1843 ταῦτα
1115 1798 1320 1854 βοῶντες
1358 1796 1434 1845 καὶ
1473 1794 1704 1860 λέγοντες,

118 1875 239 1941 φημὶ
266 1873 322 1937 δὴ
348 1873 402 1925 τό
428 1874 512 1928 Τίς
539 1874 674 1928 οὗτος
700 1875 724 1924 ὁ
754 1872 1127 1939 παραγινόμενος
1165 1875 1222 1943 ἐξ
1242 1873 1419 1939 Ἐδὼμ,
1458 1876 1705 1928 τουτέστιν

117 1955 166 2005 ἐκ
191 1957 291 2020 γῆς,
318 1955 516 2021 ἄγγελοι
551 1957 626 2006 καὶ
653 1954 865 2019 δυνάμεις
893 1957 985 2006 εἶσὶ
1017 1956 1220 2022 λογικαί·
1263 1958 1580 2018 ἀναβαίνοντα
1611 1958 1705 2025 γὰρ

117 2036 434 2102 θαυμάζουσιν
478 2041 540 2091 εἷς
582 2036 804 2103 οὐρανοὺς
840 2036 923 2089 τὸν
972 2036 1164 2104 Κύριον.
1226 2037 1371 2102 μόνον
1410 2038 1459 2089 δὲ
1498 2041 1601 2107 οὐχὶ
1639 2044 1706 2110 τῷ

117 2119 216 2187 ἰδίῳ
254 2118 618 2188 πεφοινιγμένον
656 2119 816 2183 αἵματι
854 2117 1124 2181 βλέποντες,
1152 2119 1351 2185 λέγουσι
1388 2120 1508 2186 πρὸς
1548 2120 1704 2184 αὐτὸν,

48 2220 98 2260 25
117 2201 246 2251 οὔπω
272 2199 489 2254 συνέντες
527 2200 580 2251 τὸ
615 2200 877 2267 μυστήριον
917 2201 1101 2251 “Διατί
1122 2224 1214 2251 σου
1240 2201 1410 2267 ἐρυθρὰ
1443 2202 1502 2252 τὰ
1531 2202 1701 2264 ἱμάτια,
1764 2218 1859 2251 Ib.2.

118 2289 145 2312 ‘⁶
170 2285 245 2333 καὶ
283 2281 342 2333 τὰ
379 2280 612 2345 ἐνδύματά
642 2304 733 2332 σου
760 2284 821 2335 ὡς
849 2280 942 2332 ἀπὸ
976 2288 1187 2346 πατητοῦ
1222 2288 1369 2347 ληνοῦ
1389 2284 1433 2344 ;”
1475 2283 1583 2352 οἴνῳ
1609 2283 1701 2350 γὰρ
1720 2307 1742 2334 e

115 2363 332 2428 μάλιστα
375 2368 441 2432 τῷ
488 2363 574 2432 νέῳ
620 2367 694 2414 καὶ
740 2363 844 2429 ἄρτι
888 2363 1199 2433 πεπατημένῳ
1247 2363 1334 2427 τὴν
1378 2369 1461 2415 τοῦ
1508 2365 1703 2428 αἵματος

115 2447 331 2513 εὔχροιαν
369 2444 756 2512 παραβάλλουσι.
810 2446 886 2495 καὶ
925 2444 975 2495 τί
1009 2442 1128 2511 πρὸς
1174 2443 1341 2500 αὐτοὺς
1386 2446 1411 2496 ὃ
1449 2445 1696 2512 Χριστός;

115 2531 304 2592 πρῶτον
336 2526 420 2590 μὲν
445 2526 520 2576 ἵνα
547 2528 707 2589 νοῆται
733 2525 852 2576 κατὰ
879 2525 1030 2595 φύσιν
1063 2526 1290 2594 ὑπάρχων
1316 2525 1438 2580 Θεός
1473 2534 1500 2556 “
1519 2525 1697 2591 Ἐγὼ,”
1760 2548 1811 2582 Ib.
1828 2558 1854 2581 1.

50 2626 99 2662 30
118 2609 255 2677 φησὶ,
283 2614 309 2637 ‘⁶
325 2606 603 2672 διαλέγομαι
630 2607 973 2672 δικαιοσύνην,”
1001 2605 1055 2659 τό
1082 2608 1378 2674 Διαλέγομαι
1407 2606 1572 2671 πάλιν,
1599 2609 1701 2659 ἀντὶ

167 2797 198 2833 7.
223 2787 383 2832 ἐζήτησεν
401 2787 442 2821 Ε.
464 2787 543 2822 Sev.
562 2787 726 2832 ἐξὴτησεν
744 2787 811 2822 Ed.
938 2787 1065 2833 26—p.
1083 2789 1159 2832 148,
1181 2799 1234 2823 10.
1255 2788 1352 2823 Haec
1370 2789 1453 2824 citat
1471 2788 1602 2823 Catena
1619 2788 1697 2832 pul-

119 2834 290 2869 cherrima
306 2835 342 2868 in
361 2841 511 2880 quatuor
528 2835 715 2879 prophetas
738 2836 773 2869 in
790 2835 876 2870 bibl.
896 2835 933 2870 S.
948 2835 1155 2870 Laurentiae
1174 2836 1375 2870 Florentina
1393 2836 1503 2881 (Plut.
1521 2839 1555 2870 'v.
1573 2836 1610 2879 9)
1630 2845 1698 2867 sec.

120 2892 153 2915 X.
172 2881 230 2915 fol.
248 2890 310 2926 117
329 2893 362 2921 v,
381 2881 447 2915 sub
464 2881 566 2915 titulo
585 2882 748 2926 κυρίλλου
766 2881 801 2915 ἐκ
818 2885 879 2917 τοῦ
897 2882 979 2916 κατὰ
995 2883 1121 2917 λουκᾶν
1138 2882 1350 2928 εὐαγγελίου.
1559 2888 1614 2924 27.
1638 2893 1698 2913 πε-

120 2927 312 2974 πατημένῳ]
337 2932 372 2969 -ξ-
394 2928 430 2961 ἐν
446 2929 492 2973 τῷ
509 2929 600 2973 ληνῷ
621 2927 698 2962 Cat.
718 2928 774 2962 cit.

872 2995 944 3023 U2
