<?xml version="1.0" encoding="UTF-8"?>
<!DOCTYPE html PUBLIC "-//W3C//DTD XHTML 1.0 Transitional//EN"
    "http://www.w3.org/TR/xhtml1/DTD/xhtml1-transitional.dtd">
<html xmlns="http://www.w3.org/1999/xhtml" xml:lang="en" lang="en">
 <head>
  <title>
</title>
<meta http-equiv="Content-Type" content="text/html;charset=utf-8" />
  <meta name='ocr-system' content='tesseract 3.04.00' />
  <meta name='ocr-capabilities' content='ocr_page ocr_carea ocr_par ocr_line ocrx_word'/>
</head>
<body>
  <div class='ocr_page' id='page_1' title='image "./operacyrilli05cyriuoft/operacyrilli05cyriuoft_0348.png"; bbox 0 0 1997 3262; ppageno 0'>
   <div class='ocr_carea' id='block_1_1' title="bbox 99 205 269 247">
    <p class='ocr_par' dir='ltr' id='par_1_1' title="bbox 99 205 269 247">
     <span class='ocr_line' id='line_1_1' title="bbox 99 205 269 247; baseline 0 -11"><span class='ocrx_word' id='word_1_1' title='bbox 99 206 171 247; x_wconf 92' lang='lat'>[90</span> <span class='ocrx_word' id='word_1_2' title='bbox 188 205 269 247; x_wconf 65' lang='grc' dir='ltr'>Μ]</span> 
     </span>
    </p>
   </div>
   <div class='ocr_carea' id='block_1_2' title="bbox 84 675 288 713">
    <p class='ocr_par' dir='ltr' id='par_1_2' title="bbox 84 675 288 713">
     <span class='ocr_line' id='line_1_2' title="bbox 84 675 288 713; baseline -0.005 -7"><span class='ocrx_word' id='word_1_3' title='bbox 84 675 170 706; x_wconf 78' lang='lat' dir='ltr'><strong>Heb.</strong></span> <span class='ocrx_word' id='word_1_4' title='bbox 183 676 227 706; x_wconf 77' lang='lat' dir='ltr'><strong>ix.</strong></span> <span class='ocrx_word' id='word_1_5' title='bbox 240 682 288 713; x_wconf 86' lang='lat'>13.</span> 
     </span>
    </p>
   </div>
   <div class='ocr_carea' id='block_1_3' title="bbox 82 829 201 871">
    <p class='ocr_par' dir='ltr' id='par_1_3' title="bbox 82 829 201 871">
     <span class='ocr_line' id='line_1_3' title="bbox 82 829 201 871; baseline 0.008 -11"><span class='ocrx_word' id='word_1_6' title='bbox 82 829 134 861; x_wconf 90' lang='lat' dir='ltr'><strong>Ib.</strong></span> <span class='ocrx_word' id='word_1_7' title='bbox 152 839 201 871; x_wconf 89' lang='lat'>14.</span> 
     </span>
    </p>
   </div>
   <div class='ocr_carea' id='block_1_4' title="bbox 45 999 288 1131">
    <p class='ocr_par' dir='ltr' id='par_1_4' title="bbox 45 999 288 1131">
     <span class='ocr_line' id='line_1_4' title="bbox 155 999 288 1035; baseline 0.008 -1"><span class='ocrx_word' id='word_1_8' title='bbox 155 1000 206 1034; x_wconf 82' lang='grc'>91</span> <span class='ocrx_word' id='word_1_9' title='bbox 227 999 288 1035; x_wconf 83' lang='grc' dir='ltr'>Μ.</span> 
     </span>
     <span class='ocr_line' id='line_1_5' title="bbox 84 1049 287 1081; baseline 0.01 -2"><span class='ocrx_word' id='word_1_10' title='bbox 84 1049 116 1079; x_wconf 80' lang='lat' dir='ltr'><strong>S.</strong></span> <span class='ocrx_word' id='word_1_11' title='bbox 130 1049 227 1080; x_wconf 49' lang='grc' dir='ltr'>ἆσαι,</span> <span class='ocrx_word' id='word_1_12' title='bbox 243 1050 287 1081; x_wconf 78' lang='lat' dir='ltr'><strong>iii.</strong></span> 
     </span>
     <span class='ocr_line' id='line_1_6' title="bbox 45 1091 134 1131; baseline 0 -9"><span class='ocrx_word' id='word_1_13' title='bbox 45 1096 49 1098; x_wconf 74' lang='grc'>’</span> <span class='ocrx_word' id='word_1_14' title='bbox 84 1091 134 1131; x_wconf 78' lang='lat'>36.</span> 
     </span>
    </p>
   </div>
   <div class='ocr_carea' id='block_1_5' title="bbox 241 1413 287 1437">
    <p class='ocr_par' dir='ltr' id='par_1_5' title="bbox 241 1413 287 1437">
     <span class='ocr_line' id='line_1_7' title="bbox 241 1413 287 1437; baseline 0.022 -1"><span class='ocrx_word' id='word_1_15' title='bbox 241 1413 287 1437; x_wconf 93' lang='lat'>10</span> 
     </span>
    </p>
   </div>
   <div class='ocr_carea' id='block_1_6' title="bbox 83 2242 261 2369">
    <p class='ocr_par' dir='ltr' id='par_1_6' title="bbox 83 2242 256 2369">
     <span class='ocr_line' id='line_1_8' title="bbox 83 2242 256 2274; baseline -0.006 -1"><span class='ocrx_word' id='word_1_16' title='bbox 83 2242 170 2273; x_wconf 77' lang='lat' dir='ltr'><strong>Heb.</strong></span> <span class='ocrx_word' id='word_1_17' title='bbox 188 2242 256 2274; x_wconf 83' lang='lat' dir='ltr'><strong>viii.</strong></span> 
     </span>
     <span class='ocr_line' id='line_1_9' title="bbox 83 2295 261 2369; baseline -0.006 -10"><span class='ocrx_word' id='word_1_18' title='bbox 83 2295 136 2360; x_wconf 51' lang='lat' dir='ltr'>ig.</span> <span class='ocrx_word' id='word_1_19' title='bbox 153 2330 196 2360; x_wconf 80' lang='lat' dir='ltr'>ix.</span> <span class='ocrx_word' id='word_1_20' title='bbox 213 2336 261 2369; x_wconf 90' lang='lat'>17.</span> 
     </span>
    </p>
   </div>
   <div class='ocr_carea' id='block_1_7' title="bbox 87 2612 254 2643">
    <p class='ocr_par' dir='ltr' id='par_1_7' title="bbox 87 2612 254 2643">
     <span class='ocr_line' id='line_1_10' title="bbox 87 2612 254 2643; baseline 0.006 -3"><span class='ocrx_word' id='word_1_21' title='bbox 87 2612 137 2642; x_wconf 82' lang='lat' dir='ltr'><strong>lb.</strong></span> <span class='ocrx_word' id='word_1_22' title='bbox 153 2622 184 2643; x_wconf 89' lang='lat' dir='ltr'><strong>x.</strong></span> <span class='ocrx_word' id='word_1_23' title='bbox 205 2612 254 2643; x_wconf 78' lang='lat'>28.</span> 
     </span>
    </p>
   </div>
   <div class='ocr_carea' id='block_1_8' title="bbox 305 137 1884 182">
    <p class='ocr_par' dir='ltr' id='par_1_8' title="bbox 305 137 1884 182">
     <span class='ocr_line' id='line_1_11' title="bbox 305 137 1884 182; baseline 0.004 -6"><span class='ocrx_word' id='word_1_24' title='bbox 305 137 391 177; x_wconf 78' lang='lat'>334</span> <span class='ocrx_word' id='word_1_25' title='bbox 529 138 579 177; x_wconf 88' lang='grc' dir='ltr'>Β.</span> <span class='ocrx_word' id='word_1_26' title='bbox 616 137 864 177; x_wconf 86' lang='lat' dir='ltr'>CYRILLI</span> <span class='ocrx_word' id='word_1_27' title='bbox 902 138 1253 180; x_wconf 86' lang='lat' dir='ltr'><strong>ALEXANDR.</strong></span> <span class='ocrx_word' id='word_1_28' title='bbox 1292 140 1664 181; x_wconf 82' lang='lat' dir='ltr'><strong>FRAGMENTA</strong></span> <span class='ocrx_word' id='word_1_29' title='bbox 1741 142 1799 182; x_wconf 84' lang='lat' dir='ltr'><strong>iii.</strong></span> <span class='ocrx_word' id='word_1_30' title='bbox 1822 155 1884 182; x_wconf 90' lang='lat'><strong>10.</strong></span> 
     </span>
    </p>
   </div>
   <div class='ocr_carea' id='block_1_9' title="bbox 303 245 1932 807">
    <p class='ocr_par' dir='ltr' id='par_1_9' title="bbox 303 245 1932 802">
     <span class='ocr_line' id='line_1_12' title="bbox 303 245 1886 318; baseline 0.003 -22"><span class='ocrx_word' id='word_1_31' title='bbox 303 247 352 296; x_wconf 86' lang='grc' dir='ltr'>ἐν</span> <span class='ocrx_word' id='word_1_32' title='bbox 377 245 505 315; x_wconf 71' lang='grc' dir='ltr'>νόμῳ</span> <span class='ocrx_word' id='word_1_33' title='bbox 530 245 689 309; x_wconf 94' lang='grc' dir='ltr'>τύπος,</span> <span class='ocrx_word' id='word_1_34' title='bbox 714 245 774 298; x_wconf 79' lang='grc' dir='ltr'>τὰ</span> <span class='ocrx_word' id='word_1_35' title='bbox 806 248 867 299; x_wconf 86' lang='grc' dir='ltr'>ὡς</span> <span class='ocrx_word' id='word_1_36' title='bbox 903 248 950 297; x_wconf 85' lang='grc' dir='ltr'>ἐν</span> <span class='ocrx_word' id='word_1_37' title='bbox 977 252 1132 302; x_wconf 86' lang='grc' dir='ltr'>σκιαῖς</span> <span class='ocrx_word' id='word_1_38' title='bbox 1158 248 1223 299; x_wconf 66' lang='grc' dir='ltr'>ε”τι</span> <span class='ocrx_word' id='word_1_39' title='bbox 1257 249 1578 315; x_wconf 80' lang='grc' dir='ltr'>πληρούμενα·</span> <span class='ocrx_word' id='word_1_40' title='bbox 1620 251 1795 318; x_wconf 66' lang='grc' dir='ltr'>πνεῦμα.</span> <span class='ocrx_word' id='word_1_41' title='bbox 1822 249 1886 308; x_wconf 78' lang='grc' dir='ltr'>δὲ,</span> 
     </span>
     <span class='ocr_line' id='line_1_13' title="bbox 304 327 1882 399; baseline 0.003 -22"><span class='ocrx_word' id='word_1_42' title='bbox 304 330 388 391; x_wconf 82' lang='grc' dir='ltr'>τῆς</span> <span class='ocrx_word' id='word_1_43' title='bbox 425 330 473 378; x_wconf 86' lang='grc' dir='ltr'>ἐν</span> <span class='ocrx_word' id='word_1_44' title='bbox 499 329 700 397; x_wconf 69' lang='grc' dir='ltr'>Χριστῷ</span> <span class='ocrx_word' id='word_1_45' title='bbox 738 329 958 394; x_wconf 85' lang='grc' dir='ltr'>λατρείας</span> <span class='ocrx_word' id='word_1_46' title='bbox 998 329 1025 392; x_wconf 83' lang='grc' dir='ltr'>ἡ</span> <span class='ocrx_word' id='word_1_47' title='bbox 1064 327 1271 392; x_wconf 86' lang='grc' dir='ltr'>δύναμις,</span> <span class='ocrx_word' id='word_1_48' title='bbox 1297 330 1636 394; x_wconf 77' lang='grc' dir='ltr'>πνευματικοῦς</span> <span class='ocrx_word' id='word_1_49' title='bbox 1674 332 1882 399; x_wconf 84' lang='grc' dir='ltr'>ἀποφαί-</span> 
     </span>
     <span class='ocr_line' id='line_1_14' title="bbox 306 408 1889 481; baseline 0.002 -22"><span class='ocrx_word' id='word_1_50' title='bbox 306 431 457 459; x_wconf 81' lang='grc' dir='ltr'>νουσα</span> <span class='ocrx_word' id='word_1_51' title='bbox 495 408 602 461; x_wconf 78' lang='grc' dir='ltr'>τοὺς</span> <span class='ocrx_word' id='word_1_52' title='bbox 640 408 928 473; x_wconf 75' lang='grc' dir='ltr'>προσιόντας</span> <span class='ocrx_word' id='word_1_53' title='bbox 968 411 1086 478; x_wconf 83' lang='grc' dir='ltr'>αὐτῇ</span> <span class='ocrx_word' id='word_1_54' title='bbox 1125 410 1200 461; x_wconf 80' lang='grc' dir='ltr'>διὰ</span> <span class='ocrx_word' id='word_1_55' title='bbox 1238 414 1321 475; x_wconf 81' lang='grc' dir='ltr'>τῆς</span> <span class='ocrx_word' id='word_1_56' title='bbox 1358 411 1579 466; x_wconf 88' lang='grc' dir='ltr'>πίστεως·</span> <span class='ocrx_word' id='word_1_57' title='bbox 1630 412 1730 481; x_wconf 76' lang='grc' dir='ltr'>ὅσῳ</span> <span class='ocrx_word' id='word_1_58' title='bbox 1758 413 1802 461; x_wconf 86' lang='grc' dir='ltr'>δ’</span> <span class='ocrx_word' id='word_1_59' title='bbox 1831 411 1889 462; x_wconf 79' lang='grc' dir='ltr'>ἂν</span> 
     </span>
     <span class='ocr_line' id='line_1_15' title="bbox 305 490 1889 555; baseline 0.001 -15"><span class='ocrx_word' id='word_1_60' title='bbox 305 490 458 553; x_wconf 84' lang='grc' dir='ltr'>ἥττων</span> <span class='ocrx_word' id='word_1_61' title='bbox 498 492 581 553; x_wconf 80' lang='grc' dir='ltr'>τῆς</span> <span class='ocrx_word' id='word_1_62' title='bbox 621 491 844 553; x_wconf 78' lang='grc' dir='ltr'>ἀληθείας</span> <span class='ocrx_word' id='word_1_63' title='bbox 890 491 915 541; x_wconf 85' lang='grc' dir='ltr'><em>ὁ</em></span> <span class='ocrx_word' id='word_1_64' title='bbox 960 490 1119 554; x_wconf 88' lang='grc' dir='ltr'>τύπος,</span> <span class='ocrx_word' id='word_1_65' title='bbox 1164 498 1395 543; x_wconf 84' lang='grc' dir='ltr'>τοσοῦτον</span> <span class='ocrx_word' id='word_1_66' title='bbox 1439 491 1566 555; x_wconf 78' lang='grc' dir='ltr'>οἶμαι</span> <span class='ocrx_word' id='word_1_67' title='bbox 1606 493 1803 544; x_wconf 87' lang='grc' dir='ltr'>κατόπιν</span> <span class='ocrx_word' id='word_1_68' title='bbox 1847 496 1889 543; x_wconf 80' lang='grc' dir='ltr'>οὶ</span> 
     </span>
     <span class='ocr_line' id='line_1_16' title="bbox 307 568 1932 640; baseline 0.003 -20"><span class='ocrx_word' id='word_1_69' title='bbox 307 574 626 624; x_wconf 84' lang='grc' dir='ltr'>διακονοῦντες</span> <span class='ocrx_word' id='word_1_70' title='bbox 665 568 805 622; x_wconf 77' lang='grc' dir='ltr'>αὑτὸν</span> <span class='ocrx_word' id='word_1_71' title='bbox 843 576 937 622; x_wconf 80' lang='grc' dir='ltr'>τῶν</span> <span class='ocrx_word' id='word_1_72' title='bbox 967 573 1333 638; x_wconf 79' lang='grc' dir='ltr'>ἱερουργούντων</span> <span class='ocrx_word' id='word_1_73' title='bbox 1371 573 1457 638; x_wconf 84' lang='grc' dir='ltr'>τὴν</span> <span class='ocrx_word' id='word_1_74' title='bbox 1483 573 1723 638; x_wconf 86' lang='grc' dir='ltr'>ἀλήθειαν·</span> <span class='ocrx_word' id='word_1_75' title='bbox 1770 576 1882 640; x_wconf 88' lang='grc' dir='ltr'>ῥαν-</span> <span class='ocrx_word' id='word_1_76' title='bbox 1910 588 1932 626; x_wconf 82' lang='grc'><strong>5</strong></span> 
     </span>
     <span class='ocr_line' id='line_1_17' title="bbox 306 651 1889 724; baseline 0.003 -22"><span class='ocrx_word' id='word_1_77' title='bbox 306 652 413 718; x_wconf 71' lang='grc' dir='ltr'>τίζει</span> <span class='ocrx_word' id='word_1_78' title='bbox 429 651 520 719; x_wconf 80' lang='grc' dir='ltr'>γὰρ</span> <span class='ocrx_word' id='word_1_79' title='bbox 538 652 656 716; x_wconf 84' lang='grc' dir='ltr'>ἡμᾶς</span> <span class='ocrx_word' id='word_1_80' title='bbox 673 651 885 718; x_wconf 77' lang='grc' dir='ltr'>Χριστὸς</span> <span class='ocrx_word' id='word_1_81' title='bbox 903 653 1063 717; x_wconf 81' lang='grc' dir='ltr'>αἵματι</span> <span class='ocrx_word' id='word_1_82' title='bbox 1079 658 1145 723; x_wconf 70' lang='grc' dir='ltr'>τῷ</span> <span class='ocrx_word' id='word_1_83' title='bbox 1162 655 1275 724; x_wconf 79' lang='grc' dir='ltr'>ἰδίῳ,</span> <span class='ocrx_word' id='word_1_84' title='bbox 1293 656 1367 705; x_wconf 79' lang='grc' dir='ltr'>καὶ</span> <span class='ocrx_word' id='word_1_85' title='bbox 1389 656 1442 706; x_wconf 79' lang='grc' dir='ltr'>οὐ</span> <span class='ocrx_word' id='word_1_86' title='bbox 1460 654 1578 721; x_wconf 79' lang='grc' dir='ltr'>πρὸς</span> <span class='ocrx_word' id='word_1_87' title='bbox 1597 654 1745 720; x_wconf 81' lang='grc' dir='ltr'>μόνην</span> <span class='ocrx_word' id='word_1_88' title='bbox 1761 662 1789 684; x_wconf 84' lang='lat'><strong>“</strong></span> <span class='ocrx_word' id='word_1_89' title='bbox 1803 654 1889 719; x_wconf 89' lang='grc' dir='ltr'>τὴν</span> 
     </span>
     <span class='ocr_line' id='line_1_18' title="bbox 306 733 1888 807; baseline 0.003 -23.141"><span class='ocrx_word' id='word_1_90' title='bbox 306 737 442 797; x_wconf 56' lang='lat' dir='ltr'>“T-⁷55*</span> <span class='ocrx_word' id='word_1_91' title='bbox 467 733 647 800; x_wconf 81' lang='grc' dir='ltr'>σαρκὸς</span> <span class='ocrx_word' id='word_1_92' title='bbox 681 734 1005 800; x_wconf 77' lang='grc' dir='ltr'>καθαρότητα,’</span> <span class='ocrx_word' id='word_1_93' title='bbox 1010 736 1019 751; x_wconf 88' lang='lat'><em>&#39;</em></span> <span class='ocrx_word' id='word_1_94' title='bbox 1057 736 1270 802; x_wconf 73' lang='grc' dir='ltr'>καθάπερ</span> <span class='ocrx_word' id='word_1_95' title='bbox 1300 736 1460 800; x_wconf 76' lang='grc' dir='ltr'>ἀμέλει</span> <span class='ocrx_word' id='word_1_96' title='bbox 1488 739 1564 788; x_wconf 78' lang='grc' dir='ltr'>καὶ</span> <span class='ocrx_word' id='word_1_97' title='bbox 1589 736 1649 788; x_wconf 77' lang='grc' dir='ltr'>τὰ</span> <span class='ocrx_word' id='word_1_98' title='bbox 1673 740 1720 788; x_wconf 85' lang='grc' dir='ltr'>ἐν</span> <span class='ocrx_word' id='word_1_99' title='bbox 1747 737 1888 807; x_wconf 86' lang='grc' dir='ltr'>νόμω,</span> 
     </span>
    </p>
   </div>
   <div class='ocr_carea' id='block_1_10' title="bbox 307 814 1889 884">
    <p class='ocr_par' dir='ltr' id='par_1_10' title="bbox 307 814 1889 884">
     <span class='ocr_line' id='line_1_19' title="bbox 307 814 1889 884; baseline 0.003 -19"><span class='ocrx_word' id='word_1_100' title='bbox 307 815 538 881; x_wconf 74' lang='grc' dir='ltr'>καθαρίζει</span> <span class='ocrx_word' id='word_1_101' title='bbox 573 814 621 865; x_wconf 79' lang='grc' dir='ltr'>δὲ</span> <span class='ocrx_word' id='word_1_102' title='bbox 647 819 838 878; x_wconf 80' lang='grc' dir='ltr'>μᾶλλον</span> <span class='ocrx_word' id='word_1_103' title='bbox 864 818 939 867; x_wconf 83' lang='grc' dir='ltr'>καὶ</span> <span class='ocrx_word' id='word_1_104' title='bbox 972 823 1000 845; x_wconf 84' lang='lat'>“</span> <span class='ocrx_word' id='word_1_105' title='bbox 1020 816 1106 880; x_wconf 83' lang='grc' dir='ltr'>τὴν</span> <span class='ocrx_word' id='word_1_106' title='bbox 1132 819 1453 882; x_wconf 88' lang='grc' dir='ltr'>συνείδησιν</span> <span class='ocrx_word' id='word_1_107' title='bbox 1429 823 1560 883; x_wconf 81' lang='grc' dir='ltr'>ημῶν</span> <span class='ocrx_word' id='word_1_108' title='bbox 1586 818 1680 870; x_wconf 82' lang='grc' dir='ltr'>ἀπὸ</span> <span class='ocrx_word' id='word_1_109' title='bbox 1716 823 1889 884; x_wconf 82' lang='grc' dir='ltr'>νεκρῶν</span> 
     </span>
    </p>
   </div>
   <div class='ocr_carea' id='block_1_11' title="bbox 304 897 1959 1293">
    <p class='ocr_par' dir='ltr' id='par_1_11' title="bbox 304 897 1959 1293">
     <span class='ocr_line' id='line_1_20' title="bbox 307 897 1888 968; baseline 0.004 -21.208"><span class='ocrx_word' id='word_1_110' title='bbox 307 897 550 963; x_wconf 77' lang='grc' dir='ltr'>“ε’ργων,”</span> <span class='ocrx_word' id='word_1_111' title='bbox 588 920 664 948; x_wconf 91' lang='grc' dir='ltr'>και</span> <span class='ocrx_word' id='word_1_112' title='bbox 695 897 917 965; x_wconf 74' lang='grc' dir='ltr'>ἐξιστησι</span> <span class='ocrx_word' id='word_1_113' title='bbox 946 899 1368 964; x_wconf 85' lang='grc' dir='ltr'>πλημμελήματος</span> <span class='ocrx_word' id='word_1_114' title='bbox 1414 900 1648 968; x_wconf 71' lang='grc' dir='ltr'>χαρίζεται</span> <span class='ocrx_word' id='word_1_115' title='bbox 1686 900 1735 952; x_wconf 79' lang='grc' dir='ltr'>δὲ</span> <span class='ocrx_word' id='word_1_116' title='bbox 1770 923 1888 966; x_wconf 90' lang='grc' dir='ltr'>προς</span> 
     </span>
     <span class='ocr_line' id='line_1_21' title="bbox 306 977 1959 1048; baseline 0.003 -19"><span class='ocrx_word' id='word_1_117' title='bbox 306 979 455 1048; x_wconf 78' lang='grc' dir='ltr'>τούτῳ</span> <span class='ocrx_word' id='word_1_118' title='bbox 500 981 576 1029; x_wconf 78' lang='grc' dir='ltr'>καὶ</span> <span class='ocrx_word' id='word_1_119' title='bbox 627 977 742 1044; x_wconf 73' lang='grc' dir='ltr'>ζωῆς</span> <span class='ocrx_word' id='word_1_120' title='bbox 794 978 979 1030; x_wconf 83' lang='grc' dir='ltr'>ἐλπίδα·</span> <span class='ocrx_word' id='word_1_121' title='bbox 1039 983 1115 1031; x_wconf 81' lang='grc' dir='ltr'>καὶ</span> <span class='ocrx_word' id='word_1_122' title='bbox 1155 980 1248 1047; x_wconf 82' lang='grc' dir='ltr'>γάρ</span> <span class='ocrx_word' id='word_1_123' title='bbox 1297 983 1429 1032; x_wconf 84' lang='grc' dir='ltr'>ἐστιν</span> <span class='ocrx_word' id='word_1_124' title='bbox 1477 981 1651 1047; x_wconf 80' lang='grc' dir='ltr'>ἀληθὲς</span> <span class='ocrx_word' id='word_1_125' title='bbox 1702 985 1764 1036; x_wconf 86' lang='grc' dir='ltr'>ὡς</span> <span class='ocrx_word' id='word_1_126' title='bbox 1808 990 1837 1012; x_wconf 78' lang='grc'><strong>“</strong></span> <span class='ocrx_word' id='word_1_127' title='bbox 1863 984 1887 1034; x_wconf 83' lang='grc' dir='ltr'>ὁ</span> <span class='ocrx_word' id='word_1_128' title='bbox 1913 1003 1959 1028; x_wconf 83' lang='grc'>10</span> 
     </span>
     <span class='ocr_line' id='line_1_22' title="bbox 306 1058 1888 1130; baseline 0.003 -20"><span class='ocrx_word' id='word_1_129' title='bbox 306 1067 332 1090; x_wconf 77' lang='lat'>“</span> <span class='ocrx_word' id='word_1_130' title='bbox 357 1059 593 1111; x_wconf 88' lang='grc' dir='ltr'>πιστεύων</span> <span class='ocrx_word' id='word_1_131' title='bbox 636 1063 699 1114; x_wconf 78' lang='grc' dir='ltr'>εἷς</span> <span class='ocrx_word' id='word_1_132' title='bbox 742 1058 825 1111; x_wconf 79' lang='grc' dir='ltr'>τὸν</span> <span class='ocrx_word' id='word_1_133' title='bbox 860 1059 977 1112; x_wconf 78' lang='grc' dir='ltr'>Υὶὸν</span> <span class='ocrx_word' id='word_1_134' title='bbox 1020 1061 1113 1129; x_wconf 74' lang='grc' dir='ltr'>ἔχει</span> <span class='ocrx_word' id='word_1_135' title='bbox 1148 1062 1268 1129; x_wconf 75' lang='grc' dir='ltr'>ζωὴν</span> <span class='ocrx_word' id='word_1_136' title='bbox 1313 1063 1544 1114; x_wconf 79' lang='grc' dir='ltr'>αἱώνιον·”</span> <span class='ocrx_word' id='word_1_137' title='bbox 1600 1064 1888 1130; x_wconf 82' lang='grc' dir='ltr'>ἐπήγγελται</span> 
     </span>
     <span class='ocr_line' id='line_1_23' title="bbox 304 1142 1884 1215; baseline 0.003 -22"><span class='ocrx_word' id='word_1_138' title='bbox 304 1143 396 1209; x_wconf 77' lang='grc' dir='ltr'>γὰρ</span> <span class='ocrx_word' id='word_1_139' title='bbox 435 1144 510 1193; x_wconf 76' lang='grc' dir='ltr'>καὶ</span> <span class='ocrx_word' id='word_1_140' title='bbox 548 1143 702 1192; x_wconf 79' lang='grc' dir='ltr'>αὐτῶν</span> <span class='ocrx_word' id='word_1_141' title='bbox 735 1147 828 1192; x_wconf 83' lang='grc' dir='ltr'>τῶν</span> <span class='ocrx_word' id='word_1_142' title='bbox 866 1142 1103 1206; x_wconf 84' lang='grc' dir='ltr'>σωμάτων</span> <span class='ocrx_word' id='word_1_143' title='bbox 1141 1142 1226 1208; x_wconf 86' lang='grc' dir='ltr'>τὴν</span> <span class='ocrx_word' id='word_1_144' title='bbox 1266 1144 1534 1196; x_wconf 78' lang='grc' dir='ltr'>ἀνάστασιν</span> <span class='ocrx_word' id='word_1_145' title='bbox 1572 1149 1649 1197; x_wconf 84' lang='grc' dir='ltr'>καὶ</span> <span class='ocrx_word' id='word_1_146' title='bbox 1687 1147 1884 1215; x_wconf 83' lang='grc' dir='ltr'>ἀναφοί-</span> 
     </span>
     <span class='ocr_line' id='line_1_24' title="bbox 304 1223 1584 1293; baseline 0.002 -18"><span class='ocrx_word' id='word_1_147' title='bbox 304 1247 444 1289; x_wconf 86' lang='grc' dir='ltr'>τησιν</span> <span class='ocrx_word' id='word_1_148' title='bbox 469 1223 555 1288; x_wconf 84' lang='grc' dir='ltr'>τὴν</span> <span class='ocrx_word' id='word_1_149' title='bbox 581 1227 644 1276; x_wconf 83' lang='grc' dir='ltr'>εἷς</span> <span class='ocrx_word' id='word_1_150' title='bbox 670 1225 947 1292; x_wconf 81' lang='grc' dir='ltr'>ἀφθαρσίαν</span> <span class='ocrx_word' id='word_1_151' title='bbox 974 1226 1048 1275; x_wconf 75' lang='grc' dir='ltr'>καὶ</span> <span class='ocrx_word' id='word_1_152' title='bbox 1077 1228 1139 1278; x_wconf 81' lang='grc' dir='ltr'>εἰς</span> <span class='ocrx_word' id='word_1_153' title='bbox 1163 1226 1436 1293; x_wconf 87' lang='grc' dir='ltr'>μακραίωνα</span> <span class='ocrx_word' id='word_1_154' title='bbox 1461 1228 1584 1288; x_wconf 82' lang='grc' dir='ltr'>βίον.</span> 
     </span>
    </p>
   </div>
   <div class='ocr_carea' id='block_1_12' title="bbox 310 1395 1886 1456">
    <p class='ocr_par' dir='ltr' id='par_1_12' title="bbox 310 1395 1886 1456">
     <span class='ocr_line' id='line_1_25' title="bbox 310 1395 1886 1456; baseline 0.003 -20"><span class='ocrx_word' id='word_1_155' title='bbox 310 1395 383 1437; x_wconf 77' lang='grc' dir='ltr'>Καὶ</span> <span class='ocrx_word' id='word_1_156' title='bbox 421 1396 498 1453; x_wconf 79' lang='grc' dir='ltr'>Γαρ</span> <span class='ocrx_word' id='word_1_157' title='bbox 530 1397 628 1438; x_wconf 80' lang='grc' dir='ltr'>οὐδὲ</span> <span class='ocrx_word' id='word_1_158' title='bbox 668 1397 922 1440; x_wconf 70' lang='grc' dir='ltr'>δεδόξασται</span> <span class='ocrx_word' id='word_1_159' title='bbox 958 1397 1006 1440; x_wconf 85' lang='grc' dir='ltr'>τὸ</span> <span class='ocrx_word' id='word_1_160' title='bbox 1046 1397 1359 1446; x_wconf 69' lang='grc' dir='ltr'>δεδοξασμένον</span> <span class='ocrx_word' id='word_1_161' title='bbox 1396 1399 1443 1439; x_wconf 77' lang='grc' dir='ltr'>ἐν</span> <span class='ocrx_word' id='word_1_162' title='bbox 1480 1399 1620 1453; x_wconf 82' lang='grc' dir='ltr'>τούτῳ</span> <span class='ocrx_word' id='word_1_163' title='bbox 1655 1401 1718 1454; x_wconf 76' lang='grc' dir='ltr'>τῷ</span> <span class='ocrx_word' id='word_1_164' title='bbox 1755 1400 1886 1456; x_wconf 83' lang='grc' dir='ltr'>μὲρει,</span> 
     </span>
    </p>
   </div>
   <div class='ocr_carea' id='block_1_13' title="bbox 677 1481 1957 1538">
    <p class='ocr_par' dir='ltr' id='par_1_13' title="bbox 677 1481 1957 1538">
     <span class='ocr_line' id='line_1_26' title="bbox 677 1481 1957 1538; baseline 0.002 -17"><span class='ocrx_word' id='word_1_165' title='bbox 677 1481 839 1521; x_wconf 86' lang='grc' dir='ltr'>εἵνεκεν</span> <span class='ocrx_word' id='word_1_166' title='bbox 876 1485 951 1522; x_wconf 65' lang='grc' dir='ltr'>τῆς</span> <span class='ocrx_word' id='word_1_167' title='bbox 988 1481 1339 1538; x_wconf 67' lang='grc' dir='ltr'>ὑπερβαλλούσμε</span> <span class='ocrx_word' id='word_1_168' title='bbox 1378 1481 1520 1524; x_wconf 57' lang='grc' dir='ltr'>δόξειε.</span> <span class='ocrx_word' id='word_1_169' title='bbox 1912 1497 1957 1534; x_wconf 90' lang='lat'>15</span> 
     </span>
    </p>
   </div>
   <div class='ocr_carea' id='block_1_14' title="bbox 304 1591 1958 2147">
    <p class='ocr_par' dir='ltr' id='par_1_14' title="bbox 304 1591 1958 2147">
     <span class='ocr_line' id='line_1_27' title="bbox 377 1591 1886 1660; baseline 0.004 -18"><span class='ocrx_word' id='word_1_170' title='bbox 377 1591 630 1660; x_wconf 78' lang='grc' dir='ltr'>Ἀναφέρει</span> <span class='ocrx_word' id='word_1_171' title='bbox 664 1593 811 1644; x_wconf 77' lang='grc' dir='ltr'>πάλιν</span> <span class='ocrx_word' id='word_1_172' title='bbox 838 1594 911 1645; x_wconf 79' lang='grc' dir='ltr'>ἐπὶ</span> <span class='ocrx_word' id='word_1_173' title='bbox 938 1592 992 1643; x_wconf 80' lang='grc' dir='ltr'>τὸ</span> <span class='ocrx_word' id='word_1_174' title='bbox 1019 1595 1317 1660; x_wconf 84' lang='grc' dir='ltr'>ἀσυγκρίτως</span> <span class='ocrx_word' id='word_1_175' title='bbox 1349 1596 1628 1660; x_wconf 81' lang='grc' dir='ltr'>ὑπερτεροῦν</span> <span class='ocrx_word' id='word_1_176' title='bbox 1654 1597 1736 1658; x_wconf 87' lang='grc' dir='ltr'>τῆς</span> <span class='ocrx_word' id='word_1_177' title='bbox 1762 1595 1886 1648; x_wconf 86' lang='grc' dir='ltr'>θείας</span> 
     </span>
     <span class='ocr_line' id='line_1_28' title="bbox 306 1674 1888 1744; baseline 0.001 -20"><span class='ocrx_word' id='word_1_178' title='bbox 306 1676 583 1738; x_wconf 81' lang='grc' dir='ltr'>ἀποστολῆς</span> <span class='ocrx_word' id='word_1_179' title='bbox 627 1674 681 1726; x_wconf 79' lang='grc' dir='ltr'>τὸ</span> <span class='ocrx_word' id='word_1_180' title='bbox 726 1675 913 1744; x_wconf 75' lang='grc' dir='ltr'>ἀξίωμα</span> <span class='ocrx_word' id='word_1_181' title='bbox 956 1677 1030 1726; x_wconf 77' lang='grc' dir='ltr'>καὶ</span> <span class='ocrx_word' id='word_1_182' title='bbox 1078 1680 1172 1726; x_wconf 85' lang='grc' dir='ltr'>τῶν</span> <span class='ocrx_word' id='word_1_183' title='bbox 1214 1678 1458 1727; x_wconf 84' lang='grc' dir='ltr'>διακονιῶν</span> <span class='ocrx_word' id='word_1_184' title='bbox 1501 1674 1587 1740; x_wconf 88' lang='grc' dir='ltr'>τὴν</span> <span class='ocrx_word' id='word_1_185' title='bbox 1631 1675 1888 1742; x_wconf 86' lang='grc' dir='ltr'>σύγκρισιν</span> 
     </span>
     <span class='ocr_line' id='line_1_29' title="bbox 306 1755 1881 1824; baseline 0.001 -18"><span class='ocrx_word' id='word_1_186' title='bbox 306 1755 623 1820; x_wconf 80' lang='grc' dir='ltr'>ποιησάμενος</span> <span class='ocrx_word' id='word_1_187' title='bbox 649 1759 724 1808; x_wconf 72' lang='grc' dir='ltr'>καὶ</span> <span class='ocrx_word' id='word_1_188' title='bbox 749 1757 803 1807; x_wconf 85' lang='grc' dir='ltr'>τὸ</span> <span class='ocrx_word' id='word_1_189' title='bbox 830 1757 1047 1822; x_wconf 77' lang='grc' dir='ltr'>ἑκατέρας</span> <span class='ocrx_word' id='word_1_190' title='bbox 1072 1757 1188 1808; x_wconf 69' lang='grc' dir='ltr'>’ίδιον</span> <span class='ocrx_word' id='word_1_191' title='bbox 1214 1758 1262 1808; x_wconf 76' lang='grc' dir='ltr'>εὖ</span> <span class='ocrx_word' id='word_1_192' title='bbox 1287 1756 1421 1820; x_wconf 85' lang='grc' dir='ltr'>μάλα</span> <span class='ocrx_word' id='word_1_193' title='bbox 1454 1756 1754 1824; x_wconf 79' lang='grc' dir='ltr'>παρενεγκὼν</span> <span class='ocrx_word' id='word_1_194' title='bbox 1781 1761 1881 1808; x_wconf 87' lang='grc' dir='ltr'>δια-</span> 
     </span>
     <span class='ocr_line' id='line_1_30' title="bbox 308 1838 1886 1907; baseline 0.001 -20"><span class='ocrx_word' id='word_1_195' title='bbox 308 1838 604 1905; x_wconf 72' lang='grc' dir='ltr'>φανεστέραν</span> <span class='ocrx_word' id='word_1_196' title='bbox 639 1838 886 1907; x_wconf 81' lang='grc' dir='ltr'>ἀποφαίνει</span> <span class='ocrx_word' id='word_1_197' title='bbox 921 1838 1006 1902; x_wconf 83' lang='grc' dir='ltr'>τὴν</span> <span class='ocrx_word' id='word_1_198' title='bbox 1038 1841 1086 1890; x_wconf 87' lang='grc' dir='ltr'>ἐν</span> <span class='ocrx_word' id='word_1_199' title='bbox 1111 1842 1312 1907; x_wconf 73' lang='grc' dir='ltr'>Χριστῷ</span> <span class='ocrx_word' id='word_1_200' title='bbox 1338 1838 1413 1889; x_wconf 79' lang='grc' dir='ltr'>διὰ</span> <span class='ocrx_word' id='word_1_201' title='bbox 1438 1838 1717 1902; x_wconf 88' lang='grc' dir='ltr'>πνεύματος.</span> <span class='ocrx_word' id='word_1_202' title='bbox 1760 1840 1835 1889; x_wconf 79' lang='grc' dir='ltr'>καὶ</span> <span class='ocrx_word' id='word_1_203' title='bbox 1861 1840 1886 1888; x_wconf 85' lang='grc' dir='ltr'>ὁ</span> 
     </span>
     <span class='ocr_line' id='line_1_31' title="bbox 306 1918 1958 1989; baseline 0 -20"><span class='ocrx_word' id='word_1_204' title='bbox 306 1918 391 1982; x_wconf 74' lang='grc' dir='ltr'>μὲν</span> <span class='ocrx_word' id='word_1_205' title='bbox 416 1922 497 1982; x_wconf 81' lang='grc' dir='ltr'>τῆς</span> <span class='ocrx_word' id='word_1_206' title='bbox 524 1920 699 1973; x_wconf 86' lang='grc' dir='ltr'>ε’ννοίας</span> <span class='ocrx_word' id='word_1_207' title='bbox 725 1921 850 1989; x_wconf 71' lang='grc' dir='ltr'>αὐτῷ</span> <span class='ocrx_word' id='word_1_208' title='bbox 877 1919 952 1970; x_wconf 75' lang='grc' dir='ltr'>διὰ</span> <span class='ocrx_word' id='word_1_209' title='bbox 977 1920 1155 1971; x_wconf 88' lang='grc' dir='ltr'>τούτων</span> <span class='ocrx_word' id='word_1_210' title='bbox 1181 1920 1362 1987; x_wconf 72' lang='grc' dir='ltr'>ἔρχεται</span> <span class='ocrx_word' id='word_1_211' title='bbox 1389 1919 1585 1982; x_wconf 87' lang='grc' dir='ltr'>σκόπος,</span> <span class='ocrx_word' id='word_1_212' title='bbox 1610 1920 1887 1988; x_wconf 76' lang='grc' dir='ltr'>πέφρασται</span> <span class='ocrx_word' id='word_1_213' title='bbox 1909 1943 1958 1968; x_wconf 86' lang='lat'>20</span> 
     </span>
     <span class='ocr_line' id='line_1_32' title="bbox 305 2000 1887 2070; baseline 0.001 -19"><span class='ocrx_word' id='word_1_214' title='bbox 305 2000 452 2066; x_wconf 83' lang='grc' dir='ltr'>γεμὴν</span> <span class='ocrx_word' id='word_1_215' title='bbox 479 2002 532 2051; x_wconf 78' lang='grc' dir='ltr'>οὐ</span> <span class='ocrx_word' id='word_1_216' title='bbox 568 2000 762 2070; x_wconf 85' lang='grc' dir='ltr'>σφόδρα</span> <span class='ocrx_word' id='word_1_217' title='bbox 799 2005 972 2070; x_wconf 82' lang='grc' dir='ltr'>σαφῶς</span> <span class='ocrx_word' id='word_1_218' title='bbox 997 2002 1050 2052; x_wconf 85' lang='grc' dir='ltr'>τὸ</span> <span class='ocrx_word' id='word_1_219' title='bbox 1075 2003 1233 2068; x_wconf 87' lang='grc' dir='ltr'>ῥητόν·</span> <span class='ocrx_word' id='word_1_220' title='bbox 1282 2001 1425 2052; x_wconf 70' lang='grc' dir='ltr'>ἔοικεν</span> <span class='ocrx_word' id='word_1_221' title='bbox 1451 2001 1544 2068; x_wconf 77' lang='grc' dir='ltr'>γὰρ</span> <span class='ocrx_word' id='word_1_222' title='bbox 1573 2000 1690 2053; x_wconf 76' lang='grc' dir='ltr'>εἶναι’</span> <span class='ocrx_word' id='word_1_223' title='bbox 1708 2025 1807 2056; x_wconf 91' lang='grc' dir='ltr'>πως</span> <span class='ocrx_word' id='word_1_224' title='bbox 1834 2003 1887 2052; x_wconf 83' lang='grc' dir='ltr'>οὐ</span> 
     </span>
     <span class='ocr_line' id='line_1_33' title="bbox 304 2082 1892 2147; baseline 0.001 -15"><span class='ocrx_word' id='word_1_225' title='bbox 304 2082 413 2133; x_wconf 85' lang='grc' dir='ltr'>λίαν</span> <span class='ocrx_word' id='word_1_226' title='bbox 446 2082 731 2134; x_wconf 77' lang='grc' dir='ltr'>εὐκάτοπτον</span> <span class='ocrx_word' id='word_1_227' title='bbox 762 2084 866 2134; x_wconf 79' lang='grc' dir='ltr'>οὔτε</span> <span class='ocrx_word' id='word_1_228' title='bbox 905 2083 998 2147; x_wconf 88' lang='grc' dir='ltr'>μὴν</span> <span class='ocrx_word' id='word_1_229' title='bbox 1033 2088 1128 2137; x_wconf 84' lang='grc' dir='ltr'>τοῖς</span> <span class='ocrx_word' id='word_1_230' title='bbox 1166 2084 1410 2135; x_wconf 78' lang='grc' dir='ltr'>ἐθέλουσιν</span> <span class='ocrx_word' id='word_1_231' title='bbox 1450 2084 1634 2147; x_wconf 81' lang='grc' dir='ltr'>ἕτοιμον</span> <span class='ocrx_word' id='word_1_232' title='bbox 1673 2087 1799 2137; x_wconf 79' lang='grc' dir='ltr'>ἰδεῖν.</span> <span class='ocrx_word' id='word_1_233' title='bbox 1842 2084 1892 2134; x_wconf 83' lang='grc' dir='ltr'>τί</span> 
     </span>
    </p>
   </div>
   <div class='ocr_carea' id='block_1_15' title="bbox 304 2231 1886 2974">
    <p class='ocr_par' dir='ltr' id='par_1_15' title="bbox 304 2231 1885 2278">
     <span class='ocr_line' id='line_1_34' title="bbox 304 2231 1885 2278; baseline 0.001 -13"><span class='ocrx_word' id='word_1_234' title='bbox 304 2231 431 2275; x_wconf 86' lang='grc' dir='ltr'>φάνθαι</span> <span class='ocrx_word' id='word_1_235' title='bbox 457 2238 571 2276; x_wconf 81' lang='grc' dir='ltr'>καινῆς</span> <span class='ocrx_word' id='word_1_236' title='bbox 594 2234 764 2277; x_wconf 74' lang='grc' dir='ltr'>διαθήκης,</span> <span class='ocrx_word' id='word_1_237' title='bbox 788 2235 828 2265; x_wconf 85' lang='grc' dir='ltr'>οὐ</span> <span class='ocrx_word' id='word_1_238' title='bbox 852 2235 1048 2277; x_wconf 81' lang='grc' dir='ltr'>γράμματος</span> <span class='ocrx_word' id='word_1_239' title='bbox 1073 2236 1163 2267; x_wconf 76' lang='grc' dir='ltr'>ἀλλὰ</span> <span class='ocrx_word' id='word_1_240' title='bbox 1186 2236 1381 2278; x_wconf 75' lang='grc' dir='ltr'>πνεύματος.</span> <span class='ocrx_word' id='word_1_241' title='bbox 1412 2232 1523 2278; x_wconf 85' lang='grc' dir='ltr'>λεγων</span> <span class='ocrx_word' id='word_1_242' title='bbox 1548 2233 1619 2266; x_wconf 60' lang='grc' dir='ltr'>δε(</span> <span class='ocrx_word' id='word_1_243' title='bbox 1623 2233 1755 2276; x_wconf 75' lang='grc' dir='ltr'>ικαινὴν</span> <span class='ocrx_word' id='word_1_244' title='bbox 1778 2247 1885 2267; x_wconf 87' lang='grc' dir='ltr'>πεπα-</span> 
     </span>
    </p>

    <p class='ocr_par' dir='ltr' id='par_1_16' title="bbox 306 2279 1886 2601">
     <span class='ocr_line' id='line_1_35' title="bbox 306 2279 1886 2324; baseline 0.002 -13.078"><span class='ocrx_word' id='word_1_245' title='bbox 306 2279 488 2312; x_wconf 86' lang='grc' dir='ltr'>“λαι’ωκεν</span> <span class='ocrx_word' id='word_1_246' title='bbox 515 2293 574 2322; x_wconf 91' lang='grc' dir='ltr'>την</span> <span class='ocrx_word' id='word_1_247' title='bbox 599 2280 756 2322; x_wconf 85' lang='grc' dir='ltr'>πρώτην,’</span> <span class='ocrx_word' id='word_1_248' title='bbox 748 2279 770 2293; x_wconf 89' lang='grc'><strong>”</strong></span> <span class='ocrx_word' id='word_1_249' title='bbox 800 2280 852 2312; x_wconf 82' lang='grc' dir='ltr'>καὶ</span> <span class='ocrx_word' id='word_1_250' title='bbox 880 2279 1038 2323; x_wconf 76' lang='grc' dir='ltr'>διαθήκην</span> <span class='ocrx_word' id='word_1_251' title='bbox 1062 2280 1232 2323; x_wconf 79' lang='grc' dir='ltr'>ὀνομάζων</span> <span class='ocrx_word' id='word_1_252' title='bbox 1256 2280 1369 2324; x_wconf 81' lang='grc' dir='ltr'>αὐτὴν,</span> <span class='ocrx_word' id='word_1_253' title='bbox 1392 2281 1450 2313; x_wconf 88' lang='grc' dir='ltr'>τὸν</span> <span class='ocrx_word' id='word_1_254' title='bbox 1478 2281 1537 2313; x_wconf 84' lang='grc' dir='ltr'>τοῦ</span> <span class='ocrx_word' id='word_1_255' title='bbox 1564 2282 1715 2323; x_wconf 85' lang='grc' dir='ltr'>Χριστοῦ</span> <span class='ocrx_word' id='word_1_256' title='bbox 1743 2280 1886 2314; x_wconf 89' lang='grc' dir='ltr'>θάνατον</span> 
     </span>
     <span class='ocr_line' id='line_1_36' title="bbox 306 2323 1886 2371; baseline 0.001 -13"><span class='ocrx_word' id='word_1_257' title='bbox 306 2323 542 2359; x_wconf 82' lang='grc' dir='ltr'>ὑπαινίττεται·</span> <span class='ocrx_word' id='word_1_258' title='bbox 568 2325 739 2369; x_wconf 80' lang='grc' dir='ltr'>“διαθὴκη</span> <span class='ocrx_word' id='word_1_259' title='bbox 754 2325 820 2371; x_wconf 82' lang='grc' dir='ltr'>γὰρ</span> <span class='ocrx_word' id='word_1_260' title='bbox 833 2324 887 2360; x_wconf 76' lang='grc' dir='ltr'>ε’πι</span> <span class='ocrx_word' id='word_1_261' title='bbox 900 2328 1027 2370; x_wconf 80' lang='grc' dir='ltr'>νεκροῖς</span> <span class='ocrx_word' id='word_1_262' title='bbox 1039 2327 1195 2367; x_wconf 77' lang='grc' dir='ltr'>βεβαία”</span> <span class='ocrx_word' id='word_1_263' title='bbox 1214 2326 1266 2360; x_wconf 84' lang='grc' dir='ltr'>καὶ</span> <span class='ocrx_word' id='word_1_264' title='bbox 1280 2327 1318 2360; x_wconf 89' lang='grc' dir='ltr'>τὸ</span> <span class='ocrx_word' id='word_1_265' title='bbox 1332 2330 1412 2369; x_wconf 87' lang='grc' dir='ltr'>αἱμα</span> <span class='ocrx_word' id='word_1_266' title='bbox 1423 2326 1525 2360; x_wconf 85' lang='grc' dir='ltr'>αυτοῦ</span> <span class='ocrx_word' id='word_1_267' title='bbox 1539 2325 1621 2369; x_wconf 83' lang='grc' dir='ltr'>ὅπερ</span> <span class='ocrx_word' id='word_1_268' title='bbox 1636 2325 1886 2371; x_wconf 80' lang='lat' dir='ltr'>[legendumne</span> 
     </span>
     <span class='ocr_line' id='line_1_37' title="bbox 306 2370 1885 2417; baseline 0.002 -12"><span class='ocrx_word' id='word_1_269' title='bbox 306 2372 423 2415; x_wconf 86' lang='grc' dir='ltr'>ὥσπερ</span> <span class='ocrx_word' id='word_1_270' title='bbox 436 2370 466 2416; x_wconf 93' lang='lat'>?]</span> <span class='ocrx_word' id='word_1_271' title='bbox 494 2372 742 2416; x_wconf 81' lang='grc' dir='ltr'>ὑπερακοντίζει</span> <span class='ocrx_word' id='word_1_272' title='bbox 766 2373 804 2405; x_wconf 85' lang='grc' dir='ltr'>τὸ</span> <span class='ocrx_word' id='word_1_273' title='bbox 829 2376 895 2406; x_wconf 85' lang='grc' dir='ltr'>τῶν</span> <span class='ocrx_word' id='word_1_274' title='bbox 916 2373 1049 2417; x_wconf 86' lang='grc' dir='ltr'>τράγων</span> <span class='ocrx_word' id='word_1_275' title='bbox 1065 2371 1214 2417; x_wconf 83' lang='grc' dir='ltr'>αἱμα,οὗ</span> <span class='ocrx_word' id='word_1_276' title='bbox 1238 2375 1340 2417; x_wconf 86' lang='grc' dir='ltr'>μόνον</span> <span class='ocrx_word' id='word_1_277' title='bbox 1365 2373 1400 2406; x_wconf 79' lang='grc' dir='ltr'>δὲ</span> <span class='ocrx_word' id='word_1_278' title='bbox 1426 2371 1564 2407; x_wconf 80' lang='grc' dir='ltr'>τούτους</span> <span class='ocrx_word' id='word_1_279' title='bbox 1587 2373 1746 2413; x_wconf 81' lang='grc' dir='ltr'>βελτίους</span> <span class='ocrx_word' id='word_1_280' title='bbox 1771 2373 1801 2405; x_wconf 87' lang='grc' dir='ltr'>οἱ</span> <span class='ocrx_word' id='word_1_281' title='bbox 1826 2374 1885 2416; x_wconf 86' lang='grc' dir='ltr'>τῆς</span> 
     </span>
     <span class='ocr_line' id='line_1_38' title="bbox 306 2417 1884 2464; baseline 0.001 -13"><span class='ocrx_word' id='word_1_282' title='bbox 306 2417 381 2452; x_wconf 84' lang='grc' dir='ltr'>νέας</span> <span class='ocrx_word' id='word_1_283' title='bbox 398 2418 554 2461; x_wconf 82' lang='grc' dir='ltr'>διάκονοι,</span> <span class='ocrx_word' id='word_1_284' title='bbox 573 2418 664 2452; x_wconf 84' lang='grc' dir='ltr'>ἀλλὰ</span> <span class='ocrx_word' id='word_1_285' title='bbox 683 2433 736 2452; x_wconf 90' lang='grc' dir='ltr'>και</span> <span class='ocrx_word' id='word_1_286' title='bbox 753 2419 790 2453; x_wconf 86' lang='grc' dir='ltr'>τὸ</span> <span class='ocrx_word' id='word_1_287' title='bbox 815 2419 1010 2462; x_wconf 83' lang='grc' dir='ltr'>ἱκανωθῆναι</span> <span class='ocrx_word' id='word_1_288' title='bbox 1027 2421 1118 2464; x_wconf 89' lang='grc' dir='ltr'>παρὰ</span> <span class='ocrx_word' id='word_1_289' title='bbox 1136 2422 1223 2454; x_wconf 83' lang='grc' dir='ltr'>Θεοῦ</span> <span class='ocrx_word' id='word_1_290' title='bbox 1240 2421 1324 2464; x_wconf 86' lang='grc' dir='ltr'>πρὸς</span> <span class='ocrx_word' id='word_1_291' title='bbox 1341 2419 1578 2458; x_wconf 83' lang='grc' dir='ltr'>διακονίαν,οὐ</span> <span class='ocrx_word' id='word_1_292' title='bbox 1594 2420 1792 2463; x_wconf 85' lang='grc' dir='ltr'>γράμματος</span> <span class='ocrx_word' id='word_1_293' title='bbox 1807 2433 1884 2453; x_wconf 89' lang='grc' dir='ltr'>του-</span> 
     </span>
     <span class='ocr_line' id='line_1_39' title="bbox 306 2463 1882 2510; baseline 0.001 -14"><span class='ocrx_word' id='word_1_294' title='bbox 306 2463 401 2497; x_wconf 85' lang='grc' dir='ltr'>τέστι</span> <span class='ocrx_word' id='word_1_295' title='bbox 420 2479 479 2498; x_wconf 89' lang='grc' dir='ltr'>του</span> <span class='ocrx_word' id='word_1_296' title='bbox 497 2466 599 2509; x_wconf 88' lang='grc' dir='ltr'>νόμου</span> <span class='ocrx_word' id='word_1_297' title='bbox 617 2464 652 2500; x_wconf 84' lang='grc' dir='ltr'>ὃς</span> <span class='ocrx_word' id='word_1_298' title='bbox 670 2464 708 2507; x_wconf 78' lang='grc' dir='ltr'>ἧν</span> <span class='ocrx_word' id='word_1_299' title='bbox 725 2465 828 2500; x_wconf 81' lang='grc' dir='ltr'>τύπος</span> <span class='ocrx_word' id='word_1_300' title='bbox 846 2479 897 2499; x_wconf 86' lang='grc' dir='ltr'>και</span> <span class='ocrx_word' id='word_1_301' title='bbox 916 2466 994 2499; x_wconf 86' lang='grc' dir='ltr'>σκιὰ</span> <span class='ocrx_word' id='word_1_302' title='bbox 1013 2466 1101 2500; x_wconf 80' lang='grc' dir='ltr'>ἀλλὰ</span> <span class='ocrx_word' id='word_1_303' title='bbox 1119 2466 1305 2510; x_wconf 80' lang='grc' dir='ltr'>πνεύματος</span> <span class='ocrx_word' id='word_1_304' title='bbox 1323 2466 1341 2499; x_wconf 87' lang='grc' dir='ltr'><em>ὅ</em></span> <span class='ocrx_word' id='word_1_305' title='bbox 1359 2466 1432 2500; x_wconf 79' lang='grc' dir='ltr'>ἐστι</span> <span class='ocrx_word' id='word_1_306' title='bbox 1449 2467 1508 2509; x_wconf 84' lang='grc' dir='ltr'>τῆς</span> <span class='ocrx_word' id='word_1_307' title='bbox 1525 2466 1576 2508; x_wconf 82' lang='lat'>(2)</span> <span class='ocrx_word' id='word_1_308' title='bbox 1600 2465 1645 2498; x_wconf 88' lang='lat' dir='ltr'><strong>H.</strong></span> <span class='ocrx_word' id='word_1_309' title='bbox 1773 2476 1806 2509; x_wconf 85' lang='lat'><strong>3.</strong></span> <span class='ocrx_word' id='word_1_310' title='bbox 1825 2465 1882 2499; x_wconf 80' lang='grc' dir='ltr'>αὐ-</span> 
     </span>
     <span class='ocr_line' id='line_1_40' title="bbox 307 2510 1884 2556; baseline 0.001 -12"><span class='ocrx_word' id='word_1_311' title='bbox 307 2512 365 2553; x_wconf 77' lang='grc' dir='ltr'>τῆς</span> <span class='ocrx_word' id='word_1_312' title='bbox 384 2510 432 2544; x_wconf 89' lang='grc' dir='ltr'>Η.</span> <span class='ocrx_word' id='word_1_313' title='bbox 591 2523 623 2553; x_wconf 87' lang='grc'>4.</span> <span class='ocrx_word' id='word_1_314' title='bbox 650 2510 809 2556; x_wconf 66' lang='grc' dir='ltr'>ἥττων]“</span> <span class='ocrx_word' id='word_1_315' title='bbox 794 2512 881 2555; x_wconf 86' lang='grc' dir='ltr'>η’ττω</span> <span class='ocrx_word' id='word_1_316' title='bbox 898 2513 936 2546; x_wconf 84' lang='grc' dir='ltr'>τὸ</span> <span class='ocrx_word' id='word_1_317' title='bbox 958 2511 1005 2546; x_wconf 92' lang='lat' dir='ltr'><strong>H.</strong></span> <span class='ocrx_word' id='word_1_318' title='bbox 1161 2522 1193 2555; x_wconf 91' lang='grc'>5.</span> <span class='ocrx_word' id='word_1_319' title='bbox 1220 2512 1379 2556; x_wconf 80' lang='grc' dir='ltr'>ἀλήθειαν</span> <span class='ocrx_word' id='word_1_320' title='bbox 1397 2512 1469 2545; x_wconf 86' lang='lat' dir='ltr'><strong>des.</strong></span> <span class='ocrx_word' id='word_1_321' title='bbox 1490 2511 1539 2544; x_wconf 90' lang='lat' dir='ltr'>H</span> <span class='ocrx_word' id='word_1_322' title='bbox 1691 2511 1725 2545; x_wconf 82' lang='grc'>8.</span> <span class='ocrx_word' id='word_1_323' title='bbox 1751 2510 1884 2545; x_wconf 79' lang='lat' dir='ltr'><strong>Iterum</strong></span> 
     </span>
     <span class='ocr_line' id='line_1_41' title="bbox 308 2556 1885 2615; baseline 0.002 -26"><span class='ocrx_word' id='word_1_324' title='bbox 308 2557 374 2590; x_wconf 87' lang='lat' dir='ltr'><strong>inc.</strong></span> <span class='ocrx_word' id='word_1_325' title='bbox 398 2557 574 2600; x_wconf 79' lang='grc' dir='ltr'>Καθορίζει</span> <span class='ocrx_word' id='word_1_326' title='bbox 596 2572 661 2615; x_wconf 82' lang='grc' dir='ltr'>γαρ</span> <span class='ocrx_word' id='word_1_327' title='bbox 680 2560 697 2591; x_wconf 92' lang='grc' dir='ltr'>ὁ</span> <span class='ocrx_word' id='word_1_328' title='bbox 715 2560 814 2601; x_wconf 88' lang='grc' dir='ltr'>νόμος</span> <span class='ocrx_word' id='word_1_329' title='bbox 834 2562 900 2592; x_wconf 83' lang='grc' dir='ltr'>τῶν</span> <span class='ocrx_word' id='word_1_330' title='bbox 918 2558 1105 2593; x_wconf 83' lang='grc' dir='ltr'>πταιόντων</span> <span class='ocrx_word' id='word_1_331' title='bbox 1122 2559 1265 2593; x_wconf 82' lang='grc' dir='ltr'>θάνατον</span> <span class='ocrx_word' id='word_1_332' title='bbox 1281 2560 1334 2593; x_wconf 83' lang='grc' dir='ltr'>καὶ</span> <span class='ocrx_word' id='word_1_333' title='bbox 1352 2561 1369 2592; x_wconf 86' lang='grc' dir='ltr'>ὁ</span> <span class='ocrx_word' id='word_1_334' title='bbox 1386 2557 1554 2601; x_wconf 79' lang='grc' dir='ltr'>αθετὴσας</span> <span class='ocrx_word' id='word_1_335' title='bbox 1571 2556 1723 2592; x_wconf 89' lang='grc' dir='ltr'>Μωσεως</span> <span class='ocrx_word' id='word_1_336' title='bbox 1745 2557 1885 2601; x_wconf 77' lang='grc' dir='ltr'>ἐντολὴν</span> 
     </span>
    </p>

    <p class='ocr_par' dir='ltr' id='par_1_17' title="bbox 306 2602 1886 2882">
     <span class='ocr_line' id='line_1_42' title="bbox 321 2602 1886 2663; baseline 0.001 -27.014"><span class='ocrx_word' id='word_1_337' title='bbox 321 2603 397 2636; x_wconf 46' lang='grc' dir='ltr'>(ἐπὶ</span> <span class='ocrx_word' id='word_1_338' title='bbox 414 2602 546 2637; x_wconf 83' lang='grc' dir='ltr'>δύσιν</span> <span class='ocrx_word' id='word_1_339' title='bbox 530 2619 548 2645; x_wconf 87' lang='grc' dir='ltr'>η</span> <span class='ocrx_word' id='word_1_340' title='bbox 567 2604 680 2646; x_wconf 85' lang='grc' dir='ltr'>τρισὶν</span> <span class='ocrx_word' id='word_1_341' title='bbox 697 2605 865 2647; x_wconf 85' lang='grc' dir='ltr'>μάρτυσιν</span> <span class='ocrx_word' id='word_1_342' title='bbox 880 2619 985 2663; x_wconf 81' lang='grc' dir='ltr'>χωρις</span> <span class='ocrx_word' id='word_1_343' title='bbox 1002 2605 1180 2649; x_wconf 82' lang='grc' dir='ltr'>οἰκτιρμῶν</span> <span class='ocrx_word' id='word_1_344' title='bbox 1196 2604 1439 2648; x_wconf 82' lang='grc' dir='ltr'>ἀποθνήσκει,”</span> <span class='ocrx_word' id='word_1_345' title='bbox 1456 2606 1494 2638; x_wconf 86' lang='grc' dir='ltr'>τὸ</span> <span class='ocrx_word' id='word_1_346' title='bbox 1513 2604 1548 2637; x_wconf 78' lang='grc' dir='ltr'>δὲ</span> <span class='ocrx_word' id='word_1_347' title='bbox 1564 2618 1692 2647; x_wconf 87' lang='grc' dir='ltr'>πνευμα</span> <span class='ocrx_word' id='word_1_348' title='bbox 1709 2618 1886 2638; x_wconf 86' lang='grc' dir='ltr'>τουτεστιν</span> 
     </span>
     <span class='ocr_line' id='line_1_43' title="bbox 307 2648 1885 2697; baseline 0.003 -15"><span class='ocrx_word' id='word_1_349' title='bbox 307 2648 326 2692; x_wconf 86' lang='grc' dir='ltr'>ἡ</span> <span class='ocrx_word' id='word_1_350' title='bbox 353 2649 388 2683; x_wconf 81' lang='grc' dir='ltr'>ἐν</span> <span class='ocrx_word' id='word_1_351' title='bbox 412 2651 549 2694; x_wconf 82' lang='grc' dir='ltr'>Χριστῷ</span> <span class='ocrx_word' id='word_1_352' title='bbox 575 2650 750 2685; x_wconf 86' lang='grc' dir='ltr'>παίδευσις</span> <span class='ocrx_word' id='word_1_353' title='bbox 776 2652 829 2684; x_wconf 90' lang='grc' dir='ltr'>καὶ</span> <span class='ocrx_word' id='word_1_354' title='bbox 853 2653 891 2684; x_wconf 88' lang='grc' dir='ltr'>τὸ</span> <span class='ocrx_word' id='word_1_355' title='bbox 917 2651 1069 2696; x_wconf 80' lang='grc' dir='ltr'>κήρυγμα</span> <span class='ocrx_word' id='word_1_356' title='bbox 1092 2654 1130 2686; x_wconf 85' lang='grc' dir='ltr'>τὸ</span> <span class='ocrx_word' id='word_1_357' title='bbox 1150 2652 1367 2697; x_wconf 82' lang='grc' dir='ltr'>εὐαγγελικὸν</span> <span class='ocrx_word' id='word_1_358' title='bbox 1384 2651 1437 2684; x_wconf 86' lang='grc' dir='ltr'>καὶ</span> <span class='ocrx_word' id='word_1_359' title='bbox 1459 2651 1557 2693; x_wconf 80' lang='grc' dir='ltr'>αὐτῆς</span> <span class='ocrx_word' id='word_1_360' title='bbox 1582 2652 1640 2693; x_wconf 86' lang='grc' dir='ltr'>τῆς</span> <span class='ocrx_word' id='word_1_361' title='bbox 1664 2652 1885 2694; x_wconf 84' lang='grc' dir='ltr'>πνευματικῆς</span> 
     </span>
     <span class='ocr_line' id='line_1_44' title="bbox 306 2695 1883 2743; baseline 0.001 -14"><span class='ocrx_word' id='word_1_362' title='bbox 306 2695 494 2739; x_wconf 85' lang='grc' dir='ltr'>λατρείας</span> <span class='ocrx_word' id='word_1_363' title='bbox 480 2711 498 2738; x_wconf 90' lang='grc' dir='ltr'>η</span> <span class='ocrx_word' id='word_1_364' title='bbox 516 2695 652 2738; x_wconf 81' lang='grc' dir='ltr'>δύναμις</span> <span class='ocrx_word' id='word_1_365' title='bbox 668 2696 918 2730; x_wconf 83' lang='grc' dir='ltr'>ἀπαλλάττεται</span> <span class='ocrx_word' id='word_1_366' title='bbox 933 2698 995 2740; x_wconf 82' lang='grc' dir='ltr'>μὲν</span> <span class='ocrx_word' id='word_1_367' title='bbox 1011 2698 1238 2742; x_wconf 79' lang='grc' dir='ltr'>ἐγκλημάτων,</span> <span class='ocrx_word' id='word_1_368' title='bbox 1255 2698 1427 2743; x_wconf 78' lang='grc' dir='ltr'>χαρίζεται</span> <span class='ocrx_word' id='word_1_369' title='bbox 1446 2698 1500 2740; x_wconf 82' lang='lat' dir='ltr'>(ut</span> <span class='ocrx_word' id='word_1_370' title='bbox 1518 2699 1554 2741; x_wconf 87' lang='lat'>9)</span> <span class='ocrx_word' id='word_1_371' title='bbox 1576 2696 1624 2729; x_wconf 86' lang='lat' dir='ltr'><strong>H.</strong></span> <span class='ocrx_word' id='word_1_372' title='bbox 1749 2708 1801 2730; x_wconf 89' lang='lat'><strong>10.</strong></span> <span class='ocrx_word' id='word_1_373' title='bbox 1825 2697 1883 2730; x_wconf 76' lang='grc' dir='ltr'>ε’λ-</span> 
     </span>
     <span class='ocr_line' id='line_1_45' title="bbox 307 2741 1884 2802; baseline 0.001 -26"><span class='ocrx_word' id='word_1_374' title='bbox 307 2741 405 2802; x_wconf 67' lang='lat' dir='ltr'>m&#39;5a]</span> <span class='ocrx_word' id='word_1_375' title='bbox 426 2742 537 2786; x_wconf 79' lang='lat' dir='ltr'>pergit</span> <span class='ocrx_word' id='word_1_376' title='bbox 554 2743 607 2776; x_wconf 83' lang='grc' dir='ltr'>καὶ</span> <span class='ocrx_word' id='word_1_377' title='bbox 620 2743 790 2799; x_wconf 82' lang='grc' dir='ltr'>σωμάτων</span> <span class='ocrx_word' id='word_1_378' title='bbox 806 2743 994 2778; x_wconf 80' lang='grc' dir='ltr'>ἀνάστασιν</span> <span class='ocrx_word' id='word_1_379' title='bbox 1012 2746 1087 2787; x_wconf 88' lang='lat'><em>(12)</em></span> <span class='ocrx_word' id='word_1_380' title='bbox 1110 2745 1157 2778; x_wconf 88' lang='lat' dir='ltr'><strong>H.</strong></span> <span class='ocrx_word' id='word_1_381' title='bbox 1493 2754 1545 2788; x_wconf 89' lang='lat'><strong>13.</strong></span> <span class='ocrx_word' id='word_1_382' title='bbox 1570 2741 1664 2786; x_wconf 76' lang='grc' dir='ltr'>βίον]</span> <span class='ocrx_word' id='word_1_383' title='bbox 1685 2742 1781 2776; x_wconf 76' lang='lat' dir='ltr'>addit</span> <span class='ocrx_word' id='word_1_384' title='bbox 1798 2744 1884 2778; x_wconf 87' lang='grc' dir='ltr'>τίνες</span> 
     </span>
     <span class='ocr_line' id='line_1_46' title="bbox 308 2789 1883 2834; baseline 0.001 -12"><span class='ocrx_word' id='word_1_385' title='bbox 308 2804 367 2823; x_wconf 89' lang='grc' dir='ltr'>ουν</span> <span class='ocrx_word' id='word_1_386' title='bbox 384 2789 448 2833; x_wconf 80' lang='grc' dir='ltr'>ι’ίρα</span> <span class='ocrx_word' id='word_1_387' title='bbox 472 2790 592 2823; x_wconf 83' lang='grc' dir='ltr'>λοιπὸν</span> <span class='ocrx_word' id='word_1_388' title='bbox 609 2789 772 2831; x_wconf 83' lang='grc' dir='ltr'>ἀμείνους,</span> <span class='ocrx_word' id='word_1_389' title='bbox 790 2790 819 2821; x_wconf 85' lang='grc' dir='ltr'>οἱ</span> <span class='ocrx_word' id='word_1_390' title='bbox 845 2790 904 2832; x_wconf 79' lang='grc' dir='ltr'>τὴν</span> <span class='ocrx_word' id='word_1_391' title='bbox 928 2792 988 2823; x_wconf 84' lang='grc' dir='ltr'>τοῦ</span> <span class='ocrx_word' id='word_1_392' title='bbox 1013 2790 1155 2825; x_wconf 85' lang='grc' dir='ltr'>θανάτου</span> <span class='ocrx_word' id='word_1_393' title='bbox 1176 2791 1268 2834; x_wconf 75' lang='grc' dir='ltr'>δίκην</span> <span class='ocrx_word' id='word_1_394' title='bbox 1291 2792 1361 2825; x_wconf 81' lang='grc' dir='ltr'>τοῖς</span> <span class='ocrx_word' id='word_1_395' title='bbox 1385 2790 1563 2824; x_wconf 82' lang='grc' dir='ltr'>πταίουσιν</span> <span class='ocrx_word' id='word_1_396' title='bbox 1588 2789 1805 2834; x_wconf 82' lang='grc' dir='ltr'>ἐπιφέροντες</span> <span class='ocrx_word' id='word_1_397' title='bbox 1829 2804 1883 2823; x_wconf 85' lang='grc' dir='ltr'>και</span> 
     </span>
     <span class='ocr_line' id='line_1_47' title="bbox 308 2835 1882 2882; baseline 0.001 -13"><span class='ocrx_word' id='word_1_398' title='bbox 308 2837 379 2871; x_wconf 82' lang='grc' dir='ltr'>ταῖς</span> <span class='ocrx_word' id='word_1_399' title='bbox 403 2836 485 2869; x_wconf 84' lang='grc' dir='ltr'>κατὰ</span> <span class='ocrx_word' id='word_1_400' title='bbox 511 2837 611 2876; x_wconf 87' lang='grc' dir='ltr'>νόμον</span> <span class='ocrx_word' id='word_1_401' title='bbox 626 2836 822 2879; x_wconf 84' lang='grc' dir='ltr'>ἀποτομίαις</span> <span class='ocrx_word' id='word_1_402' title='bbox 842 2836 1017 2879; x_wconf 82' lang='grc' dir='ltr'>ὑπηρετεῖν</span> <span class='ocrx_word' id='word_1_403' title='bbox 1037 2851 1243 2882; x_wconf 84' lang='grc' dir='ltr'>τεταγμενοι,</span> <span class='ocrx_word' id='word_1_404' title='bbox 1261 2852 1279 2880; x_wconf 89' lang='grc' dir='ltr'>η</span> <span class='ocrx_word' id='word_1_405' title='bbox 1297 2839 1430 2881; x_wconf 78' lang='grc' dir='ltr'>μαλλον</span> <span class='ocrx_word' id='word_1_406' title='bbox 1447 2838 1477 2870; x_wconf 84' lang='grc' dir='ltr'>οἱ</span> <span class='ocrx_word' id='word_1_407' title='bbox 1496 2838 1579 2880; x_wconf 81' lang='grc' dir='ltr'>ζωῆς</span> <span class='ocrx_word' id='word_1_408' title='bbox 1595 2835 1732 2880; x_wconf 80' lang='grc' dir='ltr'>κήρυκες</span> <span class='ocrx_word' id='word_1_409' title='bbox 1749 2850 1800 2869; x_wconf 86' lang='grc' dir='ltr'>και</span> <span class='ocrx_word' id='word_1_410' title='bbox 1824 2837 1882 2878; x_wconf 82' lang='grc' dir='ltr'>τῆς</span> 
     </span>
    </p>

    <p class='ocr_par' dir='ltr' id='par_1_18' title="bbox 308 2882 1880 2974">
     <span class='ocr_line' id='line_1_48' title="bbox 308 2882 1880 2929; baseline 0.001 -14.015"><span class='ocrx_word' id='word_1_411' title='bbox 308 2882 469 2916; x_wconf 72' lang='grc' dir='ltr'>ἶί’νωθεν</span> <span class='ocrx_word' id='word_1_412' title='bbox 457 2884 658 2926; x_wconf 87' lang='grc' dir='ltr'>ημερότητος</span> <span class='ocrx_word' id='word_1_413' title='bbox 683 2884 751 2917; x_wconf 80' lang='grc' dir='ltr'>τοῖς</span> <span class='ocrx_word' id='word_1_414' title='bbox 776 2882 852 2926; x_wconf 83' lang='grc' dir='ltr'>παρ’</span> <span class='ocrx_word' id='word_1_415' title='bbox 877 2883 986 2916; x_wconf 80' lang='grc' dir='ltr'>αὐτῶν</span> <span class='ocrx_word' id='word_1_416' title='bbox 1008 2898 1347 2929; x_wconf 77' lang='grc' dir='ltr'>μυσταγωγουμενοις</span> <span class='ocrx_word' id='word_1_417' title='bbox 1367 2884 1594 2918; x_wconf 80' lang='grc' dir='ltr'>διακονοῦντες</span> <span class='ocrx_word' id='word_1_418' title='bbox 1614 2884 1673 2925; x_wconf 87' lang='grc' dir='ltr'>τὴν</span> <span class='ocrx_word' id='word_1_419' title='bbox 1693 2883 1804 2927; x_wconf 83' lang='grc' dir='ltr'>χάριν.</span> <span class='ocrx_word' id='word_1_420' title='bbox 1832 2882 1880 2916; x_wconf 91' lang='grc' dir='ltr'><strong>Η.</strong></span> 
     </span>
     <span class='ocr_line' id='line_1_49' title="bbox 313 2928 1050 2974; baseline 0.003 -13"><span class='ocrx_word' id='word_1_421' title='bbox 313 2940 365 2970; x_wconf 84' lang='lat'>14.</span> <span class='ocrx_word' id='word_1_422' title='bbox 394 2928 496 2963; x_wconf 88' lang='lat' dir='ltr'>Hoc</span> <span class='ocrx_word' id='word_1_423' title='bbox 490 2929 647 2963; x_wconf 84' lang='lat' dir='ltr'>cholion</span> <span class='ocrx_word' id='word_1_424' title='bbox 666 2928 766 2963; x_wconf 83' lang='lat' dir='ltr'>nobis</span> <span class='ocrx_word' id='word_1_425' title='bbox 785 2929 983 2974; x_wconf 82' lang='lat' dir='ltr'>suppeditat</span> <span class='ocrx_word' id='word_1_426' title='bbox 1004 2930 1050 2964; x_wconf 88' lang='lat' dir='ltr'><strong>H.</strong></span> 
     </span>
    </p>
   </div>
  </div>
 </body>
</html>
