1981 3267
41 244 110 275 Col.
126 245 157 275 ii.

46 296 95 328 14,
110 297 157 327 15.

37 1043 92 1073 Ps.
108 1042 176 1074 xiii.

265 122 319 160 81«
667 126 717 166 B.
752 125 1030 168 CYRILLI
1072 128 1453 170 ALEXANDR.
1679 130 1763 170 xix.
1787 143 1850 183 19·

267 234 594 295 προσηλῶσαί
628 237 779 302 φησιν
818 237 843 285 ὀ
884 236 1139 290 θεσπέσιος
1177 241 1371 292 Παῦλος
1412 240 1478 308 τῷ
1519 239 1616 308 ἰδίῳ
1659 239 1852 306 σταυρῷ

266 311 350 363 τὸν
394 313 583 381 Κύριον,
628 319 951 382 θριαμβεῦσαί
985 341 1035 368 τε
1077 319 1125 369 ἐν
1169 320 1294 389 αὐτῷ
1338 319 1421 375 τὰς
1462 319 1609 387 ἀρχὰς
1651 321 1726 370 καὶ
1767 318 1852 373 τὰς

265 395 496 463 ἐξουσίας,
523 399 586 449 ὡς
625 397 919 460 νενικημένας
958 397 1180 463 δηλονότι
1215 403 1291 451 καὶ
1322 404 1405 464 τῆς
1433 402 1546 454 ἰδίας
1573 399 1848 452 ἀποπεσού-

264 499 356 530 σας
383 479 543 544 ἀρχῆς.
586 482 623 529 εἰ
649 477 740 544 γὰρ
769 483 843 529 καὶ
870 481 953 531 οὐκ
978 480 1118 534 αὐτὸς
1142 480 1226 532 τὸν
1251 483 1395 534 τίτλον
1421 482 1592 551 ἔπηξεν
1617 483 1642 532 ὁ
1669 480 1851 547 Σωτὴρ,

264 559 374 608 ἀλλ’
405 560 429 609 ὁ
455 562 538 623 τῆς
563 561 801 611 Ἰουδαίων
826 562 994 625 μανίας
1029 562 1322 629 συνεργάτης
1360 566 1434 615 καὶ
1470 563 1716 630 ὑπουργὸς,
1739 565 1848 614 ἀλλ’
1873 575 1895 613 5

263 641 346 690 οῦν
371 642 437 708 τῷ
462 641 637 708 ἐφεῖναι
663 642 886 707 γενέσθαι
913 645 988 694 καὶ
1019 650 1158 696 τοῦτο
1185 648 1247 700 ὡς
1273 645 1528 712 αὐτουργὸς
1555 645 1852 712 ἀναγέγραπ-

262 743 352 771 ται.
393 722 725 788 τεθριάμβευκε
753 723 801 775 δὲ
829 723 911 779 τὰς
937 725 1086 794 ἀρχὰς
1112 728 1160 777 ἐν
1187 727 1328 797 αὐτῷ.
1370 729 1618 794 προῦκειτο
1643 726 1736 794 γὰρ
1756 732 1851 781 τοῖς

216 812 242 852 b
263 802 510 874 ἐθέλουσιν
536 809 599 858 εἷς
633 805 918 872 ἀνάγνωσιν,
944 806 1026 859 τὸν
1055 807 1171 875 ὑπὲρ
1198 809 1330 873 ἡμῶν
1354 809 1570 861 παθόντα
1603 813 1850 874 σημαῖνον,

263 885 338 934 καὶ
374 884 460 946 τὴν
488 887 607 937 ἰδίαν
635 887 822 939 διδόντα
849 888 1014 958 ψυχὴν
1040 893 1122 954 τῆς
1159 890 1382 942 ἁπάντων
1408 891 1524 958 ζωῆς
1555 891 1848 957 ἀντίλυτρον.

261 965 432 1020 πάντες
470 967 554 1031 μὲν
579 967 672 1034 γὰρ
697 973 739 1020 οἱ
774 969 902 1024 ὄντες
938 973 1010 1022 ἐπὶ
1042 975 1125 1036 τῆς
1163 975 1264 1038 γῆς,
1291 974 1478 1041 ἐπείπερ
1517 972 1701 1040 ἀρκύων
1738 972 1852 1023 ε’ίσω
1876 991 1923 1016 10

262 1052 357 1098 τῶν
402 1051 483 1113 τῆς
528 1051 759 1116 ἁμαρτίας
803 1053 1135 1117 πεπτώκαμεν·
1193 1062 1220 1084 “
1238 1054 1410 1109 πάντες
1461 1055 1555 1122 γὰρ
1596 1055 1852 1124 ἐξέκλιναν,

262 1136 290 1158 “
315 1127 413 1192 ἅμα
457 1131 827 1199 ἠχρειώθησαν”
869 1135 989 1186 κατά
1033 1159 1087 1202 γε
1132 1136 1187 1188 τὸ
1233 1137 1575 1204 γεγραμμένον·
1631 1143 1731 1192 ταῖς
1769 1143 1853 1189 τοῦ

262 1211 491 1273 διαβόλου
547 1216 846 1282 κατηγορίαις
896 1217 1142 1283 γεγονότες
1191 1218 1365 1287 ἔνοχοι,
1421 1219 1630 1284 στυγνόν
1678 1243 1737 1272 τε,
1775 1221 1852 1270 καὶ

261 1295 425 1358 ἀμειδῆ
465 1293 682 1361 διεζῶμεν
719 1297 840 1358 βίον.
887 1297 979 1366 εἶχε
1019 1299 1066 1350 δὲ
1101 1299 1211 1352 καθ’
1252 1301 1385 1364 ἡμῶν
1408 1301 1740 1370 χειρόγραφον,
1768 1302 1853 1367 τὴν

261 1376 311 1425 ἐκ
349 1381 433 1427 τοῦ
466 1377 592 1427 θείου
622 1376 766 1441 νόμου
805 1385 901 1434 τοῖς
939 1382 1321 1448 παραβαίνουσιν
1359 1383 1682 1450 ἐπηρτημένην
1720 1383 1852 1451 ἀρὰν,
1876 1398 1923 1437 15

220 1474 242 1500 0
261 1459 336 1507 καὶ
362 1457 447 1522 τὴν
474 1458 595 1510 κατὰ
620 1466 703 1511 τοῦ
728 1464 812 1526 τῆς
844 1463 1041 1530 ἀρχαίας
1078 1464 1250 1528 ἐκείνης
1285 1464 1738 1532 παρολισθήσαντος
1773 1467 1849 1517 ἐν·

260 1542 405 1603 τολῆς
430 1540 757 1609 ἐξενεχθεῖσαν
783 1547 968 1613 ψῆφον,
993 1544 1101 1596 καθ’
1129 1545 1383 1611 ὁμοιότητα
1408 1546 1495 1612 τὴν
1520 1548 1706 1610 ἐκείνου,
1732 1547 1854 1598 κατὰ

258 1620 436 1676 παντὸς
486 1623 740 1691 ἐρχομένην
784 1632 868 1677 τοῦ
919 1625 1092 1693 γένους,
1136 1627 1216 1679 ἅτε
1261 1627 1319 1692 δὴ
1366 1631 1442 1680 καὶ
1488 1628 1617 1696 παρὰ
1662 1628 1854 1681 πάντων

258 1705 619 1769 παραλυομένου
645 1712 729 1757 τοῦ
756 1709 1003 1763 δοκοῦντος
1031 1711 1155 1779 Θεῷ.
1211 1711 1265 1760 οὐ
1289 1709 1383 1777 γὰρ
1411 1710 1562 1775 δήπου
1589 1711 1854 1776 λελύπηται

259 1785 344 1848 μὲν
382 1787 432 1837 ἐν
457 1786 616 1852 Ἀδὰμ
649 1791 983 1842 διαπταίσαντι
1011 1792 1148 1854 Θεὸς,
1188 1792 1339 1843 οὐκέτι
1377 1791 1425 1843 δὲ
1465 1793 1521 1858 ἧν
1559 1799 1769 1849 τοιοῦτος
1806 1795 1854 1845 ἐν
1874 1813 1924 1839 20

258 1873 354 1922 τοῖς
389 1870 487 1932 μετ’
516 1872 689 1922 ἐκεῖνον
715 1871 993 1940 ἀτιμάζουσι
1026 1873 1080 1925 τὸ
1108 1876 1174 1944 τῷ
1201 1875 1416 1926 κτίσαντι
1444 1879 1625 1938 δοκοῦν,
1652 1877 1762 1927 ἀλλ’
1791 1878 1854 1930 ὡς

259 1952 331 2019 ἐφ’
376 1951 479 2005 ἑνὸς
520 1952 640 2003 κατὰ
680 1954 873 2006 πάντων
918 1956 943 2006 ὁ
985 1961 1081 2011 τοῖς
1124 1964 1498 2022 πλημμελοῦσιν
1539 1958 1854 2024 ἐπηρτημένος

259 2033 508 2101 ἐξετείνετο
531 2033 685 2097 νόμος.
727 2035 844 2101 ἦμεν
869 2038 950 2088 οὖν
978 2038 1214 2105 ἐπάρατοι,
1237 2042 1312 2090 καὶ
1338 2044 1395 2107 τῇ
1417 2041 1517 2109 θείᾳ
1539 2039 1694 2109 ψήφῳ
1711 2063 1853 2092 κατα-

259 2115 532 2180 κεκριμένοι,
560 2118 636 2167 διά
674 2140 724 2168 τε
764 2117 849 2182 τὴν
875 2121 924 2171 ἐν
949 2119 1106 2184 Ἀδὰμ
1136 2121 1429 2188 παράβασιν,
1457 2124 1533 2173 καὶ
1571 2122 1657 2186 τὴν
1681 2124 1731 2173 ἐκ
1770 2128 1853 2174 τοῦ

258 2201 358 2258 μετ’
385 2198 558 2249 ἐκεῖνον
597 2201 917 2267 διορισθέντος
956 2201 1114 2266 νόμου·
1158 2202 1288 2254 ἀλλὰ
1321 2210 1461 2256 τοῦτο
1493 2203 1546 2255 τὸ
1579 2203 1687 2255 καθ’
1718 2204 1851 2268 ἡμῶν
1873 2221 1921 2260 25

216 2294 242 2334 d
260 2278 577 2348 χειρόγραφον
615 2281 870 2350 ἐξήλειψεν
911 2285 936 2335 ὁ
969 2284 1155 2352 Σωτὴρ,
1199 2287 1530 2352 προσηλώσας
1569 2286 1652 2337 τὸν
1690 2286 1853 2337 τίτλον

259 2362 325 2428 τῷ
365 2361 464 2430 ἰδίῳ
503 2366 712 2433 σταυρῷ,
745 2369 920 2434 σαφῶς
959 2367 1009 2417 εὖ
1047 2367 1180 2429 μάλα
1219 2369 1514 2431 σημαίνοντα
1552 2366 1634 2419 τὸν
1674 2370 1748 2420 ἐπὶ
1786 2373 1852 2438 τῷ

261 2442 394 2510 ξύλῳ
430 2441 645 2507 θάνατον,
682 2444 735 2496 ὃν
772 2446 887 2512 ὑπὲρ
926 2451 1007 2510 τῆς
1043 2453 1138 2498 τῶν
1170 2449 1636 2513 καταδεδικασμένων
1669 2450 1851 2514 ὑπέστη

261 2524 393 2590 ζωῆς.
459 2524 638 2593 ἐξέτισε
678 2527 770 2593 γὰρ
811 2527 925 2594 ὑπὲρ
964 2530 1095 2592 ἡμῶν
1131 2529 1215 2584 τὰς
1255 2530 1369 2596 ὑπὲρ
1407 2535 1502 2581 τῶν
1539 2530 1851 2596 ἐγκλημάτων

306 2661 334 2684 1.
353 2653 582 2695 προσηλῶσαί
601 2654 641 2688 Ε.
663 2654 769 2690 Cord.
787 2656 1041 2700 προσηλῶσθαί
1058 2657 1122 2692 Ed.
1142 2657 1386 2703 [προσηλῶσαι
1403 2658 1509 2694 Cord.
1524 2659 1668 2694 adnotat
1685 2665 1717 2694 et
1735 2659 1848 2706 Aub.]

265 2707 296 2730 2.
325 2698 556 2741 θριαμβεύσας
573 2716 609 2734 τε
629 2701 708 2744 (sic)
729 2702 835 2737 Cord.
855 2703 1130 2748 θριαμβεύσαντα
1150 2716 1180 2738 a.
1523 2719 1554 2749 4.
1583 2707 1802 2751 προσέπηξεν
1818 2719 1849 2741 a.

265 2743 297 2776 6.
326 2747 371 2789 τῷ
401 2744 463 2789 [τὼ
483 2745 590 2792 Cod.]
613 2748 649 2781 E.
678 2750 716 2782 τὸ
735 2749 802 2783 Ed.
887 2752 987 2783 τοῦτο
1016 2751 1041 2784 F
1059 2762 1233 2795 suprascr.
1259 2752 1279 2770 “
1294 2753 1336 2786 al.
1356 2753 1488 2786 τοῦτο”
1509 2753 1575 2787 Ed.
1594 2766 1666 2798 mg.
1685 2754 1793 2800 τούτῳ
1811 2753 1848 2788 F.

268 2790 334 2825 Ed.
384 2791 443 2825 οὖν
460 2793 541 2827 καθὸ
559 2794 719 2839 γενέσθαι
737 2798 836 2829 τοῦτο
855 2796 979 2841 ἐφῆκεν
996 2798 1040 2832 ὡς
1058 2809 1087 2831 a.
1252 2809 1282 2843 7.
1308 2800 1375 2844 ’γὰρ
1393 2811 1456 2844 pro
1474 2800 1509 2834 δέ
1529 2812 1559 2835 a.
1726 2801 1759 2834 8.
1787 2815 1850 2844 ση-

264 2837 390 2880 μαίνων
409 2850 439 2871 a.
465 2854 520 2884 γρ.
539 2842 709 2883 σημαίνων
729 2842 795 2876 Ed.
816 2854 887 2887 mg.
915 2845 1078 2887 σημαῖνον
1098 2844 1201 2879 habet
1223 2845 1257 2880 F.
1521 2859 1553 2891 9.
1580 2846 1653 2892 τῆς]
1678 2851 1714 2888 -Ξ-
1736 2850 1802 2881 τῶν
1819 2858 1848 2882 a.

270 2895 321 2918 12.
348 2883 432 2930 ἅμα]
459 2890 493 2926 †
516 2888 567 2921 καὶ
589 2888 695 2923 (tm-d.
767 2904 805 2933 ’γε
824 2896 1045 2935 assumptum
1066 2902 1106 2924 ex
1127 2891 1167 2925 E.
1517 2905 1569 2937 14.
1598 2894 1800 2939 ἰδιόγραφον
1818 2905 1849 2928 a.

270 2940 320 2971 15.
349 2933 494 2976 κατάραν
512 2945 540 2968 a.
782 2944 837 2978 25.
864 2936 938 2971 καθ’
959 2937 1041 2981 ἡμᾶς
1061 2937 1168 2972 Cord.
