2012 3257
93 214 108 255 [
127 215 164 253 76
178 213 228 244 M·
244 212 259 254 ]

70 268 166 299 Rom.
185 268 252 300 viii.

74 321 84 341 1
97 320 122 341 1.

72 1242 120 1272 Cf.
137 1242 171 1272 in
187 1242 219 1272 S.

71 1285 169 1316 Joan.
179 1285 239 1324 358
252 1295 277 1315 e.

74 1645 156 1676 Gen.
177 1644 208 1675 ii.
229 1650 257 1684 7.

292 141 376 181 308
450 140 500 182 B.
532 136 779 179 CYRILLI
816 135 1166 176 ALEXANDR.
1205 134 1576 175 FRAGMENTA
1626 149 1693 174 xv.
1714 143 1867 188 35sqq⁴

295 247 583 315 μαρτυρήσει
616 246 770 310 λέγων
796 246 820 295 ὃ
847 244 1130 311 σοφώτατος
1159 246 1352 295 Παῦλος
1387 249 1414 271 “
1437 246 1495 292 Εἰ
1529 242 1575 292 δὲ
1607 241 1660 291 τὸ
1687 246 1869 303 πνεῦμα

295 336 322 359 “
348 334 430 380 τοῦ
460 330 720 394 ἐγείραντος
744 327 935 389 Ἰησοῦν
972 329 1088 374 οἰκεῖ
1113 326 1160 373 ἐν
1186 325 1311 385 ὑμῖν,
1341 325 1365 373 ὁ
1406 324 1584 388 ἐγείρας
1616 324 1663 372 ἐκ
1697 324 1870 385 νεκρῶν

293 417 322 438 “
348 409 564 475 Χριστὸν
589 409 778 472 Ἰησοῦν
804 405 1081 473 ζωοποιήσει
1120 407 1193 455 καὶ
1232 403 1290 454 τὰ
1317 403 1464 468 θνητὰ
1501 404 1703 465 σώματα
1742 405 1870 466 ὑμῶν

296 497 323 519 “
349 490 424 540 διὰ
457 496 539 541 τοῦ
565 492 847 541 ἐνοικοῦντος
881 488 1022 537 αὐτοῦ
1053 486 1325 548 Πνεύματος
1352 487 1398 535 ἐν
1426 486 1570 548 ὑμῖν.”
1614 486 1688 535 ὅτε
1715 486 1871 535 τοίνυν

295 572 465 633 ἀνεβίω
499 570 583 635 μὲν
610 572 634 620 ὁ
660 568 873 636 Χριστὸς
907 568 1128 631 πατήσας
1161 573 1244 617 τοῦ
1278 565 1481 617 θανάτου
1506 566 1560 617 τὸ
1587 565 1767 631 κράτος,
1797 567 1870 616 καὶ
1892 582 1913 620 5

295 653 488 717 γέγονεν
530 651 722 718 ἀπαρχὴ
767 655 860 701 τῶν
905 649 1244 712 κεκοιμημένων
1289 651 1350 702 ὡς
1399 648 1644 716 ἑψομένων
1683 647 1872 701 πάντως

295 738 390 787 τοῖς
423 734 602 800 ἴχνεσιν
627 734 783 794 αὐτοῦ,
809 736 910 784 πῶς
937 731 1018 781 οὐκ
1052 729 1359 794 ἀπόπληκτον
1386 733 1550 792 κομιδῆ
1587 730 1641 779 τὸ
1677 728 1796 779 κατά
1831 752 1872 779 τι

295 821 411 880 γοῦν
443 814 566 868 ὅλως
605 812 848 879 ἐνδοιάζειν
886 812 951 862 ε”τι
988 813 1093 877 περὶ
1131 811 1185 862 τὸ
1223 814 1305 874 τῆς
1344 810 1653 864 ἀναστάσεως
1691 808 1872 874 μυστή-

294 919 396 962 ριον
417 919 428 959 ;

371 977 434 1028 Εἴ
480 1001 548 1031 τις
593 978 747 1028 ἕλοιτο
793 980 888 1030 τοῖς
935 979 1016 1039 τῆς
1061 975 1276 1039 θεότητος
1321 974 1471 1039 ἐργοις
1521 972 1875 1038 περιεργότερον
1898 998 1946 1024 10

296 1061 424 1112 ἐνιεὶς
457 1062 539 1123 τῆς
577 1061 741 1110 ἑαυτοῦ
776 1056 976 1110 διανοίας
1015 1055 1098 1107 τὸν
1130 1054 1383 1124 ὀφθαλμὸν
1416 1059 1670 1121 πειρᾶσθαι
1707 1076 1870 1120 περια-

298 1144 423 1206 θρεΐν
450 1143 533 1203 τῆς
564 1139 766 1189 ἑκάστου
791 1140 1082 1204 παραγωγῆς
1116 1135 1198 1187 τὸν
1224 1135 1401 1202 τρόπον
1426 1138 1500 1186 καὶ
1534 1138 1616 1199 τῆς
1650 1136 1877 1200 γενέσεως

296 1220 383 1285 τὴν
408 1220 572 1288 ἀρχὴν,
599 1219 905 1288 καταλήξειεν
937 1217 996 1269 ἂν
1022 1219 1234 1280 οὐδαμῶς
1265 1217 1319 1268 τό
1356 1217 1459 1271 Πῶς
1485 1216 1542 1281 δὴ
1580 1223 1717 1268 τοῦτο
1760 1216 1877 1268 ἀπό-

296 1310 512 1366 πληκτον
538 1301 706 1367 λέγων.
746 1305 845 1354 πῶς
879 1299 972 1365 γὰρ
1010 1299 1203 1365 γέγονεν
1229 1300 1253 1349 ὁ
1281 1298 1487 1364 οὐρανὸς,
1515 1301 1564 1349 ἐκ
1589 1298 1725 1352 ποίας
1760 1299 1877 1362 ὕλης

295 1383 324 1448 ἢ
363 1383 542 1445 πόθεν,
584 1383 724 1434 ποίαν
762 1382 851 1449 ἔχει
889 1381 974 1445 τὴν
1013 1382 1186 1447 ἕδραν;
1232 1383 1292 1445 γῆ
1332 1379 1380 1430 δὲ
1419 1384 1518 1433 πῶς
1556 1378 1585 1443 ἢ
1623 1379 1768 1431 πόθεν
1803 1381 1877 1430 καὶ
1901 1398 1947 1436 15

296 1464 403 1517 ὅποι
435 1464 549 1516 ποτὲ
584 1463 924 1529 διερήρεισται,
967 1462 1189 1529 παρήχθη
1223 1462 1270 1512 δὲ
1307 1461 1433 1514 ὅπως
1459 1462 1483 1511 ὁ
1519 1461 1653 1524 ἡλίου
1688 1460 1876 1520 κύκλος,

297 1546 479 1611 σελήνη
516 1548 590 1596 καὶ
621 1546 778 1612 ἄστρα
814 1547 889 1596 καὶ
924 1544 982 1595 τὰ
1014 1544 1146 1610 ἕτερα
1180 1548 1274 1594 τῶν
1301 1541 1605 1605 κτισμάτων;
1647 1547 1748 1596 πῶς
1778 1542 1827 1593 δὲ
1854 1543 1878 1592 ὁ

297 1633 392 1679 τῶν
431 1627 558 1678 ὅλων
599 1626 901 1694 Δημιουργὸς
939 1631 1055 1693 χοῦν
1093 1625 1186 1676 ἀπὸ
1229 1627 1316 1691 γῆς
1362 1623 1530 1685 λαβὼν
1571 1624 1754 1675 ε”πλασε
1799 1622 1881 1674 τὸν

299 1710 582 1776 ἄνθρωπον,
624 1713 727 1762 πῶς
760 1712 822 1761 εἷς
849 1708 994 1758 ὀστέα
1025 1710 1100 1757 καὶ
1129 1712 1267 1773 νεῦρα
1293 1708 1368 1756 καὶ
1393 1705 1573 1771 σάρκας
1600 1706 1628 1769 ἡ
1656 1708 1717 1770 γῆ
1743 1727 1878 1767 μετε-

298 1791 565 1852 πλάττετο,
610 1794 647 1840 εἰ
686 1789 733 1840 δὲ
773 1789 900 1855 ε’ίπερ
939 1790 1025 1855 οὐχ
1063 1788 1412 1854 εὑρεθησόμεθα
1453 1786 1536 1838 τὸν
1580 1788 1650 1853 ἐφ’
1696 1785 1882 1855 ἑκάστῳ
1902 1807 1952 1832 20

299 1876 394 1923 τῶν
427 1872 752 1936 πεποιημένων
788 1872 1043 1921 ἀποδοῦναι
1079 1868 1240 1934 λόγον,
1267 1867 1413 1936 ταύτῃ
1453 1870 1526 1918 καὶ
1565 1866 1883 1933 ἀναιρήσομεν

302 1953 372 2004 ὅτι
412 1955 487 2004 καὶ
514 1953 770 2018 γεγόνασιν
798 1951 935 2014 ὅλως,
963 1950 1069 2002 ὅποι
1093 1949 1207 2001 ποτὲ
1239 1949 1408 2001 λοιπὸν
1433 1948 1802 2012 ἐκτελευτήσειεν
1828 1946 1885 1998 ἂν

301 2036 329 2098 ἡ
357 2040 452 2086 τῶν
475 2036 662 2085 ἐννοιῶν
689 2033 790 2097 η’τοι
818 2037 999 2083 σκαιῶν
1025 2029 1374 2099 ἐγχειρημάτων
1399 2031 1624 2092 ε”κβασιςς

377 2116 448 2167 Τὸ
481 2114 599 2179 μετὰ
633 2115 718 2178 τὴν
745 2119 963 2179 Χριστοῦ
990 2113 1258 2163 ἀνάστασιν
1284 2112 1610 2180 ἀμφιβάλλειν
1635 2114 1739 2179 περὶ
1765 2113 1881 2162 ἀνα-

303 2197 537 2260 στάσεως,
566 2196 858 2257 δυσβουλίας
897 2197 998 2245 ἐστὶ
1039 2196 1113 2245 καὶ
1153 2195 1354 2257 ἀμαθίας
1392 2196 1468 2244 καὶ
1509 2192 1792 2259 ἀλαζονείας,
1831 2192 1885 2244 τὸ
1906 2206 1956 2246 25

304 2279 461 2345 λέγειν
499 2280 573 2329 ἐπὶ
610 2282 704 2328 τῶν
743 2282 826 2327 τοῦ
852 2280 978 2327 Θεοῦ
1017 2275 1168 2342 ἔργων
1199 2274 1253 2325 τὸ
1291 2279 1406 2337 πῶς,
1433 2273 1563 2325 ἀλλὰ
1600 2274 1694 2338 μὴν
1719 2279 1793 2326 καὶ
1832 2275 1886 2325 τὸ

305 2360 460 2425 λε’γειν
497 2361 614 2428 Ποίῳ
657 2358 835 2424 σώματι
882 2359 1112 2427 ἐγείρονται
1161 2363 1195 2408 οἱ
1242 2359 1367 2425 νεκροὶ
1411 2358 1487 2406 καὶ
1528 2361 1665 2407 τοῦτο
1709 2357 1884 2420 εὔηθες·

305 2443 504 2503 εὔδηλον
530 2440 622 2504 γὰρ
650 2438 717 2489 ὅτι
746 2442 812 2507 τῷ
840 2440 979 2507 αὐτῷ.
1031 2442 1106 2489 καὶ
1138 2437 1231 2503 γὰρ
1258 2439 1332 2488 καὶ
1360 2439 1384 2488 ὁ
1411 2437 1585 2503 Κύριος
1615 2436 1701 2501 τὴν
1723 2437 1886 2488 ἑαυτοῦ

306 2522 464 2587 σάρκα
492 2520 755 2583 ἀνέστησεν
782 2522 844 2573 ὡς
870 2518 940 2582 ἦν.
987 2518 1142 2583 ἐπειδὴ
1170 2520 1221 2569 δέ
1243 2541 1361 2571 τινες
1389 2517 1586 2583 λέγουσι
1612 2518 1886 2584 προύπεῖναι

305 2602 392 2667 τὴν
435 2600 612 2670 ψυχὴν,
657 2600 877 2665 τιμωρίας
921 2599 969 2650 δὲ
1014 2599 1163 2650 ἕνεκεν
1203 2600 1532 2662 ἐνδεσμεῖσθαι
1577 2603 1643 2668 τῷ
1685 2599 1886 2664 σώματι,
1907 2621 1956 2658 30

308 2694 557 2744 ἀθετοῦσιν
587 2691 641 2740 οὐ
676 2689 820 2753 μόνον
854 2688 936 2739 τὸν
968 2692 1049 2752 τῆς
1085 2688 1386 2754 δημιουργίας
1418 2688 1567 2753 λόγον
1597 2690 1702 2740 καθ’
1732 2688 1784 2740 ὃν
1815 2689 1888 2740 ἐπὶ

356 2839 388 2873 3.
417 2826 617 2870 ζωοποιήσει
635 2824 817 2858 emendavi
836 2829 916 2868 post
936 2824 1069 2868 Migne.
1088 2822 1267 2866 ζωποιήσει
1287 2824 1329 2857 Λ.
1350 2823 1414 2857 Ed.
1622 2837 1674 2859 10.
1704 2824 1800 2859 Haeo
1818 2824 1888 2859 duo

310 2886 398 2920 quae
416 2878 611 2919 sequuntur
627 2871 761 2905 scholia
779 2870 882 2905 nobis
901 2869 1100 2915 suppeditat
1121 2869 1168 2903 H.
1405 2881 1459 2903 22.
1486 2870 1754 2914 ε’κτελευτὴσειεν
1771 2883 1886 2906 emen-

311 2921 401 2955 davi.
421 2920 614 2962 ἐκτελευτης
632 2915 698 2952 εἶεν
716 2917 803 2952 Cod,
996 2927 1050 2958 24.
1078 2918 1137 2949 τοῦ
1154 2916 1256 2950 αὐτοῦ
1274 2917 1434 2961 κινρίλλου
1453 2917 1640 2962 praemittit
1659 2917 1746 2951 Cod.
