1981 3267
257 144 313 183 96
659 145 709 186 Β.
744 146 1021 187 CYRILLI
1063 147 1448 189 ALEXANDR.
1674 150 1759 191 xix.
1779 163 1846 205 30.

258 251 543 312 πνεύμασιν.
605 253 872 319 ἐπεδήμησε
921 255 1029 321 γὰρ,
1075 255 1150 305 ἵνα
1199 258 1275 306 καὶ
1327 260 1501 322 νεκρῶν
1545 258 1620 307 καὶ
1664 256 1848 323 ζώντων

262 334 496 402 κυριεύσῃ,
524 337 599 386 καὶ
638 336 781 386 αὑτὸν
812 335 926 402 ὑπὲρ
961 337 1093 400 ἡμῶν
1126 337 1289 402 εἰσέβη
1328 336 1410 388 τὸν
1436 336 1653 401 θάνατον,
1679 340 1754 389 καὶ
1793 337 1847 389 τὸ

261 416 416 468 κοινὸν
442 416 498 480 δὴ
525 423 664 468 τοῦτο
690 420 772 480 τῆς
801 418 1024 484 ἡμέτερας
1051 419 1243 486 φύσεως
1270 418 1487 483 ὑπομένει
1511 417 1675 481 πάθος,
1699 423 1847 483 δῆλον

263 497 310 548 δὲ
338 498 408 548 ὅτι
435 498 553 549 κατὰ
580 497 666 563 τὴν
692 498 865 565 σάρκα,
893 500 1040 550 καίτοι
1076 498 1166 565 ζωὴ
1203 499 1323 550 κατὰ
1357 501 1508 568 φύσιν
1534 499 1758 568 ὑπάρχων
1784 503 1846 554 ὡς

261 578 396 642 Θεὸς,
439 580 513 630 ἵνα
551 580 826 634 σκυλεύσας
867 580 949 630 τὸν
991 580 1108 649 ᾅδην
1150 581 1434 649 κατορθώσῃ
1478 586 1535 649 τῇ
1580 583 1846 652 ἀνθρωπεία
1864 606 1886 644 5

35 657 159 731 ἑξζᾎ
262 660 405 726 φύσει
444 660 529 725 τὴν
568 665 629 714 εἰς
665 660 784 728 ζωὴν
825 663 1108 728 ἀναδρομὴν,
1152 670 1179 692 ‘⁶
1198 663 1391 730 ἀπαρχὴ
1432 667 1527 714 τῶν
1564 664 1841 728 κεκοιμημέ-

36 759 197 790 Ool.i.18.
262 750 288 771 “
317 744 448 806 νων,”
484 745 559 793 καὶ
586 742 884 809 πρωτότοκος
912 745 960 794 ἐκ
988 749 1162 810 νεκρῶν
1188 744 1583 811 ἀναδεδειγμένος,
1614 743 1733 796 κατὰ
1760 746 1844 799 τὰς

32 824 464 894 1069Α.ειγραφάς.
518 825 670 876 ε”κλινε
707 826 863 877 τοίνυν
897 826 966 886 τὴν
1011 829 1229 896 κεφαλήν·
1278 830 1339 881 ὡς
1378 826 1471 893 γὰρ
1506 827 1563 895 ἐξ
1597 825 1729 879 ἔθους
1768 828 1844 877 καὶ

259 907 427 958 τούτου
453 911 548 960 τοῖς
574 911 799 958 τεθνεῶσι
825 909 1186 971 συμβαίνοντος,
1214 908 1289 960 διὰ
1315 908 1368 960 τὸ
1393 912 1648 974 παρεῖσθαι
1674 907 1845 959 λοιπὸν

257 987 363 1042 τοὺς
399 991 482 1052 τῆς
514 988 691 1055 σαρκὸς
723 989 900 1053 τόνους,
927 990 1342 1059 ἀποφοιτήσαντος
1377 991 1465 1055 ἤδη
1498 996 1581 1041 τοῦ
1613 990 1838 1056 συνέχον·
1865 1011 1914 1037 10

255 1092 336 1124 τος
386 1069 530 1134 αὐτὴν
577 1072 652 1120 καὶ
704 1072 1026 1125 συντείνοντος
1070 1073 1348 1136 πνεύματος,
1394 1072 1496 1136 ἤτοι
1540 1074 1622 1136 τῆς
1667 1074 1842 1139 ψυχῆς,

256 1150 585 1218 κατεχρήσατο
626 1157 725 1206 ταῖς
774 1152 967 1221 λέξεσιν
1012 1155 1036 1204 ὁ
1085 1154 1462 1220 Εὐαγγελιστής.
1509 1156 1585 1205 καὶ
1629 1152 1722 1217 μὴν
1766 1155 1843 1203 καὶ

255 1232 308 1283 τὸ
349 1233 494 1301 φάναι
533 1232 589 1297 δὴ
627 1233 775 1285 πάλιν
802 1235 871 1285 ὅτι
897 1233 1128 1306 παρέδωκε
1167 1236 1213 1287 τὶ
1250 1238 1424 1304 πνεῦμα,
1461 1238 1543 1299 τῆς
1584 1235 1690 1285 καθ’
1720 1234 1841 1298 ἡμᾶς

254 1314 503 1378 συνηθείας
530 1316 612 1365 οὐκ
638 1316 952 1366 ἀποκείσεται·
995 1318 1115 1367 οὕτω
1143 1315 1236 1383 γὰρ
1263 1321 1304 1367 οὶ
1330 1319 1506 1368 πολλοὶ
1532 1316 1587 1366 τό
1616 1316 1840 1381 Ἀπέσβη

208 1397 330 1446 hm}
368 1395 556 1461 τέθνηκε
601 1395 842 1462 λέγουσιν.
897 1397 1015 1452 εἰκὸς
1057 1396 1104 1449 δὲ
1155 1398 1211 1462 δὴ
1259 1398 1408 1450 πάλιν
1451 1402 1749 1460 οἰκονομικῶς
1790 1421 1841 1450 τε
1862 1417 1910 1456 15

253 1479 330 1528 καὶ
369 1479 648 1542 ἀναγκαίως,
689 1480 776 1546 οὐχ
814 1480 980 1533 ἁπλῶς
1019 1479 1089 1531 ὅτι
1129 1480 1348 1545 τέθνηκεν
1392 1484 1534 1531 εἰπεῖν
1576 1480 1659 1531 τὸν
1706 1478 1840 1545 ἅγιον

254 1559 634 1625 Εὐαγγελιστὴν,
657 1562 766 1611 ἀλλ’
790 1560 861 1612 ὅτι
880 1559 1110 1631 παρέδωκε
1129 1563 1175 1614 τὶ
1198 1565 1390 1629 πνεῦμα,
1406 1567 1469 1616 εἷς
1489 1568 1645 1631 χεῖρας
1668 1564 1838 1626 δηλον·

252 1639 323 1691 ότι
348 1647 432 1692 τοῦ
459 1645 585 1692 Θεοῦ
613 1644 689 1693 καὶ
717 1642 922 1709 Πατρὸς,
952 1643 1070 1694 κατὰ
1104 1643 1159 1694 τὸ
1195 1644 1433 1710 εἰρημένον
1460 1647 1520 1698 ὡς
1556 1645 1666 1710 παρ’
1696 1646 1838 1697 αὐτοῦ

28 1736 154 1787 Ξ-ξῃιο.
252 1729 278 1752 “
307 1722 484 1788 Πάτερ,
526 1727 588 1777 εἷς
627 1723 782 1791 χεῖράς
821 1747 913 1776 σου
948 1726 1238 1791 παρατίθημι
1276 1725 1331 1777 τὸ
1368 1725 1551 1790 πνεῦμά
1584 1726 1716 1790 μου,”
1761 1730 1837 1779 καὶ

26 1791 117 1813 xxm.
136 1780 189 1822 46.
250 1805 358 1868 ἡμῖν
397 1805 446 1856 δὲ
484 1806 640 1860 αὐτοῖς
676 1808 855 1871 ἀγαθῆς
895 1807 1085 1861 ἐλπίδος
1124 1806 1275 1875 ἀρχὴν
1315 1811 1390 1859 καὶ
1430 1806 1648 1870 θεμέλιον
1685 1810 1713 1873 ἡ
1753 1815 1836 1861 τοῦ
1857 1826 1907 1852 20

249 1886 398 1952 λόγου
436 1887 725 1947 κατεβάλετο
760 1887 968 1951 δύναμις.
1020 1892 1114 1940 δεῖν
1152 1889 1245 1957 γὰρ
1282 1888 1409 1953 οἶμαι
1446 1893 1721 1954 διακεῖσθαι,
1760 1894 1835 1943 καὶ

247 1965 380 2030 μάλα
421 1968 622 2027 εἰκότως,
668 1968 739 2020 ὅτι
782 1974 877 2020 τῶν
917 1969 1011 2021 ἀπὸ
1053 1973 1141 2035 γῆς
1184 1971 1422 2035 σωμάτων
1464 1975 1511 2022 αἱ
1551 1977 1646 2023 τῶν
1687 1974 1834 2039 ἁγίων

247 2051 577 2114 ἀποδημοῦσαι
622 2055 789 2119 ψυχαὶ,
830 2051 1042 2119 καθάπερ
1081 2056 1143 2107 εἷς
1184 2058 1341 2121 χεῖρας
1386 2055 1834 2121 φιλοστοργοτοῖτου

207 2149 228 2176 0
249 2131 452 2197 Πατρὸς,
479 2136 537 2200 τῇ
575 2139 658 2184 τοῦ
687 2137 811 2184 Θεοῦ
850 2133 1140 2200 χρηστότητι
1175 2137 1249 2185 καὶ
1287 2136 1622 2205 φιλανθρωπίᾳ
1656 2159 1829 2199 μονον-

246 2214 348 2280 ουχὶ
374 2214 708 2280 παρατίθενται
733 2218 809 2266 καὶ
837 2216 905 2279 οὐ,
934 2216 1146 2283 καθάπερ
1171 2216 1289 2270 τινὲς
1325 2221 1419 2268 τῶν
1446 2218 1663 2269 ἀπίστων
1698 2220 1825 2271 ὑπει-
1851 2240 1900 2279 25

245 2294 455 2363 λήφασι,
483 2294 566 2350 τὰς
592 2298 893 2361 ἐπιτυμβίους
928 2298 1258 2365 περιμένουσαι
1296 2298 1410 2367 χοὰς
1443 2301 1831 2368 ἐμφιλοχωροῦσι

244 2383 339 2431 τοῖς
378 2378 634 2442 μνήμασιν,
662 2378 772 2430 ἀλλ’
801 2378 905 2430 οὐδὲ
938 2380 1149 2447 καθάπερ
1188 2384 1234 2432 αἱ
1264 2386 1359 2432 τῶν
1394 2381 1831 2449 φιλαμαρτημόνων

245 2463 307 2512 εἰς
345 2459 428 2510 τὸν
466 2463 548 2524 τῆς
587 2459 787 2527 ἀμέτρου
813 2461 1059 2515 κολάσεως
1093 2463 1476 2530 κατακομίζονται
1501 2463 1662 2525 τόπον,
1688 2487 1825 2515 τουτ-

244 2541 391 2603 έστιν,
420 2544 482 2594 εἰς
517 2541 648 2610 ᾅδου·
697 2541 919 2609 τρέχουσι
958 2542 1007 2594 δὲ
1032 2547 1224 2607 μᾶλλον
1249 2548 1311 2598 εἰς
1339 2549 1497 2612 χεῖρας
1530 2551 1612 2595 τοῦ
1636 2545 1826 2597 πάντων

246 2622 450 2690 Πατρός,
479 2626 553 2673 καὶ
587 2623 760 2688 ταύτην
786 2625 893 2688 ἡμῖν
919 2625 1271 2690 ε’γκαινίσαντος
1304 2626 1388 2689 τὴν
1415 2625 1523 2676 ὁδὸν
1549 2632 1631 2677 τοῦ
1659 2630 1822 2690 Σωτῆ-
1846 2646 1898 2684 30

243 2728 325 2771 ρος
349 2705 482 2768 ἡμῶν
502 2708 734 2772 Χριστοῦ·
779 2703 1007 2774 παρέδωκε
1026 2706 1119 2771 γὰρ
1141 2710 1202 2760 εἰς
1221 2712 1376 2774 χεῖρας
1405 2713 1486 2758 τοῦ
1513 2708 1628 2758 ἰδίου
1655 2707 1819 2773 γεννή-

290 2905 323 2938 9.
349 2893 532 2938 παρεῖσθαι
551 2894 634 2929 E.F.
652 2894 834 2938 πειρᾶσθαι
854 2895 920 2930 Ed.
937 2894 987 2931 ἵσ.
1006 2896 1198 2940 πηροῦσθαι
1218 2895 1284 2930 Ed.
1303 2909 1374 2940 mg.
1647 2908 1701 2931 21.
1728 2912 1823 2933 κατε-

241 2942 370 2980 βάλετο
389 2942 430 2975 Ε.
452 2940 558 2976 Cord‚
576 2942 807 2982 κατεβάλλετο
826 2941 892 2976 Ed.
1037 2943 1092 2977 26.
1118 2943 1172 2978 ἐπὶ
1190 2942 1338 2987 τύμβους
1356 2943 1397 2978 Ε.
1543 2955 1598 2990 29.
1623 2945 1732 2979 πάντα
1751 2945 1793 2980 Ε.
