2001 3257
276 121 359 161 104
674 123 726 164 B.
758 123 1038 166 CYRILLI
1079 124 1458 165 ALEXANDR.
1687 125 1770 165 xix.
1791 124 1857 179 38.

621 264 721 316 Περὶ
741 266 807 316 τῆς
828 264 1018 316 αἰτήσεως
1039 268 1107 305 τοῦ
1129 267 1308 317 κυριακοῦ
1329 266 1521 316 σώματος.

206 381 255 429 38
275 372 398 415 Μετὰ
438 373 484 415 δὲ
521 378 653 416 ταῦτα
693 373 893 432 ἐιρώτΗσε
930 375 1003 418 τὸν
1040 376 1229 417 Πιλάτον
1266 376 1288 417 ὁ
1314 375 1482 431 Ἰωσήφ
1515 376 1538 417 ὁ
1571 374 1657 419 ἀπὸ
1683 375 1859 432 Ἀριμα-

342 457 478 508 Ouiae,
505 457 566 499 ὢν
594 458 788 507 μαθΗΠὶε
825 463 899 500 τοῦ
932 459 1083 509 ἸΗσοῦ,
1112 459 1401 515 κεκρυμμένος
1434 458 1479 500 δὲ
1514 458 1582 499 διὰ
1616 458 1689 501 τὸν
1724 459 1858 514 φόβον

339 541 426 582 τῶν
458 541 698 593 Ἰουδαίων,
735 541 804 583 ἵνα
842 541 925 599 &pff
963 542 1011 584 τὸ
1050 542 1173 590 σῶμα
1211 545 1284 583 τοῦ
1316 542 1473 583 ἸΗσοῡ·
1523 540 1590 582 καὶ
1620 541 1858 598 ἐπέτρεψεν

340 623 363 664 6
399 622 598 668 Πιλάτοε.
647 620 775 665 ἦλθεν
813 621 886 664 οὖν
926 623 994 664 καὶ
1033 621 1110 681 ἦρε
1146 623 1195 666 τὸ
1233 623 1357 672 σῶμα
1395 623 1542 668 αὐτοῦ.
1881 633 1903 671 5

51 753 255 789 1075A.a
349 739 623 803 Κατηγορεῖ
651 735 736 800 μὲν
763 738 788 788 6
815 735 962 803 λόγος
994 739 1070 789 καὶ
1104 740 1186 802 τῆς
1209 737 1448 788 Ἰουδαίων
1474 735 1779 801 ἀνοσιότητος
1806 737 1860 787 οὐ

272 817 468 883 μετρίως
506 823 735 887 καταβοᾷ,
763 818 1016 887 σφαλερὸν
1046 817 1160 871 εἶναι
1194 818 1372 873 δεικνὺς
1409 821 1485 870 καὶ
1523 819 1578 869 οὐ
1614 822 1860 872 παντελῶς

274 898 469 965 ἀζήμιον
511 899 566 951 τὸ
603 900 953 966 μαθητεύεσθαι
992 905 1058 971 τῷ
1097 905 1312 971 Χριστῷ·
1368 899 1619 952 λανθάνειν
1656 899 1750 967 γὰρ
1789 899 1860 951 ὅτι

273 981 490 1045 μάλιστα
527 981 902 1034 διεσπουδακότα
940 983 1023 1035 τὸν
1062 983 1408 1035 ἐπιεικέστατον
1438 984 1621 1034 τουτονὶ
1661 983 1860 1045 νεανίαν,

276 1066 396 1131 φημὶ
430 1063 487 1128 δὴ
526 1063 609 1116 τὸν
634 1065 835 1133 Ἰωσὴφ,
862 1064 1174 1130 εὶσκεκόμικεν
1211 1067 1430 1132 ἐναργῶς,
1460 1067 1609 1116 καίτοι
1646 1070 1744 1119 ταῖς
1784 1064 1860 1116 διὰ
1881 1090 1930 1116 10

273 1148 493 1211 Χριστοῦ
525 1148 853 1201 διδασκαλίαις
878 1147 1282 1211 ἀναπεπεισμένον
1308 1149 1528 1213 λατρείαν
1554 1146 1748 1198 ἑλέσθαι
1773 1147 1861 1212 τὴν

274 1226 420 1281 ὅντως
455 1230 613 1293 ἀληθῆ
653 1232 728 1280 καὶ
763 1232 846 1293 τῆς
883 1232 1074 1293 νομικῆς
1099 1230 1292 1293 ἐντολῆς
1318 1231 1489 1293 ἀμείνω
1515 1252 1563 1281 τε
1599 1232 1673 1280 καὶ
1698 1230 1861 1293 ἡδίονα

273 1313 340 1378 τῷ
375 1309 616 1380 φιλαρέτῳ
644 1315 766 1380 Θεῷ,
795 1312 911 1375 ὁμοῦ
938 1311 987 1362 δὲ
1025 1313 1101 1363 καὶ
1139 1316 1329 1372 βεβαιοῖ
1361 1311 1415 1362 τὸ
1454 1315 1516 1365 εἰς
1553 1311 1717 1363 πίστιν
1752 1312 1861 1375 ἡμῖν

227 1395 542 1457 ὒάναγκαῖον.
595 1392 684 1444 ἔδει
722 1391 816 1460 γὰρ
852 1393 941 1445 ἔδει
978 1393 1217 1445 πιστεύειν
1244 1393 1315 1444 ὅτι
1352 1393 1550 1445 τέθεικεν
1578 1392 1691 1460 ὑπὲρ
1728 1394 1860 1458 ἡμῶν

273 1472 360 1537 τὴν
400 1472 566 1543 ψυχὴν
607 1476 631 1525 6
672 1474 902 1541 Χριστός.
957 1475 1076 1526 ὅπου
1121 1475 1215 1541 γὰρ
1256 1475 1594 1544 ἐνταφιασμὸς,
1635 1480 1735 1530 πῶς
1777 1476 1860 1527 οὐκ
1881 1493 1929 1532 15

274 1556 539 1621 ἀναγκαίως
561 1557 728 1625 ἕψεται
754 1557 808 1607 τὸ
836 1561 1098 1609 διακεῖσθαι
1129 1560 1206 1609 καὶ
1232 1556 1486 1625 ἀραρότως,
1513 1558 1584 1608 ὅτι
1611 1560 1685 1609 καὶ
1713 1557 1857 1609 θάνα-

274 1661 352 1692 τος
379 1637 468 1702 ἧν;
509 1641 907 1708 καταψηφίσαιτο
933 1642 976 1690 δ’
1007 1641 1065 1691 ἄν
1091 1663 1175 1703 τις,
1202 1642 1278 1691 καὶ
1312 1642 1396 1691 οὐκ
1427 1638 1522 1692 ἀπὸ
1548 1646 1748 1704 σκοποῦ,
1774 1639 1861 1705 τὴν

274 1720 484 1788 ἐσχάτην
524 1721 780 1788 ἀγριότητα
821 1725 904 1786 τῆς
943 1723 1184 1774 Ἰουδαίων
1229 1721 1501 1788 ἀλαζονείας
1545 1725 1621 1773 καὶ
1670 1723 1861 1789 γνώμης

275 1804 586 1867 ἀσυμπαθοῦς
638 1806 713 1854 καὶ
764 1803 1127 1872 ἀφιλοστόργου
1173 1803 1491 1872 φρονήματος,
1533 1804 1575 1855 οἳ
1618 1805 1735 1869 μηδὲ
1775 1804 1861 1869 τὴν

275 1888 370 1938 τοῖς
397 1888 622 1936 τεθνεῶσι
656 1885 1045 1952 χρεωστουμένην
1070 1885 1387 1948 ἀπονέμουσιν
1413 1885 1527 1937 αἶδὼ
1553 1888 1620 1955 τῷ
1646 1890 1860 1956 Χριστῷ,
1881 1909 1931 1934 20

236 1989 257 2014 c
275 1965 391 2030 μηδὲ
434 1967 546 2036 ὁσία
587 1971 804 2031 τιμῶσιν,
845 1968 1024 2019 ἄπνουν
1069 1969 1145 2019 καὶ
1191 1968 1353 2035 νεκρὸν
1398 1969 1596 2034 ὁρῶντες
1640 1969 1861 2033 κείμενον,

276 2049 426 2100 καίτοι
452 2049 768 2115 γινώσκοντες
808 2048 879 2100 ὅτι
917 2048 1056 2104 αὐτός
1082 2051 1214 2101 ἐστιν
1240 2051 1265 2100 6
1293 2049 1519 2116 Χριστὸς,
1545 2051 1781 2106 πολλάκις
1812 2050 1862 2103 δὲ

276 2132 351 2181 καὶ
379 2135 831 2198 θαυματουργοῦντα
869 2130 1329 2197 καταπεπληγμένοι,
1357 2135 1394 2182 εὶ
1433 2134 1509 2182 καὶ
1548 2132 1711 2197 δριμὺς
1745 2131 1809 2183 ῶν
1836 2134 1862 2184 6

277 2211 453 2280 φθόνος
492 2214 700 2278 γνησίως
740 2214 896 2267 αὐτοῖς
935 2213 1151 2280 ἐνιζάνειν
1177 2212 1263 2278 τὴν
1289 2215 1338 2264 ἐκ
1368 2217 1450 2278 τῆς
1485 2216 1863 2280 θαυματουργίας

277 2293 443 2358 ὄνησιν
463 2294 825 2362 συγκεχώρηκεν
843 2296 1071 2359 οὐδαμῶς.
1109 2300 1171 2350 εἷς
1191 2301 1333 2361 κρῖμα
1352 2296 1506 2346 τοίνυν
1526 2298 1608 2359 τῆς
1626 2296 1863 2348 Ἰουδαίων
1883 2323 1901 2348 2
1909 2319 1931 2358 5

278 2377 627 2442 ἀπανθρωπίας,
655 2379 730 2427 καὶ
770 2381 832 2430 εἰς
871 2375 1070 2444 ἐ’λεγχον
1096 2381 1191 2428 τῶν
1216 2378 1612 2444 Ἱεροσολυμιτῶν
1638 2379 1662 2429 6
1695 2379 1744 2429 ἐκ
1782 2380 1864 2442 τῆς

278 2458 579 2527 Ἀριμειθοιίσις
606 2458 788 2526 ἔρχεται
813 2458 1011 2527 μαθητὴς
1038 2461 1113 2510 καὶ
1139 2464 1239 2513 ταῖς
1265 2459 1582 2524 καθηκούσαις
1602 2460 1865 2527 θεραπείαις

233 2544 403 2608 ἀτιμᾷ,
431 2539 484 2590 ὃν
521 2545 677 2608 γυμνῇ
715 2540 800 2604 μὲν
840 2541 983 2603 οὔπω,
1009 2541 1217 2609 λαθραία
1255 2542 1297 2592 δ’
1331 2542 1413 2591 οὖν
1448 2541 1574 2604 ὅμως
1612 2546 1670 2609 τῇ
1706 2543 1864 2593 πίστει

277 2622 491 2686 τετίμηκε
523 2619 599 2672 ὃν),
630 2621 698 2673 τὶν
725 2624 864 2691 φόβον
890 2622 970 2674 τῶν
995 2619 1227 2682 Ἰουδαίων,
1259 2621 1382 2674 καθά
1408 2629 1559 2691 φησιν
1586 2624 1610 2674 6
1640 2622 1865 2690 μακάριος

280 2701 658 2769 Εὐαγγελιστής.
1883 2728 1933 2766 30

329 2839 341 2859 ῐ
371 2837 441 2860 om.
462 2826 502 2860 E.
522 2825 663 2860 exhibess
681 2832 796 2860 autem
817 2826 974 2871 (capituli
993 2826 1104 2871 more)
1126 2827 1163 2862 F.
1477 2840 1510 2871 4.
1537 2826 1801 2872 ἐπέστρεψενβ)
1821 2827 1863 2862 Ε.

282 2873 405 2917 13-16.
432 2873 713 2918 εἷς-ἀναγκαίως
731 2885 800 2907 om.
823 2873 862 2907 E.
