1997 3262
293 150 377 188 354
517 148 567 190 B.
599 148 845 188 CYRILLI
883 148 1233 188 ALEXANDR.
1272 149 1643 189 FRAGMENTA
1742 164 1780 189 v.
1807 162 1870 202 19.

91 212 157 254 [9ιζ
177 212 225 244 M·
245 213 257 252 ]

293 255 528 307 πολύθεον
567 257 753 320 πλοίνης
791 255 1010 319 ἕλληνας,
1050 258 1122 306 καὶ
1163 257 1388 309 ἱουδαιόυς
1427 257 1502 307 διά
1539 280 1592 322 γε
1630 262 1713 307 τοῦ
1751 256 1863 313 βού-

293 342 465 389 λεσθαι
503 343 601 390 ταῖς
641 336 758 387 κατὰ
797 336 941 398 νόμον
971 340 1341 404 προσπεπῆχθαι
1376 343 1545 400 σκιαῖς,
1572 339 1645 389 καὶ
1681 337 1764 388 τὸν
1789 340 1872 399 τῆς

72 432 264 472 Ep11.ii.18.
293 422 498 483 ἀληθοῦς
537 420 753 484 λατρείας
785 419 837 468 οὐ
871 420 1157 483 προσίεσθαι
1191 418 1353 481 λόγον·
1408 420 1463 469 δι’
1494 421 1634 469 αὐτοῦ
1667 419 1760 483 γὰρ
1786 418 1872 482 τὴν

71 519 214 592 S3Jogn.
293 499 618 566 προσαγωγὴν
667 499 950 567 ἐσχήκαμεν,
1005 499 1085 549 καί
1132 501 1347 552 “Οῦδεῖς
1391 500 1571 567 ἔρχεται
1621 498 1740 564 πρὸς
1789 498 1872 550 τὸν

71 573 138 592 mv.
179 587 184 592 ’
295 589 323 611 “
349 582 556 647 Πατέρα,
583 581 706 633 καθά
740 586 890 649 φησιν
922 580 1071 642 αὐτὸς,
1099 585 1135 631 εἰ
1170 582 1234 645 μὴ
1268 583 1323 631 δι’
1342 583 1365 598 ”
1407 583 1563 646 αὐτοῦ.
1619 582 1784 631 οὐκοῦν
1814 580 1874 632 τέι
1894 599 1916 636 5

293 663 449 714 πάντα
485 665 534 714 ἐκ
569 666 641 714 τοῦ
665 665 776 714 Θεοῦ
810 665 880 714 τοῦ
915 662 1297 731 καταλλάξαντος
1332 666 1452 732 ἡμᾶς
1479 660 1555 714 διὰ
1583 664 1764 731 Χριστοῦ
1798 668 1874 713 καὶ

295 741 433 799 δόντος
459 748 556 812 ἡμῖν
582 746 650 804 τὴν
675 742 896 796 διακονίαν
922 744 995 803 τῆς
1025 744 1355 810 καταλλαγῆς.

361 825 532 892 ”Αθρει
571 827 627 889 δή
667 849 745 889 μοι
784 827 932 878 ποῖλιν
971 826 1041 876 ὅτι
1068 830 1285 892 Χριστοῦ
1325 825 1577 878 δεδωκότος
1614 826 1769 878 αὐτοῖς
1807 824 1877 883 τὴν

300 905 519 959 διακονίαν
564 908 637 968 τῆς
690 907 1016 973 καταλλαγῆς,
1060 907 1457 974 κεχειροτόνηνται
1501 907 1593 973 γὰρ
1639 909 1692 957 δι’
1735 909 1877 957 αὐτοῦ

139 1009 196 1042 99
220 1005 282 1042 Μ.
299 988 417 1054 πρὸς
454 988 749 1052 ἀποστολὴν,
785 988 910 1039 Θεὸν
949 989 1038 1056 ἔφη
1078 989 1159 1038 τὸν
1198 987 1443 1039 δεδωκότα·
1500 987 1624 1039 Θεὸν
1665 989 1746 1038 οὖν
1786 987 1877 1054 ἄρα
1897 1012 1945 1036 10

297 1073 372 1120 καὶ
415 1075 611 1121 ἱσοκλεᾶ
652 1075 717 1140 τῷ
754 1073 905 1135 Πατρὶ
943 1069 1330 1133 διακηρύττουσιν
1366 1069 1520 1132 αὐτὸν,
1559 1070 1668 1132 μίαν
1709 1067 1879 1123 εἰδότες

294 1151 380 1215 τὴν
407 1154 584 1220 ἀμφοῖν
610 1151 857 1218 κυριότητα
891 1175 939 1202 τε
966 1153 1041 1201 καὶ
1077 1152 1312 1219 ἐξουσίαν·
1367 1157 1499 1205 ποῖος
1535 1152 1614 1202 οὖν
1641 1152 1732 1217 ἄρα
1762 1153 1877 1211 ἐστὶ,

1351 1232 1368 1250 ,x

295 1235 361 1286 τίς
400 1234 534 1287 οὗτος
572 1236 645 1284 ἐπὶ
685 1257 767 1296 της
815 1233 1046 1286 διακονίας
1088 1235 1112 1284 ὁ
1148 1233 1375 1298 λόγος,η
1416 1235 1483 1287 τίς
1523 1235 1547 1283 6
1586 1232 1758 1298 τρόπος
1797 1236 1880 1296 τῆς

141 1349 206 1369 ver.
227 1348 276 1380 19
295 1318 618 1379 καταλλαγῆς,
674 1314 880 1381 ἐπιφερει
946 1314 1098 1380 λεγων
1148 1320 1257 1370 Θεος
1310 1311 1351 1374 ἦν
1403 1317 1440 1367 ἐν
1493 1314 1663 1383 Χριστῶ
1718 1338 1879 1381 κοῦ-μον

297 1394 643 1447 καταλλάσσων
671 1397 821 1465 ἑαυτῷ,
849 1419 1093 1446 τουτεστιν
1120 1397 1143 1445 ὁ
1171 1398 1218 1446 ἐν
1245 1400 1448 1466 Χριστῷ
1485 1397 1666 1457 κόσμον
1699 1404 1874 1447 καταλ-
1900 1415 1946 1452 15

295 1477 500 1528 λάσσων
527 1481 686 1547 ἑαυτῷ,
715 1477 835 1531 Θεὸς
863 1477 935 1541 ἧν·
992 1477 1066 1528 διὰ
1094 1477 1186 1543 γὰρ
1210 1479 1426 1541 πίστεως,
1456 1480 1517 1531 ὡς
1546 1478 1678 1544 ἔφην,
1705 1481 1786 1541 τῆς
1818 1481 1881 1531 εἷς·

294 1557 526 1625 Χριστὸν,
556 1559 886 1624 εἷρηνεύσαμεν
911 1558 1029 1625 πρὸς
1057 1560 1193 1622 Θεὸν,
1221 1559 1322 1623 η’τοι
1357 1559 1746 1624 κατηλλάγμεθα.
1804 1562 1879 1610 καὶ

294 1641 462 1691 τούτου
497 1642 660 1709 σαφὴς
700 1640 947 1709 ἀπόδειξις,
987 1646 1082 1691 τῶν
1119 1641 1593 1704 πεπλημμελημένων
1628 1641 1655 1704 ἡ
1695 1641 1880 1708 ἄφεσις,

303 1722 320 1738 Α
497 1724 507 1739 Ι
703 1722 714 1740 N
788 1724 798 1737 (
916 1723 926 1736 ⁸
1062 1727 1075 1741 x
1239 1722 1250 1738 Ι
1360 1724 1369 1739 5
1421 1723 1432 1737 Ι
1576 1721 1587 1739 Χ
1678 1722 1690 1735 Ι
1822 1724 1832 1738 ’
1868 1723 1878 1737 9

296 1746 354 1786 ην
392 1723 626 1790 χαριζεται
660 1746 744 1783 μεν
780 1746 804 1773 ο
839 1727 961 1776 Θεος
1001 1746 1077 1773 και
1115 1727 1296 1788 Πατηρ·
1349 1745 1499 1788 ορεγει
1539 1724 1587 1772 δε
1622 1730 1769 1773 παλιν
1810 1745 1867 1773 επ

74 1809 237 1883 isxlvffatth
295 1804 489 1873 ἐξουσίᾳ
516 1807 577 1858 ὡς
603 1803 721 1858 Θεὸς
750 1806 772 1854 ὁ
799 1804 927 1862 Υἱὸς,
958 1805 1112 1869 λε’γων
1138 1809 1203 1874 τῷ
1228 1808 1534 1873 παραλυτικῷ
1569 1811 1596 1833 “
1620 1802 1882 1871 Ἀφέωνταί
1900 1831 1950 1856 20

299 1894 325 1916 ‘⁴
351 1909 433 1937 σοι
460 1888 679 1951 ἁμαρτίαι
707 1887 844 1937 σου.”
895 1888 1061 1936 οὐκοῦν
1087 1889 1135 1936 ἐν
1162 1890 1362 1955 Χριστῷ
1388 1885 1628 1937 τουτέστιν
1654 1888 1701 1936 ἐν
1727 1909 1880 1951 προσ-

299 1968 412 2037 ώπῳ
438 1972 669 2034 Χριστοῦ,
715 1969 872 2036 κόσμον
905 1969 1045 2037 ἑαυτῷ
1086 1969 1418 2019 καταλλάσσει
1446 1968 1572 2030 Θεὸς,
1603 1967 1663 2035 μὴ
1705 1969 1882 2038 λογιζο-

349 2112 378 2135 Ῑ.
406 2101 478 2135 Ine.
500 2102 624 2135 iterum
637 2101 805 2146 Έλληνες
822 2101 1066 2138 πιστεύσαντες
1089 2102 1141 2136 διὰ
1164 2105 1223 2136 τοῦ
1244 2105 1389 2147 χριστοῦ
1413 2103 1458 2137 εἷς
1483 2103 1540 2136 τὸν
1564 2102 1672 2145 ἀληθῆ
1699 2103 1751 2135 καὶ
1775 2101 1883 2144 φύσει

300 2149 396 2187 Θεὸν,
416 2149 536 2190 ὁμοίως
555 2148 607 2181 καὶ
630 2149 771 2182 ιουδαῖοι
797 2149 868 2182 ἀντὶ
893 2152 959 2182 τῶν
979 2153 1088 2207 σκιῶν
1112 2151 1152 2193 τῇ
1179 2150 1318 2193 ἀληθειᾳ
1344 2149 1623 2193 προσδραμόντες
1648 2149 1884 2192 ε’φιλιώθησαν

299 2197 345 2240 τῷ
366 2196 451 2240 Θεῷ·
480 2195 599 2228 οικοῦν
615 2197 841 2237 πολεμιῦντες
861 2198 934 2241 Θεῷ
952 2211 1011 2235 την
1027 2196 1144 2230 πίστιν
1161 2197 1199 2229 οὐ
1220 2197 1418 2240 προσίενται
1442 2211 1494 2229 και
1511 2197 1655 2240 χριστὸν
1672 2195 1884 2238 ἀτιμάζοντες

298 2229 440 2283 ἕλληνέις
464 2256 499 2274 τε
525 2256 578 2274 και
604 2241 754 2275 ἶουδαῖοι·
789 2242 883 2287 ἰίθρει
901 2243 939 2285 δὴ
958 2242 1016 2276 οὖν
1033 2242 1083 2276 ὅτι
1104 2243 1156 2287 (8)
1180 2242 1226 2276 H.
1471 2254 1504 2285 9.
1529 2243 1813 2286 κεχειροτόνηνται
1835 2241 1881 2274 H.

300 2289 569 2331 κεχειροτόνηται
588 2288 653 2322 Ed.
940 2301 991 2322 ΙΙ.
1019 2289 1176 2333 ι’σοκλεα]
1201 2293 1237 2329 -†-
1259 2303 1311 2322 και
1330 2289 1491 2334 ἷσουργὸν
1511 2289 1557 2322 Η.
1630 2287 1746 2332 αὐτὸν]
1771 2292 1807 2327 -Ι»-
1830 2302 1881 2321 και

299 2333 522 2368 πιστεύουσιν
542 2335 589 2368 H.
772 2346 825 2369 12.
851 2350 887 2369 τε
905 2347 974 2369 om.
998 2335 1044 2368 H.
1118 2334 1293 2379 ἐξουσίαν]
1316 2336 1427 2379 pergit
1449 2335 1477 2368 εἷ
1501 2335 1536 2368 δέ
1555 2335 1608 2367 καί
1630 2349 1680 2368 τις
1696 2334 1789 2378 λέγει
1806 2335 1883 2377 περὶ

300 2382 361 2413 τοῦ
379 2382 513 2424 Πατρός
533 2381 646 2425 λέγειν
663 2381 773 2421 αὐτὸν,
792 2381 929 2415 οὐδὲν
913 2396 1012 2425 ηττον
1036 2381 1206 2425 ἀνακομιεῖ
1231 2382 1290 2424 τὴν
1308 2384 1366 2415 τοῦ
1391 2383 1535 2425 χριστοῦ
1559 2381 1662 2423 δόξαν
1679 2380 1726 2415 εἷς
1748 2380 1807 2423 τὴν
1823 2383 1883 2414 τοῦ

302 2428 439 2471 πατρὸς,
471 2429 587 2471 ὥσπερ
614 2428 708 2462 ε’στιν
732 2428 855 2470 ἀληθές
879 2429 923 2463 ὡς
947 2430 1092 2473 χριστοῦ
1118 2428 1234 2462 δόντος
1251 2428 1310 2470 τὴν
1327 2428 1493 2461 διακονίαν
1509 2427 1619 2483 αὐτοῖς
1637 2428 1655 2459 6
1672 2426 1782 2470 πατὴρ
1808 2427 1884 2460 δοῦ-

302 2487 354 2506 ναι
387 2473 521 2516 λέγεται
556 2474 717 2508 desinens
751 2474 796 2508 H.
887 2474 960 2507 Ine.
1002 2475 1125 2507 iterum
1158 2489 1196 2507 ου
1229 2476 1328 2507 τοῦτο
1361 2474 1454 2518 λέγει
1488 2473 1539 2507 ὅτι
1573 2488 1607 2506 εν
1633 2475 1769 2531 χριστῷ
1796 2472 1835 2515 ἧν
1864 2475 1882 2506 ὁ

303 2519 411 2553 θεὸς
396 2534 439 2554 ως
465 2534 499 2552 εν
523 2520 686 2565 ἀνθρώπῳ
704 2521 841 2564 φίλος’
825 2535 895 2554 επει
921 2521 1017 2554 οὐδεν
1034 2521 1156 2554 διοίσει
1179 2521 1320 2564 χριστὸς
1345 2523 1410 2553 τῶν
1428 2518 1646 2563 προφητῶν
1630 2534 1648 2562 η
1667 2519 1883 2559 ἀποστόλων,

302 2564 393 2598 ἀλλὰ
411 2565 516 2607 δεῖξαι
535 2567 704 2610 φρυντιζει
727 2568 745 2599 6
763 2567 988 2601 (ιπόστολος’
975 2566 1025 2600 ότι
1044 2569 1181 2612 Χριστῷ
1206 2581 1256 2601 τις
1273 2567 1301 2599 εἷ
1325 2567 1600 2604 καταλλάττοιτο,
1619 2566 1703 2608 πρὸς
1721 2564 1808 2599 Θεὸν
1823 2580 1882 2599 πε-

303 2612 435 2654 ποίηται
458 2613 517 2646 τὰς
537 2613 763 2656 καταλλαγας.
794 2614 891 2647 αὐτὸς
915 2614 978 2657 γὰρ
997 2613 1040 2647 ὡς
1058 2615 1075 2645 6
1094 2613 1163 2647 υἱὸς
1188 2613 1241 2646 καὶ
1265 2612 1378 2656 κύριος
1402 2613 1507 2657 ἑαυτῷ
1533 2613 1590 2645 τὸν
1614 2613 1742 2655 κόσμον
1760 2613 1882 2645 καταλ-

303 2658 449 2691 λιισσων
466 2658 520 2691 διὰ
537 2659 595 2700 τῆς
614 2660 762 2693 πίστεως
787 2661 1020 2692 καταλλασσει
1047 2658 1086 2691 δι
1105 2660 1224 2692 ἑαυτου
1249 2661 1294 2703 τῷ
1321 2659 1385 2704 θεῳ
1412 2659 1464 2692 καὶ
1481 2659 1593 2702 πατρί
1621 2659 1672 2692 διὸ
1697 2673 1749 2691 και
1766 2656 1884 2702 ελεγεν

79 2706 225 2736 &Joam
303 2703 342 2736 ‘0
360 2702 530 2738 πιστεύων
555 2704 600 2738 εἷς
625 2705 681 2747 ε’με
707 2705 745 2737 οὐ
770 2704 921 2738 πιστεύει
947 2705 993 2740 εἷς
1016 2705 1072 2748 ε’μέ
1098 2704 1175 2738 ἀλλ
1194 2705 1240 2739 εἷς
1265 2707 1322 2738 τὸν
1346 2693 1528 2749 πιεμψαντά
1553 2719 1608 2762 με,
1626 2705 1676 2737 καὶ
1699 2705 1802 2738 πάλιν
1819 2709 1882 2737 Πι-

82 2749 136 2779 κῐί.
157 2759 208 2788 44.
305 2750 442 2784 στεύετε
460 2766 506 2785 εις
522 2752 580 2784 τὸν
597 2752 693 2790 Θεὸν,
713 2752 766 2784 καὶ
791 2751 836 2785 εἷς
862 2751 918 2794 ε’με
936 2751 1124 2785 πιστεύετε.
1159 2766 1196 2784 ου
1199 2761 1286 2784 κουν·
1319 2754 1475 2795 σαφηνιῶ
1501 2752 1566 2795 γὰρ
1593 2752 1636 2785 ὡς
1656 2765 1702 2785 ενι
1720 2753 1779 2784 τοῦ
1798 2765 1882 2794 προ-

82 2793 145 2822 X'W·
165 2801 189 2822 1.
305 2796 454 2839 κειμένου
473 2797 532 2840 τὴν
550 2796 685 2839 δυναμιν
700 2798 814 2842 βραχὺ
831 2798 1052 2841 παραλλάξας
1069 2798 1106 2831 τὸ
1125 2797 1307 2840 εἷρημενον·
1334 2799 1351 2830 ὁ
1370 2813 1404 2831 εν
1422 2799 1497 2842 (15)
1519 2797 1566 2831 H.
1696 2806 1749 2838 15.
1776 2797 1882 2841 εαυτῲ

306 2844 580 2877 καταλλάσσων
574 2855 632 2876 lnv
635 2855 710 2877 erso
728 2844 848 2877 ordine
869 2843 915 2876 H.
1033 2845 1083 2877 16.
1111 2844 1154 2878 ὡς
1171 2844 1258 2887 ε’φην
1275 2855 1344 2877 om.
1366 2844 1412 2879 H.
1528 2853 1579 2887 17.
1605 2842 1813 2887 εἶρηνεύομεν
1835 2842 1882 2876 Η.

310 2890 362 2922 18.
388 2891 685 2933 πλημμελημάτων
707 2890 752 2923 H.
916 2901 967 2932 19.
996 2889 1070 2924 θεὸς
1088 2890 1140 2923 καὶ
1158 2901 1227 2923 0111.
1249 2889 1295 2923 H.
1362 2889 1488 2935 ὀρεγει]
1508 2904 1648 2933 παρεχει
1670 2889 1715 2923 H.
1780 2890 1884 2923 πάλιν

306 2946 376 2969 om.
398 2936 445 2969 H.
510 2935 581 2979 μετ’
602 2948 663 2980 pro
682 2936 730 2970 ἐπ’
754 2936 799 2970 H.
923 2947 977 2970 20.
996 2937 1219 2981 λέγων-σου
1238 2948 1306 2969 om.
1330 2936 1375 2970 H.
1497 2947 1550 2970 22.
1570 2936 1790 2969 καταλλάττει
1813 2935 1858 2968 Η.
