2012 3272
100 118 272 173 viii.30.
432 118 500 158 IN
536 118 878 158 EPISTOLAM
918 118 998 157 Al)
1039 117 1349 157 ROMANOS.
1605 120 1684 158 221

1729 186 1741 225 [
1761 194 1798 225 32
1820 185 1867 215 M.
1888 184 1901 225 ]

102 227 324 294 ἁγιασμῷ
349 228 592 278 πολιτείαν
621 230 694 277 καὶ
721 226 856 292 ζωήν.
909 225 1072 292 ὥσπερ
1099 225 1193 292 γὰρ
1219 225 1371 277 εἰκόνα
1403 232 1485 277 τοῦ
1517 233 1690 294 χοικοῦ,

100 309 343 359 τουτέστιν
381 308 552 372 Ἀδὰμ,
593 309 678 372 τὴν
716 311 764 359 ἐν
806 310 1026 374 παρακοῇ
1065 331 1113 358 τε
1161 311 1235 358 καὶ
1280 310 1525 375 ἁμαρτίαις
1573 309 1692 375 ζωὴν

100 388 218 440 εἶναι’
242 396 411 458 φαμεν,
440 393 560 442 οὕτω
593 394 667 441 καὶ
703 390 855 442 εἰκόνα
887 396 969 441 τοῦ
1005 390 1294 456 ἐπουρανίου,
1322 390 1539 442 τουτέστι
1566 395 1687 458 Χρι-

101 477 233 535 στοῦ,
275 472 357 523 τὸν
403 472 643 539 ἁγιασμὸν
684 475 759 524 καὶ
804 471 890 536 τὴν
929 472 1173 523 δικαίωσιν
1215 475 1289 523 καὶ
1330 472 1415 536 τὴν
1457 473 1684 538 ὑπακοήν.

59 569 80 606 5
102 554 207 605 ὅσοι
246 556 401 605 τοίνυν
440 555 853 621 προεγνώσθησαν
893 556 955 608 ὡς
981 553 1198 617 ε’σόμενοι
1238 554 1357 605 κατὰ
1393 555 1578 621 καιροὺς
1609 559 1693 619 τῆς

102 640 316 702 Χριστοῦ
355 636 472 702 ζωῆς
511 637 792 706 σύμμορφοί
820 660 869 688 τε
897 639 972 687 καὶ
997 640 1193 699 μιμηταὶ
1221 636 1340 687 κατά
1370 660 1422 703 γε
1450 637 1504 688 τὸ
1535 639 1687 705 ε’γχω-

100 723 212 785 ροῦν
239 723 296 786 τῇ
324 721 596 787 ἀνθρωπίνῃ
624 719 782 788 φύσει,
809 719 934 770 οὗτοι
963 721 1037 769 καὶ
1065 719 1326 783 κέκληνται.

104 879 188 920 Οὓς
225 879 270 920 δὲ
309 880 540 936 Προώριοε,
578 881 755 922 τούτους
796 880 864 921 καὶ
905 880 1100 921 ἐκάλεσε·
1147 880 1214 920 καὶ
1253 882 1326 922 οὓς
1367 880 1557 931 ἐκάλεσε,
1596 882 1692 922 τού-
1714 900 1764 935 30

150 978 246 1004 τους
275 963 341 1003 καὶ
367 962 635 1005 ἐδικαίωσεν·
687 964 761 1004 οὓς
788 962 834 1004 δὲ
861 962 1105 1014 ἐδικαίωσε,
1132 964 1307 1004 τούτους
1336 962 1399 1005 καὶ
1427 963 1645 1007 ἐδόξασεν.

34 1100 82 1126 10
176 1076 466 1144 Εὐάφορμον
506 1080 588 1141 τῆς
634 1078 858 1131 ἀπιστίας
900 1077 954 1128 τὸ
992 1080 1155 1145 χρῆμα
1192 1077 1436 1128 ποιεῖσθαί
1469 1101 1599 1132 τινας
1637 1078 1691 1129 τὸ

103 1158 291 1212 ἀπεικὸς
324 1159 467 1222 οὐδὲν,
494 1161 551 1229 ἐξ
586 1160 787 1222 ἀμαθίας
814 1161 1241 1226 συνηρπασμένους
1275 1162 1349 1210 καὶ
1377 1161 1606 1226 λέγοντας
1634 1164 1691 1211 Ei

102 1240 179 1294 οὓς
215 1240 351 1294 αὐτὸς
377 1241 592 1307 προέγνω
623 1241 742 1292 κατὰ
776 1240 1005 1307 πρόθεσιν
1040 1243 1115 1292 καὶ
1156 1242 1435 1307 προώρισεν,
1463 1242 1589 1293 οὗτοι
1616 1244 1692 1292 καὶ

102 1323 363 1387 κέκληνται,
391 1324 509 1390 πρὸς
548 1325 668 1388 ἡμᾶς
707 1323 812 1377 τοὺς
853 1325 982 1375 οὔπω
1023 1323 1394 1377 πεπιστευκότας
1434 1325 1582 1375 οὐδέν’
1638 1325 1692 1374 οὐ

102 1404 196 1470 γάρ
222 1428 293 1456 τοι
329 1406 608 1470 κεκλήμεθα,
636 1407 740 1457 οὔτε
776 1405 869 1469 μὴν
897 1407 1253 1472 προωρίσμεθα·
1295 1405 1414 1472 πρὸς
1449 1406 1527 1459 οὓς
1554 1409 1686 1471 ἐροῦ-

35 1512 82 1550 15
102 1510 200 1551 μεν,
228 1511 298 1538 οτι
325 1488 349 1538 ὁ
375 1492 522 1539 ποιῶν
549 1511 655 1541 τους
681 1488 859 1553 γάμους
880 1492 946 1538 τῶ
975 1492 1055 1538 vics>
1082 1490 1238 1551 αὐτοῦ,
1265 1511 1372 1540 τους
1398 1488 1483 1552 μὲν
1510 1488 1689 1542 οἰκέτας
1709 1504 1740 1535 S.
1756 1504 1880 1535 Matth.

103 1568 380 1620 ἀπεστειλεν
419 1575 692 1636 συναγεῖραι
730 1594 837 1623 τους
876 1571 1201 1634 κεκλημενους,
1230 1573 1271 1620 οἱ
1311 1570 1358 1620 δε
1397 1571 1479 1621 οὐκ
1518 1571 1691 1635 ἠθελον
1708 1548 1787 1579 xxii
1802 1558 1829 1585 ²
1848 1557 1877 1587 3

101 1652 267 1702 ἐλθεῖν·
307 1654 532 1715 εἰσῆλθον
569 1652 616 1702 δὲ
651 1653 748 1715 μετ’
778 1653 974 1706 ἐκείνους
1009 1656 1051 1703 οἱ
1088 1654 1255 1716 κλητοὶ
1288 1654 1385 1703 κατ’
1416 1655 1536 1703 ἰδίαν
1569 1653 1688 1719 πρό-

104 1737 251 1796 θεσιν,
290 1734 565 1798 πέπλησται
615 1735 664 1785 δὲ
715 1736 862 1788 οὕτως
911 1736 936 1785 ὁ
989 1735 1187 1803 νυμφὼν
1227 1740 1322 1785 τῶν
1367 1735 1692 1798 ἀνακειμένων.

103 1814 233 1866 οὐδὲν
271 1816 352 1866 οὖν
391 1817 483 1882 ἄρα
521 1821 616 1870 τοῖς
654 1814 904 1868 ἐθέλουσιν
941 1819 1096 1868 ἐλθεῖν
1134 1817 1350 1878 ἐμποδὼν
1390 1819 1553 1883 ὁρᾶται
1593 1820 1689 1869 κεί-

36 1921 86 1946 20
104 1917 260 1962 μενον·
308 1900 458 1949 ἀδικεῖ
492 1898 539 1949 δὲ
580 1899 744 1950 οὐδένα
782 1899 835 1950 τὸ
875 1898 1075 1963 σύμπαν
1102 1900 1129 1963 ἡ
1155 1899 1442 1966 πρόγνωσις,
1469 1902 1573 1951 οὕτε
1599 1899 1693 1964 μὴν

104 1980 291 2045 ὀνίνησί
324 2004 468 2034 τινας.
517 1982 614 2031 ε’πεὶ
649 1981 971 2032 διδασκόντων
998 1985 1034 2032 εἰ
1067 1982 1132 2046 μὴ
1168 1985 1243 2032 καὶ
1279 1982 1409 2032 αὐτοὶ
1443 1982 1687 2048 προεγνώ-

105 2067 313 2126 σθησαν,
341 2066 383 2113 οἱ
417 2067 517 2116 ταῖς
548 2064 800 2117 ἀπειθειάις
826 2064 1124 2132 ἐξυβρικότες
1149 2064 1231 2114 τὸν
1257 2062 1519 2127 κεκληκότα
1546 2064 1689 2115 &⁶612-

105 2145 236 2197 ἀλλὰ
279 2147 354 2197 καὶ
393 2146 641 2209 κέκληνται
680 2146 765 2207 μὲν
803 2149 879 2197 καὶ
924 2147 1307 2212 εἰσπεπηδήκασί
1344 2170 1463 2200 τινες
1508 2151 1570 2201 εἰς
1609 2147 1693 2198 τὸν

104 2228 271 2293 γάμον,
308 2227 439 2292 πλὴν
477 2229 530 2278 οὐ
569 2227 826 2293 γεγόνασιν
852 2230 1076 2291 ἐκλεκτοὶ,
1103 2228 1206 2279 οὐδὲ
1233 2229 1548 2280 δεδικαίωνται
1588 2228 1693 2280 οὐδὲ

40 2328 87 2366 25
107 2310 453 2378 ἐδοξάσθησαν·
513 2309 588 2361 διὰ
632 2310 772 2361 ποίαν
814 2310 999 2373 αἰτίαν,
1060 2310 1130 2361 ὅτι
1175 2309 1240 2375 μὴ
1279 2310 1558 2383 πρέπουσαν
1596 2316 1693 2365 τοῖς

107 2390 273 2456 γάμοις
308 2391 619 2460 ἠμφιέννυντο
655 2391 855 2456 στολήν.
899 2393 1062 2446 ἄλλως
1090 2415 1138 2444 τε
1165 2395 1240 2443 καὶ
1265 2392 1406 2443 αὐτὸν
1432 2391 1693 2458 εὑρήσομεν

107 2471 189 2523 τὸν
236 2474 412 2539 Κύριον
461 2473 593 2538 ἡμῶν
641 2474 832 2538 Ἰησοῦν
883 2474 1101 2540 Χριστὸν
1152 2474 1427 2543 ἀναφανδὸν
1479 2475 1694 2540 εἰρηκότα

159 2610 187 2634 Ι.
213 2601 339 2637 εἰκόνος
357 2602 437 2644 (Sic)
456 2602 500 2636 A.
646 2613 677 2636 2.
696 2617 731 2636 τε
750 2607 972 2646 assumptum
991 2614 1031 2636 ex
1050 2608 1074 2637 t.
1094 2608 1159 2637 cet.
1319 2615 1351 2645 4.
1373 2604 1425 2636 καὶ
1443 2602 1502 2646 τὴν
1519 2603 1694 2637 δικαίωσιν

109 2660 160 2680 και
178 2648 236 2690 τὴν
252 2647 416 2693 ὑπακοήν]
436 2649 495 2692 τὴν
513 2648 737 2692 δικαιοσύνην,
756 2649 816 2692 τὴν
833 2648 980 2693 ὑπακοήν
998 2655 1022 2683 t.
1041 2655 1106 2683 cet.
1494 2650 1567 2684 Ine.
1587 2651 1694 2683 Οὐδὲν

109 2692 220 2735 μέντοι
245 2696 284 2728 τὸ
309 2695 455 2735 ἀπεικὸς,
474 2696 669 2739 εὐάφορμον
687 2697 745 2738 τῆς
769 2695 928 2730 ἀπιστίας
949 2697 987 2729 τὸ
1006 2698 1119 2741 χρῆμα
1136 2696 1310 2730 ποιεῖσθαί
1326 2711 1417 2732 τινας
1413 2662 1471 2739 Ῑέξ
1488 2696 1630 2739 ἀμαθίας
1648 2698 1691 2730 A.

114 2750 166 2773 12.
191 2743 383 2783 προώρισεν
401 2742 443 2775 A.
461 2742 662 2786 προαίρεσιν
681 2741 747 2775 Ed.
814 2743 865 2775 καὶ
884 2743 943 2775 alt.
962 2748 1185 2787 assumptum
1204 2754 1245 2776 ex
1264 2743 1307 2777 A.
1426 2754 1477 2787 13.
1505 2743 1583 2777 τοὺς
1600 2746 1692 2776 οὔπω

110 2789 371 2823 πεπιστευκότας
389 2787 486 2822 οὐδεν
503 2788 568 2821 hoc
587 2787 708 2821 ordme
728 2789 770 2822 A.
788 2789 885 2821 οὐδεν
903 2794 982 2822 ante
999 2789 1076 2824 τοὺς
1094 2795 1329 2833 tlansponunt
1343 2789 1384 2823 B.
1403 2789 1466 2822 Ed.
1544 2789 1597 2822 16.
1616 2788 1692 2831 ἠθέ-

112 2833 222 2874 λησαν
238 2834 281 2868 A.
581 2846 633 2879 19.
660 2835 759 2868 οὐδὲν
776 2835 819 2869 Α.
839 2834 908 2869 οὐδ’
931 2835 972 2870 Β.
992 2835 1059 2870 Ed.
1131 2836 1196 2879 ἄρα
1213 2837 1283 2871 τοῖς
1300 2836 1343 2869 Α.
1362 2835 1413 2880 ἀρ’
1432 2836 1544 2869 αὐτοῖς
1564 2835 1604 2868 B.
1625 2835 1692 2868 Ed.

114 2888 167 2911 22.
193 2882 371 2914 σεσωκότα
389 2892 451 2925 pro
471 2882 653 2923 κεκληκότα
671 2881 714 2915 Α.
944 2893 998 2923 24.
1026 2882 1102 2915 οὐδὲ
1122 2881 1234 2927 prius]
1255 2882 1293 2915 οὐ
1314 2883 1355 2916 A.
1430 2882 1505 2915 οὐδὲ
1524 2882 1581 2915 alt.
1603 2881 1690 2914 A-B.

113 2923 179 2958 οὐδ
200 2925 265 2960 Ed.
478 2926 534 2961 26.
560 2926 747 2972 εὑρήσομεν
768 2928 809 2962 A.
830 2928 1030 2973 εὑρίσκομεν
1050 2928 1090 2962 Β.
1110 2928 1176 2963 Ed.
