1981 3247
248 119 324 152 624

780 113 992 149 INDEX
1052 113 1298 150 RERUM.

1745 127 1843 150 DEUS

301 246 387 282 pam
408 239 472 269 aut
491 233 640 270 laudem
663 245 737 269 non
758 232 914 281 impedit
936 236 1007 270 731
1081 232 1595 281 Discipuliperprimicerium
1608 234 1844 283 interrogant

304 298 367 340 de,
390 301 465 335 732
482 310 504 334 a
532 310 642 346 quem
659 297 870 334 amatDeus
885 300 962 335 830
977 310 1010 334 e.

249 362 352 399 Deus
390 362 654 410 Omnipotens,
689 363 851 398 absurda
886 368 1012 398 tamen

303 427 469 475 falsaque
516 440 592 463 non
633 432 809 474 operatur
846 427 895 463 iii.
935 429 1011 463 565

303 491 550 540 Longanimis
571 491 640 527 etsi
660 491 787 527 onmia
801 491 1013 539 praesciens

306 559 382 593 725
405 557 440 597 d,
463 556 511 591 iii.
533 558 609 592 447
632 556 708 592 init.

250 623 269 639 “
287 621 322 656 A
342 620 426 656 Deo
441 620 462 632 ”
494 620 644 656 Natura
667 620 789 665 Filius,
818 633 885 668 per
910 633 1011 656 crea-

302 685 444 721 tionem
465 685 609 733 reliqua
630 687 706 721 349
729 684 796 721 ab.

248 749 587 785 Deuteronomium
611 749 705 785 liber
723 749 904 785 librorum
924 749 1010 785 Mo-

304 814 491 850 saicorum
511 814 770 862 recapitulatio
793 816 868 851 265
890 815 926 850 b.

249 879 431 916 Dextram
457 879 526 915 Dei
546 879 666 915 Patris
692 892 758 915 cur
783 879 898 914 Filius
926 891 1014 915 con-

303 944 410 986 sedit,
431 956 508 980 non
528 944 575 980 ad
596 944 678 980 Filii
700 944 882 980 Dextram
903 944 1013 980 Pater

305 1011 381 1045 844
402 1009 426 1045 b
440 1021 472 1045 c.

250 1072 434 1109 Diabolus
454 1074 491 1109 in
515 1078 593 1109 rete
615 1086 681 1109 suo
705 1073 870 1109 irretitus
891 1075 966 1110 338
990 1073 1013 1108 d

305 1138 449 1186 peccati
496 1143 626 1174 auctor
674 1140 750 1174 854
791 1138 815 1173 d
884 1143 1014 1174 contra

303 1202 497 1240 Christum
519 1202 764 1251 malignitatis
785 1208 915 1239 auctor
935 1203 1011 1239 855

304 1268 374 1304 ab.

249 1333 493 1369 Diabolorum
519 1338 685 1382 potestas
712 1332 750 1368 in
771 1331 912 1369 Christi
938 1331 1013 1368 die-

302 1398 372 1434 bus
393 1398 574 1434 dissoluta
595 1399 671 1435 386
693 1410 723 1434 e.

249 1463 469 1499 Didrachmi
490 1463 684 1498 dimidium
705 1475 770 1498 cur
800 1462 1013 1512 persolven-

303 1528 391 1563 dum
412 1530 486 1564 189
503 1541 525 1564 a
553 1527 781 1564 adorationis
802 1533 913 1576 typus
939 1530 1011 1564 189

303 1592 363 1628 be
412 1591 552 1629 Christi
582 1592 816 1629 adumbratio
847 1596 922 1630 307
954 1593 1013 1629 ab

306 1659 381 1694 648
405 1670 435 1702 c,
459 1660 532 1694 791
557 1670 577 1694 a
593 1670 625 1699 c,
646 1657 695 1696 iii.
717 1660 807 1695 458.

249 1722 339 1759 Dies
387 1721 529 1760 Christi
566 1723 648 1771 quis
688 1725 764 1759 583
795 1723 819 1759 b
840 1735 860 1759 e
921 1723 1014 1759 vidit

303 1787 495 1823 Abraham
516 1787 664 1836 quando
687 1790 763 1825 584
803 1787 913 1823 Diem
934 1788 1011 1824 Do-

304 1852 478 1888 minicam
511 1852 618 1888 nobis
652 1852 792 1888 indicat
825 1852 1013 1888 Dominus

308 1919 409 1954 1104
429 1917 453 1953 b
469 1930 489 1953 c
536 1922 572 1953 et
607 1930 705 1953 nunc
743 1917 813 1953 hac
852 1917 910 1953 die
943 1930 1012 1953 nos

304 1982 430 2018 visitat
453 1982 697 2029 conceditque
719 1982 829 2017 Carni
851 1981 1011 2018 Sanctae

305 2046 404 2083 Suae
446 2052 603 2095 tangere
645 2049 746 2083 1104
786 2046 809 2082 d
829 2059 848 2082 e
921 2046 1012 2082 Dies

306 2111 447 2147 Christi
460 2124 595 2160 magna
611 2111 848 2147 Resurrectio
862 2111 911 2148 iii.
922 2114 1009 2148 441.

250 2176 341 2213 Dies
364 2176 460 2212 vitae
490 2182 650 2224 tempus,
673 2176 803 2212 mortis
832 2189 907 2211 nox
933 2179 1010 2213 600

305 2242 361 2277 ab
401 2242 507 2277 aliter
527 2242 755 2290 explicatum
777 2243 852 2277 678
874 2241 898 2277 b
911 2253 930 2277 c
944 2241 981 2277 d.

251 2313 273 2326 “
293 2307 382 2342 Dies
402 2306 489 2342 mali
505 2304 523 2319 ''
545 2306 634 2354 quid
655 2308 732 2343 869
754 2318 785 2342 o.

250 2371 467 2407 Difficiliora
484 2371 555 2406 nisi
574 2371 731 2407 fuissent
750 2371 847 2406 inter
862 2371 1012 2406 oracula

304 2435 453 2477 Divina,
474 2448 550 2471 non
575 2448 668 2483 opus
692 2440 791 2472 esset
810 2435 890 2472 viro
915 2435 1011 2483 sapi-

304 2501 382 2536 enti
401 2506 439 2536 et
458 2500 691 2548 intelligente
713 2502 789 2537 532
811 2500 878 2535 de.

250 2565 466 2602 Difficiliora
511 2577 588 2600 non
635 2564 891 2606 scrutandum,
940 2564 1011 2600 Dei

299 2629 469 2678 justitiae
515 2641 558 2665 ac
607 2628 882 2664 misericordiae
929 2641 1008 2664 cre-

305 2695 470 2731 dendum
500 2694 576 2730 598
605 2693 700 2729 abd
742 2693 822 2729 vide
849 2692 1008 2735 Altiora,

303 2759 543 2795 Abscondita.

250 2830 273 2844 “
291 2824 502 2872 Diligenter
521 2835 683 2873 agnosce
702 2822 845 2859 vultum
865 2822 1009 2871 pecoris

302 2888 394 2925 tui''
420 2891 493 2925 149
515 2901 545 2925 e.

1137 300 1212 334 755
1231 311 1252 334 a
1286 297 1518 335 Judaeorum
1536 298 1762 348 Synagogae
1779 300 1844 335 filii

1137 364 1209 398 891
1234 362 1257 397 b
1305 374 1368 398 eos
1395 368 1508 411 urget
1536 363 1584 399 ad
1613 364 1843 412 operandum

1135 428 1307 463 Christus
1329 430 1406 465 892
1429 441 1458 465 e.

1080 491 1281 540 Discipulis
1331 493 1390 537 de,
1438 498 1608 541 tempore
1656 492 1842 529 Passionis

1135 555 1276 593 Christi
1305 569 1393 593 cura
1416 570 1526 593 curae
1555 557 1601 593 de
1626 557 1733 593 nobis
1761 570 1841 594 om-

1134 621 1242 657 nibus
1263 622 1415 670 signum
1439 625 1540 659 1015
1562 634 1582 658 c
1598 622 1633 658 d.

1081 685 1242 722 Divitiae
1267 699 1387 729 verae,
1410 687 1532 723 cordis
1557 687 1704 722 claritas
1724 686 1844 722 bono-

1135 763 1292 799 rumque
1314 764 1468 799 operum
1489 752 1665 800 splendor
1685 754 1760 787 344
1781 763 1814 787 c.

1081 815 1274 851 Diviniora
1312 829 1422 864 quam
1461 829 1555 864 quae
1589 816 1636 852 ad
1672 816 1842 864 linguam

1134 886 1303 916 nostram
1323 881 1510 929 pertinent
1532 883 1607 918 349
1625 894 1655 916 c.

1081 944 1256 980 “Docuit
1270 945 1291 958 ’'
1313 946 1358 981 de
1378 945 1559 982 essentiae
1579 951 1714 982 natura
1734 958 1843 994 saepe

1136 1009 1270 1045 dicitur
1291 1012 1367 1046 526
1386 1010 1421 1046 b.

1082 1074 1202 1110 Dolor
1233 1080 1271 1111 et
1303 1075 1461 1111 tentatio
1482 1088 1557 1111 non
1577 1075 1725 1121 brevis,
1761 1075 1841 1111 diu-

1135 1144 1245 1175 turna
1274 1144 1490 1175 sanctorum
1521 1140 1619 1176 bona
1648 1140 1842 1188 gratiaque

1138 1206 1238 1240 1068
1261 1216 1290 1240 c.

1081 1268 1266 1305 Dominus
1304 1268 1478 1305 dedecori
1515 1275 1645 1305 nostro
1692 1269 1841 1305 confor-

1135 1339 1269 1376 matus,
1290 1346 1359 1370 nos
1385 1334 1432 1370 ad
1456 1335 1638 1370 honorem
1660 1333 1843 1382 Regalem

1135 1399 1242 1434 affert
1266 1400 1339 1435 172
1362 1411 1393 1435 e.

1081 1463 1290 1499 Duodecim
1344 1475 1524 1499 numerus
1574 1463 1842 1511 Apostolorum

1135 1527 1450 1577 praedicationem
1470 1527 1593 1565 innuit
1609 1530 1686 1565 433
1708 1540 1738 1564 e.

1446 1689 1478 1725 E

1083 1786 1281 1823 Eccmsm
1301 1788 1420 1829 106b,
1441 1790 1557 1830 117a,
1577 1789 1650 1824 126
1665 1800 1696 1831 e,
1719 1790 1792 1825 130
1807 1788 1842 1834 b,

1141 1854 1214 1888 137
1230 1852 1265 1893 d,
1292 1855 1365 1889 140
1381 1865 1412 1893 a,
1435 1854 1508 1889 156
1523 1853 1558 1894 d,
1581 1855 1654 1889 168
1670 1865 1701 1892 a,
1723 1855 1796 1888 199
1812 1865 1842 1894 c,

1138 1918 1214 1952 292
1230 1929 1261 1957 e,
1286 1919 1359 1953 318
1376 1917 1410 1961 b,
1434 1919 1509 1953 357
1522 1929 1554 1958 c,
1573 1920 1649 1953 434
1664 1930 1694 1957 e,
1717 1919 1793 1953 452
1810 1929 1842 1959 e,

1137 1983 1212 2017 465
1232 1994 1264 2025 e,
1286 1983 1362 2018 469
1378 1982 1413 2021 (1,
1437 1985 1512 2018 533
1530 1994 1562 2024 a,
1585 1984 1661 2018 540
1678 1994 1741 2023 ce,
1764 1983 1841 2017 588

1136 2045 1171 2089 d,
1207 2048 1283 2083 675
1305 2059 1336 2088 e,
1372 2048 1448 2082 693
1471 2059 1502 2088 a,
1544 2048 1619 2083 784
1641 2059 1673 2088 e,
1709 2048 1782 2082 851
1807 2059 1843 2088 a,

1137 2112 1214 2147 864
1236 2111 1271 2152 d,
1312 2113 1388 2147 997
1410 2123 1440 2156 c,
1483 2112 1583 2147 1093
1605 2123 1636 2153 c,
1680 2113 1778 2147 1101
1803 2111 1841 2153 d,

1140 2177 1240 2211 1116
1263 2188 1295 2216 a,
1323 2175 1365 2211 M
1390 2177 1452 2221 49,
1475 2176 1538 2219 67,
1565 2175 1611 2211 iii.
1636 2178 1726 2218 422,
1750 2178 1840 2219 516,

1137 2241 1227 2282 568,
1263 2242 1353 2282 569,
1390 2243 1480 2284 570,
1515 2243 1603 2285 571,
1640 2242 1729 2282 595,
1763 2242 1841 2277 606

1134 2304 1227 2341 Non
1266 2305 1402 2342 sufficit
1431 2305 1478 2341 ad
1511 2305 1668 2341 salutem
1701 2305 1763 2341 ubi
1794 2305 1842 2341 sit

1135 2370 1242 2414 scias,
1266 2370 1331 2406 sed
1351 2382 1417 2417 per
1443 2370 1556 2406 fidem
1582 2369 1698 2406 intres
1722 2372 1796 2406 130
1817 2370 1841 2406 b

1135 2433 1257 2482 Super
1302 2434 1454 2471 Petrum
1505 2434 1661 2470 fundata
1702 2436 1773 2471 131
1816 2434 1842 2470 d

1133 2499 1273 2537 Christi
1293 2511 1428 2547 corpus
1450 2500 1526 2535 999
1548 2498 1606 2534 ab
1650 2498 1840 2534 Ecclesiae

1134 2564 1312 2611 dogmata
1329 2565 1401 2599 156
1411 2563 1446 2604 d,
1459 2565 1532 2599 168
1542 2575 1574 2603 a,
1591 2565 1666 2599 370
1677 2575 1708 2603 e,
1721 2565 1794 2599 491
1806 2575 1838 2605 c,

1134 2630 1211 2665 986
1228 2628 1263 2669 d,
1286 2630 1362 2664 990
1380 2640 1410 2668 e,
1428 2627 1472 2662 M
1490 2630 1553 2669 49,
1570 2626 1620 2663 iii.
1640 2629 1729 2672 492,
1747 2630 1839 2664 579.

1080 2692 1267 2728 Ecclesiae
1305 2692 1507 2740 praesules,
1539 2704 1560 2728 a
1587 2691 1696 2727 malis
1735 2692 1839 2728 blan-

1133 2757 1213 2799 diti,
1231 2769 1383 2804 parcere
1403 2770 1478 2793 non
1498 2757 1635 2793 debent
1657 2758 1732 2793 296
1750 2769 1783 2792 e.

1079 2828 1102 2842 “
1120 2823 1306 2870 Egressus
1319 2821 1341 2834 '’
1375 2822 1458 2858 Filii
1483 2821 1646 2858 Emissio
1673 2833 1692 2857 e
1714 2820 1838 2857 Patris

1132 2887 1305 2923 Essentia
1327 2890 1401 2924 447
1424 2887 1458 2923 d.
