2001 3257
285 104 367 144 116
684 104 736 145 B.
767 104 1045 146 GYRILLI
1085 106 1470 147 ALEXANDR.
1631 123 1700 148 xx,
1721 108 1783 158 16,
1803 120 1866 160 17.

280 235 382 266 πως
420 216 466 264 αἱ
504 219 737 279 γυναικῶν
770 219 861 265 εἱσι
895 216 1073 283 φρένες,
1101 219 1176 267 καὶ
1214 217 1510 282 ἀμελετήτως
1548 217 1710 285 ἔχουσι
1748 216 1867 283 πρὸς

281 293 336 345 τὸ
375 294 606 346 δύνασθαι
643 297 813 364 ῥᾳδίως
849 298 924 347 καὶ
959 302 1056 350 τοῖς
1094 299 1148 348 οὑ
1186 298 1381 365 σφόδρα
1420 299 1671 354 δυσκόλοις
1705 322 1860 366 προσ-

241 400 263 426 e
280 381 462 440 βαλεῖν,
489 379 564 427 καὶ
588 382 761 447 πολλῷ
786 401 839 443 γε
868 383 1033 429 πλεῖον
1059 383 1155 433 τοῖς
1182 379 1296 445 ὑπὲρ
1323 379 1472 445 λόγον
1499 381 1754 445 θαύμασιν.

215 537 262 574 16
280 531 398 579 ΛέΓει
436 533 543 591 αὐτῷ
582 535 604 576 ὁ
636 534 805 575 ἸΗσοῦο
841 533 1005 591 ΛΛαρία,
1057 532 1296 592 στραφεῖσα
1336 535 1381 576 δὲ
1418 535 1559 577 ἐκείνΗ
1598 538 1709 584 λέπει
1747 537 1865 592 αὐτῷ

346 614 537 671 ἑβραϊστί
579 615 820 668 Ῥαββουνί,
869 618 891 660 ὃ
942 616 1402 677 λέΓε-ῑταιλδιὸάσκαλε,
1450 618 1519 659 καὶ
1567 618 1906 676 Προσὲὃραμεν5

347 698 538 747 ἅψασθαι
576 698 720 740 αὐτοῦ.

356 815 514 862 Καλεῖ
534 810 653 878 πρὸς
678 812 935 878 ἐπίγνωσιν
961 812 1046 878 τὴν
1071 814 1427 882 ἐμφανεστέραν
1453 815 1541 880 ἤδη
1567 821 1650 866 τοῦ
1674 815 1864 881 γυναίου

277 890 359 942 τὸν
387 898 509 955 νοῦν,
544 893 708 945 ἑαυτὸν
740 894 789 945 δὲ
822 898 1046 961 παραθεὶς
1083 896 1415 950 ἀδιακωλύτως
1447 901 1509 951 εἰς
1545 897 1668 959 θεάν,
1697 896 1775 948 ἅτε
1807 895 1863 961 δὴ

276 976 351 1024 καὶ
378 975 617 1043 ἀγαπώσῃ
651 975 950 1043 γοργότερον,
976 979 1226 1045 μονονουχὶ
1259 980 1335 1028 καὶ
1369 984 1659 1030 καταιτιᾶται
1695 977 1864 1030 λοιπὸν

276 1056 330 1105 οὐ
363 1057 561 1122 μετρίως
596 1056 920 1122 μελλήσασαν
946 1063 1008 1112 εἷς
1034 1058 1087 1109 τὸ
1115 1058 1347 1110 δύνασθαι
1374 1065 1508 1123 νοεῖν,
1535 1060 1695 1127 ὅτιπερ
1726 1060 1864 1115 αὐτὸς
1886 1079 1936 1104 10

276 1137 343 1200 εἴη
384 1139 409 1187 ὁ
442 1139 672 1204 Χριστός·
729 1140 1006 1208 ὑπεμφαίνει
1043 1140 1136 1207 γάρ
1180 1164 1224 1192 τι
1264 1147 1475 1193 τοιοῦτον
1515 1143 1724 1196 καλέσας
1761 1144 1866 1193 ὀνο-

52 1226 217 1261 1084Α·
236 1236 258 1260 a
274 1221 438 1281 μαστί*
484 1221 512 1283 ἡ
540 1219 588 1270 δὲ
614 1222 814 1285 συνιήσί
839 1245 888 1272 τε
920 1226 1224 1290 παραχρῆμα,
1252 1225 1328 1274 καὶ
1354 1227 1449 1274 τῶν
1478 1226 1527 1275 ἐν
1553 1227 1718 1291 ἀρχαῖς
1751 1226 1863 1276 ὑπο-

274 1304 404 1368 ψιῶν
454 1302 510 1351 δι’
561 1302 703 1366 αὐτῆς
755 1302 844 1367 ἤδη
893 1306 977 1368 τῆς
1028 1305 1135 1358 θεάς
1181 1305 1555 1369 ἀποπηδήσασα,
1603 1305 1689 1370 τὴν
1740 1307 1865 1375 αὐτῷ

272 1381 456 1447 συνήθη
495 1382 731 1449 προσάγει
769 1384 907 1449 τιμὴν
932 1385 1172 1446 Ῥοιββουν)
1213 1386 1441 1452 λέγουσα,
1468 1387 1685 1439 τουτέστι
1715 1385 1860 1439 Διδά-

272 1477 441 1522 σκαλε,
483 1465 711 1530 θυμηδίας
750 1465 797 1516 δὲ
837 1470 921 1530 τῆς
965 1467 1189 1519 ἀνωτάτω
1231 1467 1313 1519 τὸν
1358 1473 1524 1520 οἰκεῖον
1565 1469 1862 1534 ἐμπλήσασα
1883 1496 1930 1535 15

270 1551 381 1596 νοῦν
415 1547 638 1612 προσέθει
665 1551 845 1614 θερμῶς
881 1550 1099 1618 ἁψομένη
1138 1573 1187 1601 τε
1226 1556 1309 1601 τοῦ
1349 1551 1485 1617 ἁγίου
1523 1551 1760 1615 σώματος,
1786 1554 1862 1603 καὶ

271 1625 358 1691 τὴν
384 1628 605 1693 εὐλογίαν
630 1632 925 1695 κερδανοῦσα
952 1629 1037 1695 τὴν
1061 1633 1171 1698 παρ’
1199 1633 1359 1683 αὑτοῦ.

206 1792 250 1832 17
270 1782 389 1830 ΛὲΓει
422 1783 528 1842 αὐτῇ
557 1785 580 1826 ὁ
601 1784 766 1827 ἸΗσοῡε
791 1785 864 1826 Nm
898 1801 978 1835 μου
1005 1788 1153 1829 ἅπτου·
1204 1788 1327 1829 οὔπω
1361 1788 1439 1846 Γὰρ
1477 1788 1721 1840 ἀναβὲβΗκα
1751 1790 1859 1848 Πρὸς

865 1868 937 1911 τὸν
963 1870 1138 1928 Πατέρα
1169 1885 1265 1920 μου.

224 1978 252 2018 b
346 1970 451 2020 Οὐκ
491 1969 775 2025 εὐκάτοπτος
814 1977 910 2026 τοῖς
948 1980 1151 2028 πολλοῖς
1184 1975 1211 2039 ἡ
1245 1981 1327 2026 τοῦ
1366 1975 1515 2042 λόγου
1550 1976 1756 2041 δύναμις,
1788 1977 1859 2029 κε’-
1879 2004 1930 2030 20

270 2073 471 2116 κρυπται
506 2051 600 2118 γὰρ
634 2055 681 2103 ἐν
713 2054 838 2123 αὐτῷ
872 2055 1148 2122 μυστήριον·
1200 2059 1523 2119 βασανιστέον
1555 2060 1597 2109 δ’
1627 2060 1708 2110 οῦν
1734 2059 1858 2123 ὅμως

268 2132 344 2183 διὰ
375 2132 429 2183 τὸ
464 2133 719 2200 χρήσιμον.
772 2141 995 2202 χαριεῖται
1031 2137 1123 2204 γὰρ
1160 2139 1270 2202 ἡμῖν
1308 2143 1402 2190 τῶν
1436 2141 1601 2191 ἑαυτοῦ
1636 2141 1859 2207 ῥημάτων

267 2212 354 2278 τὴν
380 2218 560 2278 γνῶσιν
586 2216 610 2265 ὁ
641 2216 828 2283 Κύριος.
869 2219 1078 2284 ἀπείργει
1116 2220 1201 2283 μὲν
1233 2220 1326 2287 γὰρ
1364 2222 1606 2290 ἐπιτρέχον
1644 2224 1769 2292 αὐτῷ
1803 2222 1858 2274 τὸ

267 2295 473 2360 γύναιον,
518 2299 592 2347 καὶ
637 2303 734 2352 τοῖς
776 2302 895 2350 ποσὶ
936 2303 1307 2368 περιπλέκεσθαι
1351 2305 1736 2370 προθυμούμενον
1774 2306 1857 2356 οὐκ

268 2379 337 2444 ἐᾷ·
393 2377 478 2442 τὴν
506 2379 561 2429 δέ
581 2402 634 2445 γε
660 2385 743 2430 τοῦ
769 2379 1050 2447 πράγματος
1085 2384 1235 2435 αἰτίαν
1262 2384 1470 2454 φανερὰν
1497 2387 1605 2450 ἡμῖν
1629 2386 1856 2440 καθιστάς
1878 2412 1926 2450 25

269 2458 413 2509 Οὔπω
452 2459 542 2531 γὰρ
584 2463 858 2522 άνσιβεβηκοι
897 2464 1004 2533 πρὶς
1044 2463 1109 2517 ro)
1150 2467 1330 2536 Πατέρα
1372 2491 1463 2531 μου
1505 2469 1670 2536 φησίν.
1726 2468 1857 2519 ἀλλὰ

268 2541 318 2590 τί
351 2539 408 2604 δὴ
447 2547 584 2591 τοῦτο
624 2544 799 2607 δηλοῦν
834 2545 1106 2610 οἰησόμεθα,
1146 2547 1378 2613 ζητητέον.
1435 2549 1485 2601 τί
1519 2550 1611 2615 γὰρ
1641 2554 1678 2600 εἰ
1715 2548 1856 2614 μήπω

314 2678 347 2712 3.
373 2669 512 2702 πολλῶν
531 2669 572 2703 F..
774 2683 806 2713 4.
834 2672 870 2705 δε
889 2678 1114 2719 assumptum
1133 2688 1174 2709 ex
1195 2676 1224 2710 E
1244 2677 1293 2721 (D
1309 2676 1357 2721 N).
1562 2686 1596 2722 5.
1562 2678 1780 2722 5ἑβραϊστὶ
1798 2691 1853 2713 as-

272 2721 456 2759 sumptum
474 2728 514 2748 ex
536 2716 575 2751 E.
641 2718 694 2750 καὶ
714 2718 952 2763 προσέδραμεν
969 2721 1129 2766 ἅψασθαι
1146 2723 1249 2756 αὐτοῦ
1267 2723 1372 2757 habet
1391 2723 1417 2757 F
1434 2724 1470 2766 (N
1488 2735 1593 2757 manu
1611 2725 1733 2768 castig.
1752 2725 1854 2760 Vers.

269 2760 348 2805 Syr.
370 2762 536 2805 Heracl.).
727 2764 760 2796 8.
787 2766 903 2808 παρεὶς
924 2766 952 2799 Ι.
971 2778 1001 2801 a.
1204 2781 1256 2804 10.
1281 2769 1485 2813 μελήσασαν
1504 2770 1544 2804 Ε.
1551 2770 1578 2804 Ι.
1597 2782 1627 2804 a.
1701 2771 1752 2804 ὅτι
1769 2771 1850 2828 περ]

267 2806 319 2840 ὅτι
334 2808 374 2851 δὴ
396 2808 422 2841 Ι.
441 2820 471 2843 a.
723 2822 776 2843 11.
802 2812 820 2844 ὁ
837 2819 1058 2856 assumptum
1078 2826 1118 2848 ex
1139 2815 1167 2850 I.
1186 2828 1216 2849 a.
1289 2816 1425 2859 ὀνόματι
1446 2816 1474 2850 Ι.
1715 2829 1767 2860 14.
1793 2817 1853 2862 ῥα-

265 2854 362 2894 βουνὶ
380 2854 474 2889 Aub.
669 2855 721 2889 16.
747 2856 906 2901 ἁψαμένη
926 2858 968 2892 Ε.
1147 2873 1202 2896 22.
1228 2863 1330 2896 αὐτοῦ
1349 2863 1379 2896 Ι.
1561 2874 1616 2906 23.
1641 2878 1703 2908 μεν
1720 2876 1789 2898 om.
1810 2865 1852 2899 Ε.

266 2900 371 2935 habet
388 2907 426 2935 ut
444 2901 513 2936 vid.
535 2901 561 2937 I.
753 2903 807 2937 26.
833 2919 925 2947 μου
916 2912 1137 2950 assumptum
1156 2920 1197 2942 ex
1217 2909 1257 2943 Ε.
1277 2908 1372 2943 deest
1391 2915 1429 2943 ut
1447 2909 1516 2944 vid.
1536 2910 1571 2943 in
1595 2910 1618 2945 Ι
