2001 3257
274 130 355 169 174
494 128 542 167 B.
578 127 827 167 CYRILLI
865 125 1219 166 ALEXANDR.
1259 124 1634 165 FRAGMENTA
1713 124 1738 163 i.
1760 138 1798 179 3,
1815 138 1855 174 4.

153 211 252 247 lM.

45 272 249 328 Keqbassg.
269 275 374 331 Περὶ
411 278 485 315 τοῦ
525 271 615 314 υἷοῦ
655 272 799 323 αὐτοῦ,
833 276 907 313 τοῦ
946 271 1176 319 Γενομένου
1214 271 1261 311 ἐκ
1300 270 1542 327 σπέρματος
1578 268 1710 319 Δαβίὃ
1750 268 1856 310 κατὰ

271 408 526 454 ἀνθρωπότητος
553 404 702 449 ἵστησιν,
722 404 909 449 ἀνακομίζει
938 403 973 437 δέ
1002 401 1122 438 ταύτας
1151 403 1197 438 εἷς
1220 402 1349 446 ἀξίωμα
1375 402 1413 436 τὸ
1439 401 1621 447 θεοπρεπὲς
1639 403 1697 436 τοῦ
1717 400 1758 435 δι’
1778 400 1862 444 ἡμᾶς

271 462 450 508 γεγονότος
472 460 546 494 καθ’
568 459 652 503 ἡμᾶς
671 474 707 493 τε
727 459 779 493 καὶ
799 458 833 491 ἐν
853 457 938 501 ἡμῖν.
979 459 996 491 ὁ
1015 457 1081 503 γὰρ
1097 459 1156 490 τοῦ
1177 458 1263 490 Θεοῦ
1283 457 1419 501 Πατρὸς
1437 454 1633 501 ἀπορρήτως
1653 454 1734 489 κατὰ
1753 453 1862 499 φύσιν

271 514 490 562 γεγενημένος
508 514 586 548 Υἱὸς
606 512 808 558 Μονογενὴς,
829 513 847 545 ὁ
866 513 925 545 τοῦ
950 510 1108 557 γενέσθαι
1136 510 1293 556 κρείττων
1320 510 1364 545 ὡς
1384 509 1479 550 Θεὸς,
1499 508 1702 554 γεγενῆσθαι
1728 507 1863 554 λέγεται

272 567 325 603 καὶ
344 569 378 602 ἐκ
398 566 592 612 σπέρματος
611 564 732 600 Δαυεὶδ
758 565 840 599 κατὰ
865 565 986 609 σάρκα,
1008 565 1140 599 πάντως
1158 578 1225 598 που
1245 564 1303 597 τὸν
1322 563 1357 597 ἐκ
1382 564 1439 606 τῆς
1467 563 1563 608 ἁγίας
1591 561 1757 608 παρθένου
1786 562 1863 596 ναὸν

272 621 357 656 ἴδιον
375 619 553 666 ἀποφήνας
573 623 670 663 σῶμα
689 620 742 653 καὶ
761 618 1014 661 οἷκειωσάμενος
1033 617 1165 661 ἀληθῶς
1184 619 1287 663 ἤγουν
1305 617 1432 651 ε’νώσας
1452 617 1557 663 ἑαυτῷ
1580 617 1618 649 τὸ
1645 614 1789 660 ληφθὲν,
1808 613 1861 649 ἵνα

272 676 316 719 μὴ
355 676 463 709 νοοῖτο
497 674 531 708 ἐν
568 673 732 720 ἀνθρώπῳ
770 672 965 720 κατῳκηκὼς
1001 670 1078 705 ἀλλ’
1113 671 1308 716 αὐτόχρημα
1337 671 1483 716 γεγονὼς
1513 669 1696 714 ἅνθρωπος.
1755 666 1862 713 Quae

273 730 486 776 sequuntur
512 726 581 762 hac
607 725 646 761 in
677 725 821 762 Catena
850 728 941 760 sunt
972 736 991 760 e
1022 722 1316 771 Prosphonetico
1345 722 1391 758 (le
1420 723 1522 758 recta
1543 721 1638 758 Fide
1665 720 1714 757 ad
1734 720 1857 757 Theo-

273 781 423 818 dosium
454 780 730 829 Imperatorem
759 791 819 827 pp.
847 791 906 823 22,
931 789 990 825 23.

329 834 408 871 Fol.
438 836 482 870 16
513 836 565 869 καὶ
594 834 809 878 ἐπειδὴ-τὸ
837 835 966 877 πνεῦμα
993 832 1164 878 χαρίζεται
1197 835 1287 867 sunt
1316 843 1335 866 e
1366 829 1513 866 Comm.
1544 828 1584 864 in
1614 828 1651 865 S.
1672 828 1861 864 Joannem

274 903 310 938 p.
331 897 428 936 1097
452 905 458 924 ;
481 887 542 924 fol.
567 896 610 934 17
634 900 668 923 v.
691 890 708 921 ὁ
728 885 1124 933 Χριστὸς-Πνεὺματος
1144 889 1232 921 sunt
1248 897 1267 920 e
1283 883 1434 932 dialogo
1454 893 1472 930 7
1496 882 1543 919 ad
1565 882 1696 919 Herm.
1717 883 1793 929 674
1814 894 1860 918 a:

275 943 340 980 fol.
365 955 412 979 20
441 943 588 986 πλείστη
615 942 650 976 δὲ
679 939 1083 986 τῆς-ἆναδεδειγμένους
1112 952 1130 975 e
1159 937 1308 987 dialogo
1331 939 1365 982 6,
1394 950 1430 986 p.
1450 938 1550 984 589:
1582 936 1644 973 fol.
1667 948 1711 972 21
1747 937 1776 970 εἶ
1797 937 1864 983 γὰρ

275 999 437 1032 -πάντα
456 997 598 1042 ἐνεργῶν
616 1007 635 1030 e
657 994 849 1030 Thesauro
874 994 946 1029 268
968 1006 989 1029 a
1004 993 1039 1029 b.

330 1050 383 1086 Et
412 1048 553 1086 scholia
582 1052 748 1097 quatuor
775 1046 850 1084 alia
879 1059 974 1095 quae
1000 1046 1123 1083 adhue
1152 1046 1253 1083 inter
1282 1058 1396 1095 opera
1424 1057 1501 1081 non
1530 1043 1659 1081 inveni
1688 1042 1862 1080 exhibeo.

278 1105 325 1140 In
346 1117 424 1140 vor.
453 1105 497 1139 18
529 1116 547 1139 C
568 1102 630 1139 fol.
654 1103 702 1147 36
734 1101 895 1147 κυρίλλου
925 1102 960 1135 ἐκ
987 1105 1054 1135 τῶν
1083 1101 1245 1146 σχολίων.
1303 1101 1366 1135 Καὶ
1396 1099 1644 1144 κατεσχήκασιν
1673 1099 1710 1133 ἐν
1741 1094 1864 1146 ἀδικίᾳ

276 1160 341 1204 τὴν
369 1157 553 1204 ἀλήθειαν,
576 1158 628 1192 καὶ
658 1155 831 1202 ἀλήθειαν
857 1156 916 1199 μὲν
937 1152 1017 1190 εἶναι
1037 1155 1096 1198 τὴν
1115 1155 1205 1200 παρὰ
1225 1157 1311 1189 Θεοῦ
1339 1157 1476 1200 γνῶσιν,
1498 1150 1640 1188 ἀδικίαν
1670 1152 1704 1186 δέ
1733 1150 1784 1196 αὖ,
1806 1151 1865 1196 τὴν

277 1214 357 1247 κατὰ
389 1214 446 1256 τῆς
479 1213 596 1246 ἑαυτοῦ
636 1210 733 1253 δόξης
761 1209 906 1244 ἀνοσίως
935 1208 1167 1252 ἐπινοηθεῖσαν
1195 1210 1372 1252 πλάνησιν·
1411 1207 1518 1241 ἀδικία
1546 1207 1611 1252 γὰρ
1641 1207 1693 1240 καὶ
1723 1205 1864 1251 σφόδρα

277 1267 420 1306 εἰκότως,
449 1267 488 1299 τὸ
517 1265 674 1299 ἀνάπτειν
702 1265 740 1307 τῇ
772 1263 880 1297 κτίσει
907 1264 945 1296 τὸ
975 1262 1091 1303 σέβας.
1132 1261 1209 1296 ἀλλ’
1229 1261 1263 1296 οἵ
1288 1277 1327 1308 γε
1356 1263 1458 1295 ταῦτα
1485 1260 1626 1305 δρῶντες
1649 1260 1788 1294 καὶτοῖς
1807 1260 1865 1302 τῆς

277 1320 402 1356 ἀδικίας
430 1320 566 1364 τρόποις
591 1318 764 1352 ἐθέλοντες
788 1318 998 1351 πλεονεκτεῖν
1016 1315 1081 1360 τὴν
1107 1314 1280 1361 ἀλήθειαν
1299 1316 1429 1350 ποιναῖς
1455 1315 1513 1349 τὰς
1542 1315 1666 1348 ἑαυτῶν
1694 1313 1865 1358 ὑπάγουσι

277 1374 438 1420 κεφαλάς.
477 1371 515 1416 ἧν
533 1372 598 1418 γὰρ
618 1371 748 1415 ι’ίμεινον
768 1372 806 1404 τὸ
831 1372 889 1414 τῆς
911 1370 1067 1410 ἀληθείας
1086 1369 1376 1415 περιαθρήσαντας
1396 1369 1521 1403 κάλλος
1540 1368 1591 1401 καὶ
1611 1368 1668 1401 τὸν
1686 1366 1785 1400 τοῦδε
1804 1368 1865 1400 τοῦ

275 1428 398 1463 παντὸς
426 1426 579 1472 τεχνίτην
608 1426 835 1468 ἐννενοηκότας
864 1425 952 1471 αὐτῷ
977 1424 1029 1458 καὶ
1047 1424 1137 1471 μόνῳ
1156 1423 1382 1469 προσκεῖσθαι
1402 1423 1518 1467 φιλεῖν
1536 1421 1587 1455 καὶ
1612 1420 1656 1464 μὴ
1684 1421 1722 1455 τὸ
1750 1421 1866 1455 ἁπλῶς

276 1482 408 1528 ἑκάστῳ
437 1481 555 1514 δοκοῦν
583 1478 738 1525 ἡγεῖσθαι
766 1480 859 1512 Θεόν.
891 1481 961 1513 πῶς
981 1477 1016 1511 δέ
1043 1478 1094 1511 καὶ
1123 1477 1195 1511 τίνα
1225 1478 1358 1522 τρόπον,
1387 1474 1600 1521 ἀφηγήσεται
1629 1474 1740 1520 λέγων
1767 1474 1865 1509 αὐτός

278 1534 379 1570 Διὸτι
400 1534 440 1569 τὸ
458 1533 615 1581 γνωστὸν
640 1533 701 1567 τοῦ
723 1533 813 1566 Θεοῦ
842 1529 995 1578 φανερόν
1015 1532 1113 1565 ἐστιν
1133 1532 1170 1566 ἐν
1196 1529 1329 1569 αὐτοῖς·
1367 1530 1387 1563 ὁ
1417 1529 1505 1568 Θεὸς
1529 1529 1600 1575 γὰρ
1627 1526 1748 1566 αὐτοῖς
1774 1528 1862 1572 ε’ᾠα-

278 1588 438 1636 νέρωσεν.
477 1590 529 1622 καὶ
557 1586 674 1622 τίποτέ
698 1601 733 1620 τε
760 1587 834 1620 ἐστὶ
862 1585 904 1620 τὸ
932 1584 1089 1633 γνωστὸν
1113 1585 1175 1620 τοῦ
1205 1585 1308 1623 Θεοῦ,
1340 1583 1425 1629 φέρε
1450 1583 1488 1627 δὴ
1513 1581 1783 1628 καταθρὴσωμεν.
1814 1581 1865 1615 ὅτι

276 1644 337 1687 μὲν
365 1643 430 1688 γάρ
460 1643 535 1676 ε’στι
564 1643 658 1681 Θεὸς,
688 1639 944 1680 πεπιστεύκασι,
973 1639 1006 1673 τί
1034 1639 1069 1672 δέ
1099 1639 1180 1673 κατὰ
1209 1637 1318 1684 φύσιν
1346 1638 1440 1671 ἐστιν
1468 1635 1711 1679 ἐξεπίστασθαι
1738 1635 1798 1679 μὲν
1826 1635 1865 1669 οὐ

278 1697 380 1741 θέμις7
408 1698 541 1741 μᾶλλον
570 1695 605 1729 δέ
635 1695 686 1728 καὶ
715 1693 895 1739 ἀμήχανον·
933 1694 1226 1738 πολυπραγμονεῖν
1256 1692 1290 1725 δὲ
1320 1692 1378 1725 οὐκ
1407 1690 1552 1733 ἀζήμιον·
1593 1689 1658 1724 ἀπὸ
1678 1688 1716 1722 δέ
1737 1703 1777 1734 γε
1800 1691 1865 1723 τῶν

277 1752 393 1785 ἐνεῖναι
412 1749 684 1793 πεπιστευμένων
703 1748 792 1796 αὐτῷ
813 1750 948 1793 φυσικῶ
967 1744 1053 1795 (Sic)
1075 1745 1127 1780 καὶ
1147 1747 1190 1781 ὡς
1211 1746 1246 1779 ἐν
1263 1745 1354 1788 τάξει
1373 1746 1476 1789 τυχὸν
1496 1744 1662 1789 ὑπεροχῆς
1687 1743 1737 1776 καὶ
1763 1742 1864 1786 ἀξιώ-

276 1820 379 1848 ματος
408 1802 634 1849 ἐμπρέποντας
662 1802 760 1848 αὐτῷ,
782 1801 841 1835 κᾶν
865 1803 947 1846 γοῦν
967 1801 1012 1836 εἷς
1033 1800 1192 1845 ἡμετέραν
1211 1799 1403 1845 μετάληψιν
1421 1799 1479 1840 τῆς
1505 1797 1696 1843 ἀπορρήτου
1725 1797 1866 1842 φύσεως

277 1859 381 1892 αὐτοῦ
409 1855 680 1902 πεποδηγὴμεθα.
726 1856 845 1889 οὐκοῦν
872 1853 1136 1899 πεφανερῶσθαί
1166 1855 1275 1899 φησιν
1294 1851 1415 1891 αὐτοῖς
1442 1853 1484 1886 τὸ
1502 1850 1659 1897 γνωστὸν
1677 1850 1739 1885 τοῦ
1761 1850 1862 1891 Θεοῦ,

277 1911 451 1946 τουτέστιν
470 1910 553 1955 ὅπερ
573 1908 611 1953 ἧν
641 1908 803 1943 δύνασθαι
833 1910 919 1942 νοεῖν
947 1908 1024 1953 περὶ
1053 1908 1154 1941 αὐτοῦ
1175 1908 1255 1941 κατά
1274 1921 1313 1952 γε
1338 1908 1376 1940 τὸ
1405 1906 1542 1951 ἐφικτὸν
1567 1907 1606 1948 τῇ
1636 1903 1865 1949 ἀνθρωπότητι

278 1966 408 2010 μέτρον.
445 1967 543 1998 τοῦτο
573 1962 610 1997 δέ
636 1963 730 1997 ἐστιν
760 1964 803 1997 ὡς
832 1963 918 2008 ἕφην
946 1963 984 1996 τὸ
1014 1961 1132 1995 εἰδέναι
1161 1961 1220 2005 μὲν
1247 1961 1290 1996 ὡς
1319 1961 1461 2006 ὑπάρχει
1486 1959 1579 1999 Θεὸς,
1600 1958 1643 2001 μὴ
1662 1958 1725 2002 μὴν
1744 1958 1792 1991 ἔτι
1813 1957 1865 1991 καὶ

279 2018 468 2064 ἀνορύττειν
488 2017 578 2053 ὅπως
597 2016 615 2060 ἢ
637 2018 716 2050 κατὰ
736 2018 808 2050 τίνα
828 2018 952 2061 τρόπον
971 2017 1074 2049 ἔστιν.

333 2071 382 2107 Iu
402 2084 498 2108 vers.
523 2082 570 2106 20
592 2083 611 2105 e
631 2069 694 2105 fol.
718 2079 764 2116 37
789 2082 821 2106 V.
852 2069 1013 2115 'Ao'pm-ov
1038 2068 1147 2102 τοίνυν
1172 2071 1232 2102 τοῦ
1252 2070 1350 2110 Θεοῦ,
1370 2067 1429 2111 τὴν
1455 2066 1582 2111 σοφίαν
1601 2066 1703 2100 αὐτοῦ
1729 2066 1780 2098 καὶ
1806 2064 1866 2109 τὴν

279 2126 415 2169 δύναμιν
435 2128 538 2160 καλεῖ·
568 2127 671 2158 ταῦτα
690 2125 755 2170 γὰρ
775 2124 939 2167 κτίσματα
959 2123 1136 2167 καθορᾶται
1163 2121 1330 2166 νοούμενα,
1365 2121 1449 2166 φαίη
1477 2122 1560 2166 γοῦν
1588 2120 1628 2153 fin
1655 2133 1704 2154 τις
1732 2119 1864 2165 ἑκάστῳ

278 2184 344 2214 τῶν
362 2178 586 2224 πλανωμένων
605 2178 819 2220 Τεθαύμακας
844 2180 890 2224 τῷ
916 2176 1022 2212 οὕτως
1044 2174 1128 2219 (Sic)
1157 2177 1215 2210 τὸν
1234 2175 1421 2221 ἄνθρωπον,
1442 2175 1486 2210 ὡς
1511 2173 1738 2219 ὑπερμεγέθης
1757 2187 1792 2206 τε
1812 2173 1864 2206 καὶ

278 2234 386 2270 πολὺς
406 2234 467 2276 ὅλῃ
486 2232 700 2277 περικέχυται
721 2234 759 2275 τῇ
780 2234 835 2278 γῆ,
858 2230 895 2275 ἣν
915 2231 1051 2276 κέντρου
1072 2230 1163 2272 δίκην
1182 2231 1251 2265 τοῖς
1270 2230 1484 2272 μεσαιτάτοις
1503 2226 1698 2272 ἐνεδρύσθαι
1721 2223 1862 2274 (legen-

279 2287 371 2322 dum
405 2285 614 2331 ἐνιδρὺσθαι)
648 2288 707 2319 τοῦ
738 2285 835 2330 ἀέρος
868 2286 1002 2319 κόλποις
1031 2282 1236 2318 πιστεύεται·
1275 2284 1380 2328 λόγου
1414 2282 1449 2315 δὲ
1477 2278 1567 2325 οἶμαι
1595 2281 1718 2316 παντὸς
1750 2280 1865 2322 ἀξιοῦν

280 2343 440 2387 ὁμολογεῖ
468 2341 527 2374 τὸν
556 2339 651 2383 ἡλίου
681 2338 811 2383 κύκλον,
840 2338 898 2381 τὴν
926 2339 1155 2383 λαμπρότητα,
1185 2338 1243 2370 τὸν
1272 2337 1407 2381 δρόμον·
1443 2333 1641 2380 προσθὴσῃς
1670 2334 1705 2368 δέ
1733 2334 1864 2369 πάντως

281 2394 424 2438 σελήνην
443 2395 495 2428 καὶ
515 2394 572 2427 τὸν
593 2393 736 2438 διαφανῆ
758 2397 824 2426 τῶν
844 2391 997 2435 ἀστέρων
1014 2391 1128 2436 χορὸν,
1149 2390 1226 2424 ἀλλ’
1247 2390 1323 2423 οὐδὲ
1345 2389 1428 2423 αὐτὰ
1449 2389 1646 2434 παρελάσῃς
1664 2386 1862 2430 ἀθαύμαστα

280 2449 320 2481 τὰ
348 2449 401 2482 ἐπὶ
426 2449 483 2490 τῆς
508 2448 579 2492 γῆς.
623 2445 685 2491 ῗιρα
713 2445 770 2480 οὖν
789 2446 928 2491 ἐροῦμεν
947 2444 1117 2490 παρῆχθαι
1136 2446 1237 2477 ταῦτα
1263 2444 1347 2489 πρὸς
1369 2442 1514 2488 γένεσιν,
1537 2441 1611 2485 οὐχὶ
1630 2441 1734 2483 πάντη
1754 2454 1790 2473 τε
1811 2440 1862 2472 καὶ

280 2503 412 2536 πάντως
438 2501 472 2534 ἐν
492 2501 600 2545 σοφίᾳ
620 2501 672 2533 καὶ
699 2500 834 2543 δυνάμει
855 2501 963 2537 Θεοῦ;
995 2500 1098 2544 ἤγουν
1118 2498 1191 2531 ἐστὶ
1210 2499 1274 2532 πᾶς
1293 2496 1446 2541 τεχνίτης
1465 2495 1503 2529 οὐ
1524 2495 1605 2528 κατά
1619 2508 1658 2538 γε
1678 2493 1736 2536 τὴν
1755 2492 1863 2538 φύσιν

281 2555 326 2588 ὧν
354 2555 394 2587 ἂν
422 2554 538 2587 ἕλοιτο
569 2554 787 2598 δημιουργεῖν,
818 2551 895 2586 ἀλλ’
915 2553 1029 2596 ἑτέρας
1056 2566 1121 2585 που
1149 2552 1280 2585 πάντως
1309 2549 1551 2594 ὑπερκειμένης,
1570 2550 1641 2582 πῶς
1666 2546 1863 2591 ἀμφίβολον

281 2607 331 2641 ὅτι
357 2607 511 2652 φθαρτὴν
530 2607 676 2650 ἐχόντων
696 2607 753 2649 τὴν
776 2604 884 2650 φύσιν
903 2609 968 2638 τῶν
989 2603 1276 2649 παρυπηργμένων
1295 2603 1340 2637 εἷς
1367 2602 1500 2646 γένεσιν
1526 2599 1579 2635 καί
1604 2599 1810 2642 κεκλημένων
1829 2600 1863 2633 ἐν

279 2662 390 2708 χρόνῳ
410 2661 493 2704 πρὸς
514 2658 666 2702 ὕπαρξιν,
687 2660 781 2692 ἔσται
800 2673 864 2693 που
884 2660 1015 2693 πάντως
1031 2656 1160 2690 Ψοὺτων
1179 2656 1379 2701 δημιουργὸς
1397 2654 1571 2700 ἄφθαρτος
1590 2654 1642 2687 Καὶ
1663 2652 1777 2692 ἆέίῧῑῦς
1796 2665 1806 2698 ,“

335 2713 380 2748 Il]
403 2725 496 2748 vers.
516 2725 533 2747 2
546 2724 558 2746 Ι
584 2724 603 2747 o
624 2711 686 2746 fol.
707 2723 754 2758 39
771 2724 806 2747 V.
829 2712 956 2745 Οὐκοῦν
968 2710 1123 2753 οὐδεμίαν
1138 2709 1340 2755 εὑρήσουσιν
1354 2708 1541 2753 ἀπολογίαν
1554 2706 1589 2740 ἐν
1604 2706 1707 2751 ἡμέρᾳ
1722 2708 1780 2749 τῆς
1794 2706 1862 2751 κρί-

280 2783 366 2803 σεως
385 2765 445 2817 (Cf.
463 2767 544 2812 176.
560 2764 636 2812 10),
652 2764 744 2800 διότι
759 2764 901 2811 γνόντες
916 2764 976 2799 τὸν
992 2763 1090 2806 Θεὸν,
1104 2763 1259 2796 τουτέστι
1273 2762 1331 2805 τὴν
1345 2764 1403 2795 τοῦ
1420 2763 1506 2794 Θεοῦ
1521 2761 1622 2804 δόξαν
1637 2760 1688 2793 καὶ
1705 2759 1744 2793 δι’
1761 2761 1862 2803 αὐτῆς

279 2826 344 2855 τῶν
368 2823 555 2867 γεγονότων
579 2816 810 2865 μεγαλοφυΐας
836 2817 1055 2863 ἀθρήσαντες,
1077 2816 1143 2862 οὔχ
1166 2817 1211 2855 ὡς
1233 2816 1321 2850 Θεὸν
1339 2813 1515 2857 ἐδόξασαν
1533 2812 1555 2859 ἢ
1575 2810 1862 2860 ηὐχαρίστησαν,

279 2873 361 2909 ἀλλ’
383 2872 657 2922 ἐματαιώθησαν
681 2873 717 2906 ἐν
740 2871 815 2910 τοῖς
834 2869 1088 2917 διαλογισμοῖς
1118 2869 1230 2904 αὐτῶν
1259 2866 1319 2903 καὶ
1348 2865 1540 2913 ἐσκοτίσθη
1561 2867 1584 2912 ἡ
1607 2866 1776 2905 ἀσύνετος
1800 2866 1861 2901 αὖ-

278 2930 344 2963 τῶν
370 2925 510 2974 καρδία.
546 2927 649 2960 καίτοι
679 2926 743 2971 γὰρ
772 2924 994 2971 ἢκριβωκότες
1020 2923 1103 2969 ι’ίγαν
1126 2924 1242 2969 ὥσπερ
1268 2921 1325 2956 οὖν
1348 2920 1471 2956 οἴονται
1496 2922 1555 2956 τὰς
1574 2923 1639 2954 τῶν
1659 2920 1862 2966 πραγμάτων
