1981 3267
284 122 338 162 14
686 119 734 160 B.
771 118 1048 160 CYRILLI
1090 118 1475 159 ALEXANDR.
1642 118 1756 160 xviii.
1783 132 1815 169 ῐ,
1836 131 1873 160 2.

360 234 418 281 Εἰ
463 229 512 280 δὲ
564 228 744 294 ἀληθὴς
789 230 814 280 ὁ
857 228 1003 293 λόγος
1050 230 1125 278 καὶ
1170 227 1513 297 ἀναμφιλόγως
1564 226 1874 294 παραδεκτὸν,

283 312 354 364 ὅτι
393 315 548 379 Πατρὶ
587 310 670 375 μὲν
706 313 731 362 ὁ
766 310 894 373 Υἱὸς,
927 309 1043 364 Υἱὸς
1084 308 1133 360 δὲ
1169 310 1228 360 αὖ
1270 309 1419 360 πάλιν
1453 313 1520 379 τῷ
1560 312 1714 376 Πατρὶ
1751 332 1869 360 συν-

283 394 458 446 νοεῖταί
504 417 554 445 τε
599 396 674 445 καὶ
716 392 1068 458 συνεισάγεται,
1109 392 1186 442 καὶ
1229 391 1553 459 συνειστρέχει
1594 392 1649 442 δι’
1697 393 1876 459 ἀμφοῖν

281 477 310 540 ἡ
346 475 564 542 ἑκατέρου
600 479 796 542 γνῶσις·
852 478 954 528 πῶς
993 474 1058 525 ε”τι
1097 473 1277 536 ποίημα
1316 472 1436 523 κατά
1477 496 1605 526 τινας
1643 477 1737 524 τῶν
1769 475 1877 524 ἀνο-

239 559 404 612 ὺσίων
439 559 569 609 ἐστὶν
605 559 629 608 ὁ
665 556 810 618 Υἱόςς
863 555 982 608 Υἱὸν
1023 555 1109 620 μὲν
1140 554 1233 621 γὰρ
1273 554 1315 605 εἴ
1349 578 1418 608 τις
1455 555 1602 620 λέγοι,
1645 554 1730 619 τὴν
1771 557 1918 622 περὶ5

285 639 478 707 Πατρὸς
504 640 688 704 ἐνέθηκε
714 644 896 706 γνῶσιν
922 643 1018 693 τοῖς
1044 637 1374 704 ἀκροωμένοις·
1420 638 1600 701 ποίημα
1627 635 1674 688 δὲ
1701 636 1874 700 ὀνομά-

283 747 377 777 σας
414 727 476 777 εἷς
515 723 695 774 ἔννοιαν
733 723 956 790 ἀναφέρει
995 726 1077 772 τοῦ
1115 718 1408 784 ποιήσαντος
1448 717 1578 770 αὐτό.
1632 717 1789 783 ἐπειδὴ
1829 718 1878 770 δὲ

285 806 479 873 Πατέρα
518 810 655 857 καλεῖ
687 803 772 855 τὸν
811 804 936 855 Θεὸν
969 804 994 854 ὁ
1019 801 1148 864 Υἱὸς,
1184 802 1238 852 οὐ
1275 800 1474 867 ποιητὴν
1512 799 1541 866 ἢ
1577 799 1876 867 δημιουργὸν,

284 887 377 939 οἶδε
405 887 626 953 δηλονότι
652 887 860 954 γέννημα
886 885 1007 937 κατὰ
1033 883 1260 950 ἀλήθειαν
1287 883 1453 935 ἑαυτὸν
1477 883 1764 951 ὑπάρχοντα.
1805 882 1876 934 διὸ

285 971 458 1022 νοεῖταί
478 993 528 1022 τε
554 972 629 1021 καὶ
655 970 787 1021 ἔστιν
813 970 838 1020 ὁ
865 968 981 1023 Υἱὸς
1008 967 1117 1031 υἱὸς,
1144 969 1221 1018 καὶ
1247 967 1301 1018 οὐ
1324 967 1502 1032 ποίημα
1529 965 1629 1017 κατ’
1657 967 1872 1019 ἐκείνους·
1899 995 1948 1020 10

284 1054 340 1104 δι’
369 1052 394 1104 ὃ
432 1052 627 1117 ποιητὴς
655 1053 679 1103 ὁ
714 1056 864 1104 ποιῶν
899 1053 975 1102 καὶ
1011 1050 1164 1102 οὐκέτι
1201 1049 1373 1115 πατήρ.
1421 1047 1634 1113 ἀδικήσει
1661 1047 1709 1098 δὲ
1744 1047 1877 1098 οὐδὲν

283 1135 369 1199 τὴν
407 1141 490 1186 τοῦ
535 1135 685 1200 λόγου
727 1135 937 1199 δύναμιν,
976 1133 1030 1185 τὸ
1073 1135 1148 1184 καὶ
1190 1133 1261 1201 ἐφ’
1296 1131 1429 1196 ἡμῶν
1468 1129 1691 1198 τετάχθαι
1731 1128 1877 1197 τυχὸν

243 1235 265 1262 0
284 1217 337 1269 τὸ
364 1221 446 1282 τῆς
478 1217 759 1284 γεννήσεως,
785 1217 888 1281 ἤτοι
926 1214 981 1267 τὸ
1021 1218 1104 1279 τῆς
1140 1214 1354 1279 υὶότητος
1388 1213 1550 1277 ὄνομα.
1601 1212 1662 1264 τὰ
1686 1211 1779 1279 γάρ
1805 1235 1877 1263 τοι

281 1301 450 1366 κυρίως
481 1323 531 1352 τε
558 1302 633 1351 καὶ
669 1302 823 1354 Ζδικῶς
850 1296 1128 1361 ἀνακείμενά
1165 1320 1215 1348 τε
1254 1299 1330 1347 καὶ
1369 1296 1616 1363 προσόντα
1650 1299 1718 1365 τῷ
1757 1294 1877 1346 κατὰ

281 1382 433 1451 φύσιν
476 1386 591 1453 weg),
637 1388 786 1433 ταῦτα
836 1383 910 1432 καὶ
962 1381 1036 1450 ἐφ’
1083 1380 1204 1444 ἡμᾶς
1256 1379 1590 1443 κατεκομίσθη,
1640 1378 1876 1432 πολλάκις
1900 1400 1947 1437 15

281 1464 687 1533 κατακεχρημένης
718 1464 825 1516 ἔσθ’
869 1463 947 1515 ὅτε
983 1465 1066 1527 τῆς
1099 1463 1236 1529 ἁγίας
1274 1465 1464 1530 γραφῆς
1504 1463 1580 1512 καὶ
1621 1465 1717 1514 τοῖς
1757 1460 1878 1512 κατὰ

281 1548 415 1600 θέσιν
443 1552 553 1602 υἱοῖς
580 1546 639 1599 τὰ
673 1553 756 1599 τοῦ
790 1544 910 1598 κατὰ
945 1546 1096 1614 φύσιν
1121 1544 1438 1611 περιτιθείσης
1471 1543 1576 1595 ἔσθ’
1606 1542 1699 1594 ὅτε.
1754 1547 1872 1594 θαυ-

277 1631 468 1695 μαστὸν
493 1630 541 1682 δὲ
574 1630 720 1693 οὐδὲν,
748 1633 785 1680 εὶ
812 1631 888 1680 καὶ
920 1627 1005 1692 τὴν
1040 1633 1123 1679 τοῦ
1162 1626 1452 1693 γεννήματος
1492 1625 1727 1694 ε’λοίχομεν
1753 1629 1872 1689 κλῆ-

277 1737 372 1777 σιν,
412 1716 461 1765 ἐκ
507 1712 869 1781 φιλανθρωπίας
908 1715 1035 1762 Θεοῦ
1078 1713 1276 1774 τιμῆσαι
1312 1708 1621 1773 θελήσαντος,
1659 1709 1756 1760 ἐπεὶ
1798 1709 1876 1758 καὶ

277 1795 408 1850 θεοὺς
435 1796 656 1861 ὠνόμασε
682 1794 791 1848 τοὺς
816 1792 911 1846 ἀπὸ
937 1796 1023 1860 γῆς
1050 1793 1188 1847 ὄντας
1215 1793 1622 1858 ὁμολογουμένως.
1896 1804 1946 1829 20

232 1906 260 1947 d

54 1968 156 2018 Κεφ.
176 1961 225 2016 ιηζ
277 1963 424 2005 Ταῦτα
462 1961 596 2004 εἰπὼν
635 1963 658 2005 ὃ
690 1962 858 2004 ἸΗσοῡε
895 1961 1048 2005 ἐξῆλθε
1087 1961 1160 2003 σὺν
1201 1956 1287 2002 τοῖς
1324 1955 1536 2008 μαΘΗταῖε
1575 1958 1703 1999 αὐτοῦ
1737 1958 1872 2014 Πὲραν

343 2050 417 2088 τοῦ
456 2046 690 2104 χειμάῤῥου
727 2045 814 2087 τῶν
854 2045 1035 2103 κέὃρων,
1072 2046 1182 2088 ὅπου
1221 2041 1272 2086 ἦν
1312 2048 1459 2094 κῆπος,
1494 2040 1554 2084 eie
1591 2042 1639 2084 ὃν
1678 2039 1873 2083 εἰσῆλθεν

234 2148 254 2173 2
346 2130 475 2173 αὐτὸς
514 2130 584 2171 καὶ
622 2128 661 2171 οἱ
688 2129 879 2179 μαθΗτοιί
916 2129 1063 2171 αὐτοῦ·
1106 2128 1201 2188 ᾔδει
1238 2127 1285 2169 δὲ
1324 2127 1393 2169 καὶ
1423 2126 1591 2168 Ἰούδας
1628 2125 1651 2168 ὁ
1689 2124 1872 2182 Παραδι-

342 2214 442 2256 ὃοὺο
480 2213 610 2256 αὐτὸν
647 2213 722 2256 τὸν
758 2214 906 2265 τόπον,
945 2211 1010 2256 ὅτι
1049 2213 1261 2254 Πολλάκις
1298 2210 1484 2267 συνήχθΗ
1523 2210 1546 2253 ὁ
1578 2208 1747 2250 ἸΗσοῦο
1784 2205 1874 2248 ἐκεῖ

341 2298 448 2347 μετὰ
485 2297 573 2340 τῶν
609 2297 816 2347 μαΘΗτῶν
854 2297 1000 2342 αὐτοῦ,
1895 2304 1943 2342 25

352 2406 711 2475 Καταφωτίσας
749 2404 858 2460 τοὺς
896 2403 1111 2470 μαθητὰς
1149 2406 1225 2455 καὶ
1263 2406 1326 2458 εἷς
1353 2403 1533 2454 ἕκαστα
1557 2406 1654 2454 τῶν
1679 2400 1873 2452 τελούν-

274 2513 369 2541 των
395 2493 456 2543 εἰς
480 2488 649 2556 ἀρετὴν
675 2493 771 2542 τοῖς
798 2487 1086 2553 καθήκουσιν
1108 2486 1460 2553 ἀποτορνεύσας
1488 2485 1666 2551 λόγοις,
1686 2485 1872 2534 ἀστειο-

276 2570 421 2638 τάτην
447 2570 494 2623 δὲ
521 2570 716 2640 σφόδρα
744 2572 818 2622 καὶ
845 2572 1046 2639 θεοφιλῆ
1072 2570 1318 2621 πολιτείαν
1345 2567 1540 2619 ἑλέσθαι
1564 2564 1867 2634 προστάξας,

275 2656 352 2707 καὶ
379 2654 498 2721 πρὸς
523 2653 704 2708 τούτοις
739 2652 804 2704 ἔτι
843 2656 1170 2717 πνευματικῶν
1197 2650 1494 2715 ἀναπλήσειν
1521 2648 1688 2701 αὐτοὺς
1726 2670 1863 2715 χαρι-

236 2738 475 2802 Εσμάτων
516 2734 841 2804 ὑποσχόμενός
880 2758 930 2786 τε
970 2733 1124 2797 αὐτὸς,
1164 2736 1239 2785 καὶ
1278 2731 1360 2787 τὰς
1400 2732 1579 2782 ἄνωθεν
1620 2732 1697 2781 καὶ
1738 2729 1867 2796 παρὰ
1890 2754 1940 2790 30

325 2866 356 2887 2.
383 2854 401 2887 ὁ
419 2863 489 2887 om.
507 2852 549 2886 E.
708 2863 741 2897 9.
768 2849 836 2886 κατ’
856 2850 992 2894 Migne.
1156 2860 1209 2883 10.
1237 2849 1351 2892 νοῆται
1370 2847 1412 2882 Ε.
1584 2853 1707 2890 17—19.
1735 2844 1866 2878 κατὰ-

272 2899 535 2946 φιλανθρωπίας
551 2911 622 2934 om.
641 2899 683 2934 E.
839 2908 894 2932 22.
921 2894 1063 2942 κέδρων]
1084 2895 1231 2941 δένδρων
1250 2896 1291 2930 E.
1449 2902 1576 2938 23-25.
1603 2904 1674 2928 ver.
1694 2903 1712 2926 2
1733 2903 1802 2925 om.
1825 2892 1866 2925 E.

275 2948 331 2982 28.
359 2948 518 2992 θεοφιλεῖ
536 2947 577 2982 Ε.
