2017 3252
521 629 815 670 CONTRA
866 624 1430 669 SYNOUSIASTAS
1482 622 1693 664 LIBRI

799 811 861 876 S.
928 806 1425 874 OYRILLI

847 1009 996 1059 QUAE
1037 1008 1365 1048 SUPERSUNT.

552 1186 638 1227 Τοῦ
677 1187 805 1227 αὐτοῦ
843 1185 890 1226 ἐκ
928 1189 1000 1226 τοῦ
1041 1183 1147 1226 κατὰ
1186 1182 1502 1226 συνουσιαστῶν
1541 1183 1668 1230 horon

1005 1308 1228 1361 οῧὴἀρκή
1921 1318 1943 1356 5

584 1450 646 1499 ‘O
673 1447 850 1514 μακρὸς
876 1448 985 1512 ἡμῖν
1009 1447 1177 1514 ἀρτίως
1201 1447 1450 1511 πεποίηται
1477 1445 1635 1512 λόγος.

1110 1587 1122 1606 t

1080 1612 1139 1639 α.

384 1696 599 1747 ‘'OTAN
625 1695 779 1746 τοίνυν
803 1694 1145 1760 παραπταίωσί
1167 1715 1299 1755 τινες,
1320 1689 1416 1743 εἶτα
1443 1691 1622 1758 τροπὴν
1640 1696 1723 1742 τοῦ
1742 1689 1902 1756 Λόγου

319 1777 644 1846 φαντάζωνται
683 1775 768 1840 τὴν
804 1779 866 1829 εἰς
905 1774 1019 1838 αἷμά
1059 1797 1109 1825 τε
1149 1775 1223 1824 καὶ
1265 1774 1436 1838 σάρκα,
1476 1773 1802 1838 γελάσθωσαν
1840 1773 1901 1824 ὡς

95 1881 209 1913 Joeli.
226 1889 254 1923 5.
319 1858 622 1927 ἐξεστηκότες
648 1860 723 1908 καὶ
751 1856 806 1919 δὴ
832 1856 1044 1921 λέγωμεν
1071 1856 1226 1908 αὐτοῖς
1246 1862 1273 1884 “
1291 1854 1562 1921 Ἐκνήψατε
1591 1857 1631 1904 οἱ
1656 1852 1901 1916 μεθύοντες
1925 1875 1972 1900 10

320 1948 346 1971 ‘⁶
373 1941 431 2008 ἐξ
461 1939 585 1990 οἴνου
627 1937 820 1999 αὐτῶν,”
856 1939 931 1987 καὶ
972 1938 1109 1987 ὁποία
1147 1936 1231 1998 μέν
1264 1958 1334 1989 τις
1371 1935 1501 1985 ἐστὶν
1538 1935 1566 1998 ἡ
1605 1937 1686 1998 τῆς
1725 1932 1903 1999 σαρκὸς

320 2019 481 2089 φύσις,
525 2018 858 2085 βασανιζέσθω
904 2016 1023 2083 πρὸς
1074 2017 1219 2080 ἡμῶν,
1259 2016 1397 2067 ὁποία
1440 2015 1487 2066 δὲ
1532 2016 1590 2066 αὖ
1634 2017 1710 2066 καὶ
1751 2015 1777 2079 ἡ
1821 2020 1902 2065 τοῦ

319 2101 511 2154 πάντων
554 2100 762 2152 ἐπέκεινα
805 2103 944 2161 Θεοῦ,
983 2101 1246 2164 περιαθρεῖν
1291 2095 1591 2161 σπουδάζετε.
1643 2094 1903 2161 ἀμέτρητόν

320 2207 365 2235 τι
403 2183 496 2249 γὰρ
534 2181 588 2233 τὸ
627 2179 823 2249 μεταξὺ,
854 2182 930 2231 καὶ
970 2179 1024 2230 τὸ
1062 2179 1329 2244 συγκρίνειν
1368 2178 1492 2232 ὅλως
1518 2179 1794 2239 ἀποτολμᾶν
1820 2177 1902 2227 οὐκ

319 2264 570 2316 ἀνεύθυνον
598 2261 725 2324 εἶναι,
753 2263 870 2330 φαίη
897 2284 966 2314 τις
993 2259 1052 2311 ἂν
1077 2259 1280 2313 εἰκότως.
1336 2260 1360 2310 ὁ
1393 2259 1476 2322 μὲν
1502 2258 1594 2325 γάρ
1626 2259 1727 2309 ἐστι
1759 2256 1901 2325 φύσει
1923 2276 1969 2315 15

371 2400 401 2424 Ι.
428 2390 639 2433 Fragmenta
663 2400 750 2434 quae
777 2393 974 2433 sequuntur
998 2386 1124 2431 reperit
1148 2386 1283 2431 primus
1310 2386 1345 2419 in
1371 2385 1527 2419 versione
1553 2383 1694 2429 Syriaca
1717 2382 1814 2428 [Vat.
1836 2395 1901 2426 140

323 2447 392 2470 sec.
410 2435 499 2480 viii]
529 2435 852 2469 Reverendissimus
884 2434 1079 2468 Cardinalis
1107 2433 1224 2466 Maius
1254 2431 1575 2476 traductionemque
1602 2430 1762 2464 Latinam
1792 2429 1902 2464 edidit

321 2482 408 2525 ipse,
438 2481 529 2514 Bibl.
560 2481 653 2514 Nov.
680 2481 715 2514 ii.
744 2489 900 2523 445—451
934 2479 1074 2524 [Migne
1097 2479 1143 2512 ix.
1166 2476 1387 2522 1427—1435]
1420 2489 1500 2510 cum
1530 2477 1632 2509 titulo
1661 2487 1700 2509 ece
1731 2475 1901 2520 Apoloyia

320 2527 489 2561 Johanm's
521 2527 752 2560 Caesariensis
778 2537 845 2570 pro
880 2525 1030 2559 Concilio
1067 2524 1340 2558 Clzaleedovensi.
1394 2522 1636 2557 (Eo-acervatio
1669 2533 1687 2555 e
1722 2521 1757 2555 S.
1779 2521 1901 2566 Cyrilli

321 2573 485 2618 operibus
513 2584 640 2616 magna
664 2578 697 2605 et
721 2573 776 2615 (ut
802 2571 952 2614 videtur)
980 2570 1110 2610 eadem,
1137 2582 1240 2614 quam
1266 2569 1404 2614 Syriace
1430 2569 1554 2612 reperit
1577 2568 1706 2607 Maius,
1727 2574 1839 2601 exstat
1864 2569 1900 2602 in

323 2619 462 2653 duobus
482 2618 671 2652 Codicibus
694 2617 833 2651 Graecis
862 2617 951 2657 (sine
976 2616 1117 2650 nomine
1141 2622 1257 2648 tamen
1283 2614 1517 2658 compilatoris
1542 2613 1716 2648 Johannis
1744 2613 1900 2648 Caesari-

322 2665 430 2708 ensis)
444 2676 567 2708 nempe
580 2663 667 2697 Cod.
684 2663 839 2697 S.Marci
851 2663 1007 2696 Venetiis
1022 2661 1132 2706 (165),
1147 2661 1234 2695 Cod.
1248 2661 1447 2694 monasterii
1461 2660 1724 2699 S.Catharinae,
1742 2660 1899 2700 Cahirae,

323 2723 390 2745 see.
407 2711 475 2745 xvi.
494 2716 653 2754 utroque.
704 2709 734 2742 E
752 2708 880 2754 quibus
906 2720 1000 2741 nune
1024 2707 1098 2749 edo,
1118 2707 1267 2751 priorem
1286 2707 1308 2740 b
1327 2707 1481 2750 signans,
1499 2706 1724 2750 posteriorem
1742 2718 1772 2740 c.
1822 2706 1898 2739 Me-

322 2762 436 2791 morat
466 2756 518 2790 καὶ
544 2755 703 2798 κὺριλλος
725 2755 760 2788 ἐν
783 2757 829 2800 τῷ
848 2755 930 2788 κατὰ
956 2756 1214 2788 συνουσιαστῶν
1238 2754 1331 2798 λόγῳ
1355 2753 1578 2797 Ephraimius
1597 2752 1839 2786 Antiochenus
1864 2752 1899 2785 in

323 2803 438 2837 Photii
458 2802 550 2836 Bibl.
571 2801 658 2835 Cod.
676 2812 741 2846 229
759 2813 793 2845 p.
809 2809 887 2845 253.
906 2799 959 2834 ed.
979 2800 1128 2833 Bekker.
1360 2799 1440 2841 4-6.
1470 2798 1523 2832 Ita
1539 2798 1562 2833 b
1582 2797 1659 2843 [fol.
1678 2798 1698 2831 8
1716 2797 1768 2842 v].
1787 2797 1822 2831 ἐκ
1839 2799 1899 2832 τοῦ

321 2849 589 2909 κατασξνουσίας
601 2848 646 2891 (Ρ)
660 2848 766 2892 λόγου
784 2858 813 2881 e.
909 2857 942 2891 9.
968 2846 1200 2890 φαντάζωνται
1211 2845 1245 2879 b.
1263 2846 1489 2890 φαντάζονται
1500 2856 1530 2879 c.
1630 2855 1682 2878 10.
1708 2844 1853 2889 λέγομεν
1862 2843 1897 2878 b.

325 2905 379 2930 12.
404 2909 446 2929 av
462 2906 531 2929 om.
549 2906 578 2928 c.
