2017 3252
298 121 383 158 454
514 120 562 161 B.
594 119 839 160 CYRILLI
873 119 1216 160 ALEXANDR.
1251 118 1475 159 FRAGM.
1511 118 1661 158 HOM.

300 229 374 276 καὶ
412 227 693 294 προσῄεσαν
725 232 766 278 οἱ
806 232 998 293 θρασεῖς
1033 226 1451 292 διαμαρτυρόμενοί
1477 249 1525 278 τε
1559 228 1634 277 καὶ
1666 224 1882 291 λέγοντες

75 306 250 337 8.Μειἰ1311.

78 350 212 381 xxi.1(>.
299 314 326 336 “
355 309 460 358 Οὐκ
501 307 679 362 ἀκούεις
717 309 766 359 τί
799 309 924 359 οὗτοι
971 308 1196 373 λέγουσιν
1214 307 1257 370 ;''
1308 309 1559 374 μονονουχὶ
1599 306 1693 373 γάρ
1731 310 1883 375 φασιν

290 387 562 455 Ἄνθρωπος
589 388 652 439 ὧν
679 388 820 456 ἀνέχῃ
842 390 1243 457 δοξολογούμενος
1271 391 1345 439 καὶ
1373 391 1433 442 ὡς
1452 388 1573 442 Θεὸς
1596 387 1883 450 ὑμνούμενος

299 472 374 520 καὶ
413 470 494 523 τὰς
522 475 630 539 Θεῷ
668 470 943 535 πρεπούσας
977 471 1202 538 εὐφημίας
1237 470 1348 537 δέχῃ
1383 469 1512 535 παρὰ
1544 474 1638 520 τῶν
1663 470 1877 530 παίδων;

299 554 375 602 καὶ
413 553 461 602 τί
495 551 613 617 πρὸς
652 558 800 602 ταῦτα
832 552 1079 616 Χριστός;
1136 551 1465 616 ἠγανάκτησεν
1504 549 1594 617 ἆρα
1633 549 1751 601 κατὰ
1789 554 1925 605 τῶν5

299 634 508 696 παίδων;
554 634 842 685 ἀπεσείσατο
869 633 953 698 τὴν
980 634 1295 702 δοξολογιάνς
1343 634 1593 696 ἐπετίμησε
1619 637 1714 684 τοῖς
1740 633 1880 698 εὐφη-

300 721 472 778 μοῦσιν
492 714 633 766 αὐτὸν
654 718 715 768 ὡς
742 715 866 766 Θεόν
885 737 896 775 ;
938 717 1165 777 οὐδαμῶς·
1206 714 1297 781 ἔφη
1318 714 1410 780 γὰρ
1431 719 1620 775 μᾶλλον
1639 711 1757 777 πρὸς
1776 711 1883 765 τοὺς

78 811 127 840 Ib-
301 797 689 866 φιλεγκλήμονας
727 805 754 827 “
776 798 880 847 Οὐκ
912 796 1139 862 ἀνέγνωτε
1167 797 1237 847 ὅτι
1263 798 1312 846 ἐκ
1338 795 1578 858 στόματος
1605 794 1783 858 νηπίων
1809 797 1883 843 καὶ

77 890 281 962 *EMc-xix·
301 887 328 909 ⁴⁶
355 878 653 944 θηλαζόντων
689 880 957 944 κατηρτίσω
985 877 1145 940 αἶνονς
1190 877 1313 942 ἀμὴν
1347 877 1474 943 λέγω
1508 879 1614 940 ὑμῖν
1649 875 1728 926 ἐὰν
1755 875 1881 925 οῦτοι

77 944 96 972 4
123 957 129 964 ’
300 968 328 990 “
354 961 685 1023 σιωπήσωσιν,
722 964 764 1011 οἱ
798 961 923 1011 λίθοι
965 960 1315 1028 κεκράξονται.”
1358 959 1469 1024 ὅρας
1501 958 1628 1012 ὅπως
1660 979 1875 1023 προσμε-
1906 983 1955 1009 10

297 1041 592 1108 μαρτύρηκεν
632 1042 778 1110 ἑαυτῷ
817 1041 903 1105 τὴν
941 1044 1024 1104 τῆς
1065 1041 1282 1105 θεότητος
1322 1040 1468 1108 δόξαν
1506 1041 1531 1090 ὁ
1571 1038 1884 1105 ἐποχούμενος

297 1127 364 1192 τῷ
397 1124 546 1192 πώλῳ
580 1124 653 1174 καὶ
682 1123 802 1174 κατὰ
834 1123 992 1189 σάρκα
1025 1121 1121 1176 υἱὸς
1148 1123 1358 1184 Δαυείδ;
1402 1123 1514 1171 ἀλλ’
1542 1122 1625 1171 οὐκ
1659 1119 1716 1185 ἧν
1742 1118 1884 1188 δόξης

298 1206 553 1270 ἀλλοτρίας
574 1204 790 1257 κοινωνὸς
811 1206 874 1258 ὡς
890 1204 1023 1255 αὐτοί
1041 1208 1194 1272 φασιν
1214 1203 1325 1254 ἀλλ’
1352 1202 1455 1253 οὐδὲ
1481 1203 1633 1267 ἕτερος
1652 1200 1781 1266 παρὰ
1801 1199 1884 1252 τὸν

298 1287 347 1336 ἐκ
375 1290 499 1337 Θεοῦ
528 1285 719 1352 Πατρὸς
746 1286 907 1351 Λόγον
935 1288 997 1339 ὡς
1022 1284 1137 1339 Υἱὸς
1174 1284 1294 1335 κατὰ
1327 1284 1486 1348 μόνας.
1534 1282 1608 1334 διὰ
1635 1288 1773 1334 τοῦτο
1808 1286 1883 1334 καὶ

298 1367 419 1421 Θεὸς
459 1371 533 1418 καὶ
563 1368 733 1432 Κύριος
767 1370 841 1418 καὶ
859 1366 1107 1436 ’Ὕψιστος
1138 1365 1412 1431 ὀνομάζεται
1451 1367 1525 1416 καὶ
1565 1364 1640 1416 διὰ
1678 1367 1760 1428 τῆς
1789 1368 1883 1415 τῶν
1908 1387 1953 1425 15

297 1450 515 1515 ἀγγέλων
542 1452 718 1517 φωνῆς.
765 1452 840 1500 καὶ
867 1454 981 1514 γοῦν
1009 1449 1033 1499 ὁ
1062 1448 1288 1513 μακάριος
1316 1446 1537 1514 Γαβριὴλ
1558 1445 1643 1511 τὴν
1662 1446 1883 1498 Ἰωοίννου

297 1530 518 1596 γέννησιν
553 1530 965 1597 εὐαγγελιζόμενος
1000 1532 1076 1580 καὶ
1103 1530 1187 1594 τὴν
1213 1529 1440 1594 ἐσομένην
1476 1530 1618 1579 αὐτοῦ
1649 1528 1882 1579 διακονίαν

76 1628 233 1669 1b.i.14.
296 1615 469 1678 ἐναργῆ
513 1612 741 1666 καθιστὰς
784 1616 850 1682 τῷ
894 1612 1110 1680 Ζαχαρία
1155 1614 1307 1680 φησὶν
1347 1611 1417 1662 ὅτι
1455 1618 1483 1639 “
1502 1610 1680 1662 πολλοὶ
1714 1611 1788 1660 ἐπὶ
1826 1612 1884 1677 τῇ

77 1708 127 1738 Ib.
147 1709 195 1740 ιε».
297 1702 324 1724 “
343 1694 561 1760 γεννήσει
593 1695 734 1745 αὐτοῦ
765 1694 1057 1761 χαρήσονται
1091 1695 1164 1744 καὶ
1190 1691 1404 1746 πολλοὺς
1430 1697 1524 1742 τῶν
1550 1695 1658 1742 υἱῶν
1683 1689 1882 1757 Ἰσραὴλ

297 1784 324 1806 “
351 1776 627 1845 ἐπιστρέψει
667 1778 741 1827 ἐπὶ
775 1775 952 1842 Κύριον
990 1775 1073 1826 τὸν
1116 1773 1241 1826 Θεὸν
1279 1774 1479 1825 αὐτῶν.”
1516 1778 1615 1826 πῶς
1655 1773 1735 1823 οὖν
1774 1771 1879 1823 ε’πέ-
1906 1792 1955 1816 20

298 1862 505 1927 στρεφεν
544 1860 619 1908 ἐπὶ
664 1858 840 1924 Κύριον
878 1856 960 1908 τὸν
1000 1855 1123 1908 Θεὸν
1159 1857 1312 1907 αὐτῶν
1343 1855 1450 1909 τοὺς
1491 1854 1614 1908 υἱοὺς
1649 1854 1882 1921 Ἰσραήλς

78 1949 256 2030 {soant
300 1938 620 2005 εὐηγγελίζετο
651 1939 742 2006 γὰρ
771 1940 927 1993 αὐτοῖς
958 1939 1111 2004 λέγων
1151 1945 1178 1968 “
1203 1939 1398 1989 Ὀπίσω
1438 1960 1528 2002 μου
1552 1936 1733 2004 ἔρχεται
1767 1935 1886 2001 ἀνὴρ

80 2016 262 2074 l1>s33234·
301 2028 328 2050 “
355 2020 404 2074 ὃς
440 2021 708 2087 ἔμπροσθέν
740 2045 830 2084 μου
865 2021 1069 2087 γέγονεν,
1105 2020 1175 2071 ὅτι
1206 2019 1390 2086 πρῶτός
1429 2042 1519 2082 μου
1545 2017 1615 2082 ἧν,
1645 2016 1775 2083 κάγὼ
1803 2017 1886 2067 οὐκ

299 2109 325 2131 ιι
361 2101 382 2119 'l
552 2104 562 2118 2
600 2102 613 2117 Χ
689 2105 699 2120 ,
773 2104 783 2119 9
821 2104 831 2118 Q
924 2103 936 2119 Ι
1335 2102 1345 2117 Ι
1475 2102 1484 2115 5
1553 2101 1574 2119 rs
1732 2101 1741 2114 9
1792 2103 1812 2113 Α
1849 2098 1859 2113 Ι

352 2106 478 2170 ῃδειν
509 2126 649 2153 αυτον
674 2110 771 2153 αλλ
812 2126 836 2153 o
870 2108 1068 2170 πεμψας
1101 2125 1157 2165 με
1192 2101 1431 2167 βαπτιζειν
1463 2124 1511 2151 εν
1548 2103 1692 2161 υδατι,
1719 2122 1887 2152 εκεινος

298 2191 325 2212 “
351 2207 429 2247 μοι
469 2182 593 2235 εἶπεν
617 2186 726 2252 Ἐφ’
762 2184 814 2235 ὃν
855 2184 911 2235 ἂν
946 2183 1046 2252 ’ίδῃς
1078 2183 1132 2235 τὸ
1184 2188 1377 2246 Πνεῦμα
1409 2186 1693 2242 καταβαῖνον
1721 2181 1777 2249 ἐξ
1801 2181 1878 2231 οὐ·
1907 2191 1954 2229 25

298 2274 325 2294 “
350 2272 494 2331 ρανοῦ
536 2269 610 2317 καὶ
652 2267 792 2329 με’νον
838 2268 907 2318 ἐπ’
952 2265 1107 2328 αὐτὸν,
1155 2265 1288 2319 οῦτός
1331 2266 1462 2315 ἐστιν
1501 2266 1526 2314 ὁ
1560 2263 1801 2329 βαπτίζων
1837 2264 1886 2313 ἐν

300 2354 326 2376 “
356 2348 594 2411 Πνεύματι
619 2349 783 2417 Ἀγίῳ,
811 2347 943 2413 κάγὼ
974 2347 1156 2414 ἑώρακα
1184 2348 1259 2397 καὶ
1285 2345 1618 2411 μεμαρτύρηκα
1647 2345 1717 2396 ὅτι
1751 2344 1885 2397 οῦτός

301 2436 327 2457 “
354 2431 485 2479 ἐστιν
511 2431 536 2479 ὁ
569 2429 662 2482 υἱὸς
686 2436 768 2480 τοῦ
795 2430 965 2481 Θεοῦ.”
1014 2431 1088 2480 καὶ
1116 2430 1198 2479 οὐκ
1225 2426 1322 2479 εἶπε
1357 2427 1473 2490 μετὰ
1506 2427 1673 2477 τούτου
1698 2427 1830 2476 ἐστὶν
1857 2427 1881 2475 ὁ

301 2510 394 2563 υἱὸς
421 2516 503 2561 τοῦ
523 2514 648 2561 Θεοῦ
673 2512 782 2561 ἀλλ’
813 2512 906 2562 οὐδ’
930 2513 976 2561 ἐν
1003 2511 1152 2580 τούτῳ
1180 2511 1325 2571 ἐστὶν,
1353 2509 1461 2559 ἀλλ’
1485 2508 1555 2558 ὅτι
1582 2507 1715 2561 οὗτός
1737 2509 1881 2558 ἐστιν.

348 2624 380 2648 2.
406 2614 586 2658 μονονουχὶ
612 2620 691 2647 ante
720 2615 873 2658 διαμαρτ.
901 2614 1098 2658 transponit
1125 2613 1211 2647 Nik.
1239 2612 1330 2647 Serr.
1403 2613 1469 2657 γάρ
1498 2610 1625 2657 φασιν]
1653 2611 1725 2645 ἀντὶ
1751 2613 1810 2645 τοῦ
1830 2611 1884 2646 Id.

299 2662 409 2705 φησιν
426 2660 460 2694 b.
512 2660 636 2693 Statim
655 2661 698 2695 ὡς
716 2661 848 2694 addidit
868 2661 1069 2694 Choniates.
1180 2671 1213 2704 3.
1238 2660 1282 2694 ὡς
1300 2660 1384 2694 Θεὸς
1402 2659 1454 2692 καὶ
1472 2659 1610 2693 inverso
1627 2658 1749 2691 ordine
1767 2657 1882 2693 Chon.

301 2720 333 2749 4.
360 2707 413 2740 καὶ
432 2707 665 2741 τὰς-παίδων
683 2712 865 2751 assumpta
882 2719 899 2740 e
918 2707 1003 2740 Nik.
1024 2706 1116 2740 Serr.
1376 2706 1408 2747 8,
1424 2717 1456 2749 9.
1482 2704 1681 2749 οὐκ-λέγω
1700 2704 1792 2749 ὑμῖν]
1812 2704 1883 2738 ἐπι-

301 2754 470 2797 στομίζων
487 2753 606 2788 αὐτοὺς
623 2753 674 2787 ὅτι
695 2753 747 2787 Ib.
952 2764 1003 2787 10.
1031 2752 1247 2796 κεκράξονται
1265 2752 1349 2785 Nik.
1371 2751 1462 2785 Serr.
1482 2752 1504 2785 f.
1524 2752 1747 2794 κεκράξωνται
1767 2750 1882 2784 Chon.

298 2799 550 2844 μεμαρτύρηκεν
567 2800 602 2833 k.
750 2811 802 2845 13.
828 2798 944 2844 αὐτοί]
966 2801 997 2832 οἱ
1015 2801 1244 2844 χριστόμαχοι
1263 2799 1347 2833 Nik.
1369 2798 1461 2832 Sel'r.
1535 2797 1605 2831 οὐδ’
1624 2797 1684 2832 b.f.
1750 2796 1880 2842 ἕτερος]

299 2846 443 2891 ὕστερος
461 2846 546 2880 Nik.
564 2846 656 2881 Serr.
799 2856 850 2888 15.
878 2847 1073 2889 ὀνομάζεται
1092 2845 1165 2879 des.
1186 2845 1239 2879 lb.
1304 2848 1370 2879 τῶν
1387 2857 1456 2879 om.
1477 2845 1584 2879 Euth.
1732 2852 1784 2888 17.
1803 2843 1881 2877 ἐσο-

298 2893 416 2938 μένην]
436 2893 616 2936 δεδομένην
634 2893 667 2927 b.
757 2893 808 2927 18.
835 2893 889 2926 ἐπὶ
907 2894 965 2937 τῆς
981 2891 1170 2938 γεννήσεως
1189 2893 1224 2926 k.
1322 2903 1378 2926 20.
1405 2891 1462 2925 οὖν
1480 2903 1550 2925 om.
1569 2892 1604 2924 k.
1704 2890 1757 2923 28.
1782 2890 1882 2923 καὶ-

301 2942 388 2973 Θεοῦ
405 2946 627 2984 assumptum
645 2951 685 2974 ex
706 2940 813 2974 Euth.
834 2940 885 2973 καὶ
904 2951 973 2974 orn.
993 2940 1016 2973 f.
1035 2939 1163 2973 retinui
1181 2950 1197 2972 e
1217 2939 1251 2972 k.
1343 2949 1397 2982 29.
1424 2937 1499 2972 οὐδ’
1519 2937 1625 2972 Euth.
1647 2937 1705 2970 οὐκ
1720 2936 1834 2970 Chon.
