2012 3272
72 514 93 552 5

51 861 97 885 10

53 1199 98 1236 15

228 125 467 166 CONTRA
498 126 885 166 THEODORUM
918 125 1100 165 EPISC.
1135 125 1310 164 MOPS.
1344 124 1460 164 LIB.
1496 125 1557 165 Il.
1626 127 1707 165 535

114 231 255 272 Israel.
317 233 408 285 Ego
439 236 577 273 autem
609 232 797 281 arbitror,
821 237 862 273 ct
885 232 1002 273 valde
1035 233 1195 282 merito,
1223 232 1299 272 1100
1332 236 1478 285 aptum
1510 246 1597 272 csse
1628 247 1711 272 non

113 299 362 340 habentibus
394 301 457 341 vel
488 317 571 341 non
599 301 832 342 volentibus
863 304 971 341 recte
1001 300 1236 353 intelligere
1263 300 1420 340 Christi
1452 300 1712 354 mysterium.

113 368 226 408 Nam
257 368 492 410 obcaecavit
522 370 688 423 quidem
721 375 743 391 ‘⁶
763 370 863 409 deus
894 369 1045 409 saeculi
1079 368 1198 408 istius
1235 368 1538 421 intelligentias
1569 367 1714 407 infide-

117 432 139 458 “
163 436 307 485 lium‚”
339 441 380 477 ct
413 438 551 478 lumen
586 438 775 478 divinum
809 441 851 477 ct
886 436 1154 490 intelligibile
1190 436 1233 476 in
1265 440 1404 476 mente
1438 439 1480 476 et
1514 436 1557 476 in
1594 435 1714 476 corde

115 519 198 545 non
229 505 426 546 babentes
458 506 607 546 merito
638 509 890 546 erraverunt.
954 505 999 544 Si
1025 519 1121 545 vero
1143 504 1309 558 quidam
1343 508 1441 544 sunt
1474 503 1712 552 illuminati,

114 572 251 626 magis
285 588 382 614 vero
423 574 549 615 etiam
589 574 825 615 doctoribus
866 573 1164 622 connumerati,
1202 572 1273 626 qui
1310 572 1516 612 similibus
1559 572 1714 611 morbis

114 641 250 681 nescio
281 643 484 695 quomodo
515 642 675 683 detenti
707 646 818 691 sunt,
841 641 941 695 quid
968 641 1081 682 aliud
1110 641 1167 681 013
1189 641 1338 694 aliquis
1366 641 1564 681 acclamet
1589 655 1714 694 quam

116 709 191 749 1100
232 709 342 763 (1110(1
382 726 406 750 a
442 711 530 750 Deo
571 711 729 751 dictum
772 713 835 750 est
871 725 943 763 per
976 724 1104 749 unum
1142 713 1381 749 sanctorum
1417 709 1715 762 prophetarum

117 781 140 799 “
166 777 287 817 Quod
318 778 487 831 laqueus
516 779 615 819 faeti
643 778 742 819 estis
773 778 960 831 speculae
986 778 1031 817 in
1052 777 1291 818 visitatione
1317 781 1359 817 et
1380 777 1488 817 sicut
1509 777 1614 817 retia
1645 792 1715 817 ex-

119 849 284 886 “tensa
323 846 367 886 in
412 847 639 887 statumine
688 862 812 900 quam
854 847 924 900 qui
965 850 1171 886 venantur
1221 844 1561 885 confixerunt?”
1631 845 1716 885 Qui

116 913 225 953 enim
259 915 606 967 quamplurimam
635 915 861 954 utilitatem
893 914 1089 968 subjectis
1121 914 1256 967 magis
1287 914 1417 954 facere
1449 913 1615 963 debent,
1644 913 1716 954 isti

116 981 285 1022 fuerunt
306 986 347 1022 et
368 982 537 1036 laqueus
559 987 600 1023 et
633 988 718 1023 rete
751 986 793 1022 et
824 982 1008 1022 scandali
1040 982 1195 1022 occasio
1228 986 1270 1022 et
1301 985 1519 1035 pet-aurum
1551 981 1716 1022 inferni.

116 1050 174 1090 Et
205 1049 285 1090 ista
316 1050 405 1091 (1100
438 1050 612 1091 miratus
643 1051 760 1091 valde
793 1054 835 1091 et
865 1050 1003 1091 videre
1034 1065 1117 1090 11011
1148 1054 1296 1103 potens
1327 1050 1377 1089 ad
1412 1050 1512 1103 quid
1549 1050 1717 1103 respicit

117 1118 296 1158 intentio
332 1119 566 1159 adversarii.
640 1119 753 1159 Nam
794 1120 1003 1159 consessus
1049 1122 1110 1159 est
1146 1118 1311 1172 quidem
1348 1119 1572 1167 evidenter,
1606 1119 1717 1172 quod

118 1201 190 1240 per
213 1187 366 1227 Filium
396 1188 559 1228 locutus
590 1191 653 1228 est
683 1188 802 1228 nobis
824 1188 938 1228 Deus
969 1191 1011 1228 et
1032 1187 1180 1236 Pater5
1219 1202 1305 1227 0330
1326 1202 1422 1227 vero
1453 1187 1579 1227 istum
1613 1187 1717 1227 dicit

118 1259 378 1308 assumptum
409 1255 631 1304 hominem,
654 1256 813 1296 nullam
844 1256 1067 1295 habentem
1094 1255 1183 1295 Deo
1205 1255 1345 1295 Verbo
1373 1255 1523 1295 adhoc
1556 1254 1712 1294 dictum

119 1323 467 1365 communionem.
531 1323 747 1364 Quomodo
783 1323 915 1377 igitur
950 1338 1033 1363 11011
1069 1323 1262 1363 omnibus
1295 1323 1515 1363 manifesta
1548 1326 1610 1363 est
1645 1322 1716 1362 ad-

120 1406 261 1432 versus
292 1393 459 1432 beatum
482 1392 658 1432 Paulum
689 1391 906 1441 calumnia,
937 1391 1072 1444 magis
1095 1406 1190 1431 vero
1222 1392 1350 1444 ipsius
1379 1391 1565 1431 veritatis
1597 1405 1714 1431 accu-

121 1460 258 1500 satio?
288 1475 362 1501 1100
388 1459 497 1500 0111111
527 1460 584 1500 310
615 1460 821 1500 intellexit
844 1459 1049 1513 Spiritum
1072 1459 1273 1500 Sanctum
1306 1460 1461 1500 habens
1492 1459 1714 1512 apostolus,

53 1535 103 1559 20
122 1528 283 1568 Iterum
314 1543 410 1568 vero
445 1527 607 1569 derivat
637 1528 883 1581 dogmatum
914 1527 1205 1567 rectitudinem
1237 1528 1289 1568 ad
1320 1543 1436 1568 suam
1466 1528 1716 1581 placentiam

122 1597 391 1637 adversarius,

171 1746 236 1785 Ex
258 1746 434 1785 seeundo
461 1745 565 1785 libro
588 1744 736 1798 Cyrilli
758 1744 952 1798 Episcopi
974 1744 1252 1785 Alexandriae
1278 1744 1327 1785 de
1356 1759 1400 1785 00
1422 1744 1530 1799 quod
1554 1745 1676 1784 Unus

587 1813 779 1853 Christus
801 1817 947 1853 contra
968 1813 1241 1853 Theodorum.

183 1903 305 1945 Quod
339 1908 478 1945 tamen
514 1903 646 1944 voluit
676 1904 829 1957 impius
865 1904 1087 1944 Nestorius
1119 1904 1317 1957 dogmata
1351 1904 1555 1944 Theodori
1589 1903 1715 1957 sequi,

57 1975 106 2013 25
125 1987 207 2013 non
238 1973 538 2013 absolutionem
570 1973 607 2013 ei
638 1971 947 2013 accusationum
975 1972 1100 2013 facit:
1134 1972 1242 2012 unde
1272 1972 1410 2026 magis
1431 1987 1527 2013 vero
1548 1972 1718 2025 grandi-

59 2328 106 2364 30

125 2055 234 2080 orem
267 2040 460 2081 adversus
491 2055 585 2080 eum
615 2040 950 2081 inclamationem
982 2040 1232 2093 operabitur.
1294 2040 1401 2080 Cum
1435 2040 1545 2080 enim
1575 2040 1717 2080 liceret

126 2108 163 2149 ei
184 2112 418 2149 sanctorum
441 2112 607 2162 patrum
624 2108 745 2149 rectis
763 2108 897 2148 verbis
916 2112 957 2148 et
970 2108 1249 2148 immaculatis
1272 2108 1321 2148 de
1342 2109 1496 2149 deitate
1516 2108 1715 2148 sermoni-

124 2177 201 2217 bus
236 2177 376 2230 potiri,
409 2177 667 2230 proposuisse
699 2176 960 2229 dignoscitur
991 2176 1160 2216 veritati
1193 2177 1467 2216 mendacium.
1529 2176 1715 2215 Praeter-

126 2244 241 2285 misit
271 2244 381 2284 enim
412 2259 515 2297 quae
544 2245 709 2284 illorum
738 2248 835 2284 sunt
849 2261 860 2293 3
905 2244 1041 2297 magis
1062 2259 1158 2284 vero
1189 2244 1316 2297 elegit
1346 2244 1538 2297 turpibus
1569 2243 1716 2283 adhae-

126 2327 225 2362 rere,
249 2316 291 2352 et
317 2316 405 2352 tam
427 2312 614 2352 distortis
642 2312 863 2352 laetificare
892 2313 1162 2353 sermonibus,
1228 2312 1353 2352 Hunc
1375 2327 1469 2352 vero
1491 2311 1561 2365 qui
1592 2311 1716 2351 talem

126 2380 251 2421 habet
272 2380 531 2421 voluntatem
560 2384 602 2421 et
627 2380 893 2430 dementiam,
916 2380 960 2420 in
990 2381 1067 2420 hoc
1099 2380 1311 2421 desiluisse
1342 2380 1526 2434 inculpet
1557 2379 1717 2433 aliquis,

178 2518 208 2541 1.
234 2507 365 2551 autem]
385 2507 478 2541 enim
497 2507 543 2541 D.
608 2506 691 2551 hoc]
713 2506 745 2541 O
763 2506 830 2540 hoc
849 2506 929 2551 (sic)
952 2507 997 2540 D.
1121 2517 1155 2551 3.
1182 2506 1396 2551 obcaecavit]
1416 2506 1483 2540 hoc
1501 2507 1652 2540 caecavit
1673 2506 1720 2540 D.

129 2553 214 2587 deus
233 2565 296 2587 om.
316 2553 362 2587 D.
505 2565 538 2595 4.
564 2554 684 2587 lumen
703 2553 860 2587 divinum
879 2559 911 2587 et
929 2554 1042 2587 omisit
1061 2553 1126 2587 Ed.
1280 2565 1314 2599 9.
1340 2553 1422 2586 facti
1440 2553 1520 2586 estis
1539 2551 1717 2597 speculae]

128 2600 260 2634 facietis
277 2600 469 2643 inspiculae
487 2600 534 2633 D.
681 2611 733 2642 14.
760 2599 952 2644 evidenter]
972 2606 1005 2633 et
1023 2599 1180 2634 videnter
1199 2600 1245 2633 D.
1388 2599 1441 2633 16.
1466 2599 1653 2632 habentem
1674 2599 1719 2637 D,

129 2649 153 2664 “
168 2646 309 2679 Veteres
327 2646 440 2679 libri”
461 2646 596 2687 Baluz.‚
613 2645 763 2680 habente
783 2646 919 2688 Surius,
939 2646 1005 2680 Ed.
1177 2646 1229 2679 18.
1256 2646 1432 2679 accusatio
1450 2645 1529 2689 nec]
1549 2646 1720 2679 accusati-

129 2704 232 2726 onem
252 2692 298 2726 D.
390 2703 443 2736 19.
465 2693 644 2736 apostolus
663 2693 825 2736 spiritum
842 2692 976 2726 habens
995 2698 1157 2726 sanctum
1174 2693 1308 2726 inverso
1327 2692 1444 2725 ordine
1462 2692 1508 2726 D.
1587 2702 1642 2725 20.
1662 2691 1720 2724 de-

129 2737 234 2784 rivat]
257 2737 434 2772 deridebat
454 2738 534 2781 (sic)
556 2738 602 2772 D.
666 2750 720 2772 22.
742 2737 864 2782 Unus]
886 2743 922 2778 -†—
941 2745 992 2772 est
1008 2738 1074 2772 Ed.
1141 2749 1197 2780 24.
1217 2738 1343 2773 docma
1360 2738 1407 2772 D.
1474 2737 1719 2783 2500011311ῐί-

130 2796 233 2818 onem
253 2785 299 2818 D.
349 2783 442 2817 unde
461 2789 666 2828 assumptum
685 2796 723 2817 θα)
742 2785 788 2824 D,
808 2788 829 2802 “
844 2785 959 2818 Veter.
978 2785 1082 2819 libi-‚⁹⁹
1103 2785 1224 2819 Baluz.
1299 2784 1355 2819 26.
1374 2783 1657 2818 inclamationem
1675 2782 1720 2816 Ι).

133 2830 265 2864 Bellov.
289 2830 329 2876 [“
345 2830 425 2865 Vet.
450 2830 542 2870 libri,
574 2830 740 2875 Baluz.'']
770 2831 806 2864 in
835 2830 1095 2865 damnationem
1125 2830 1219 2873 Sur.‚
1250 2831 1317 2865 Ed.
1406 2830 1496 2864 Cum
1518 2830 1563 2868 D,
1584 2828 1721 2870 Surius,

132 2877 229 2910 Dum
249 2877 316 2910 Ed.
488 2877 542 2911 28.
571 2878 795 2920 proposuisse
812 2878 947 2921 reposui
963 2889 1003 2910 ex
1024 2878 1066 2919 D,
1088 2877 1235 2916 Bellov..
1255 2877 1372 2916 Surio,
1390 2875 1636 2921 praeposuisse
1655 2874 1721 2908 Ed.

131 2934 188 2967 30.
214 2922 387 2957 laetificari
406 2923 451 2956 D.
527 2921 804 2966 Hunc—talem]
827 2923 914 2956 Unit
932 2935 1013 2957 vero
1031 2924 1168 2968 qualem
1189 2923 1235 2957 D.

1736 391 1750 411 2
1766 380 1841 410 (¹01⁸.
1861 380 1903 410 ἰν.

1735 435 1763 463 4.

1736 785 1817 814 Hos..
1834 795 1853 814 V
1881 794 1906 817 Ι.

1735 1270 1841 1310 Supra
1857 1279 1928 1309 534,

1737 1322 1788 1344 21.

1740 1475 1749 1494 1
1769 1464 1843 1494 Cor.
1864 1463 1920 1493 vii.

1736 1517 1788 1547 40.
