2027 3257
311 143 395 183 234
557 142 606 181 B.
636 141 884 182 CYRILLI
922 141 1268 184 ALEXANDR.
1309 142 1480 183 FRAG.
1542 143 1597 183 ix.
1617 156 1683 198 31,
1701 156 1767 197 33,
1790 157 1828 183 X.
1850 155 1886 184 2.

110 211 177 250 [40
195 210 272 251 M]
310 249 359 301 δὲ
393 249 609 316 κήρυγμα
644 250 697 301 τὸ
729 250 1032 315 εὐαγγελικὸν
1058 251 1244 302 ἁπλοῦν
1271 252 1325 302 τέ
1346 253 1448 302 ἐστι
1483 254 1557 302 καὶ
1594 249 1738 317 λόγος
1776 272 1892 301 συν-

310 332 605 396 τετμημένος.

240 492 285 526 3Ι
619 486 794 542 Ἰσραὴλ
833 485 877 527 δὲ
917 486 1088 527 διώκων
1127 487 1256 535 νόμον
1295 486 1585 531 δικαιοσύνης.

382 594 660 647 Ἀποδιδοὺς
699 595 853 645 τοίνυν
892 594 974 648 τὰς
1012 596 1160 648 αἰτίας
1198 601 1280 646 τοῦ
1319 593 1383 659 μὴ
1421 595 1602 649 πάντας
1638 599 1891 647 σεσῶσθαι

309 676 572 736 Ἰουδαίους,
616 674 747 729 εὐθὺς
797 675 1031 727 ἐπιπλέκει
1083 681 1149 745 τῷ
1201 676 1333 745 λόγῳ
1385 681 1555 740 θαῦμα,
1612 677 1693 728 καί
1739 681 1933 746 φησιν5

301 756 368 807 ’χΩ
405 756 677 826 παραδόξου
716 756 1009 823 πράγματος·
1052 759 1079 821 ἡ
1115 763 1208 808 τῶν
1246 761 1569 821 πλανωμένων
1606 759 1792 824 πληθὺς
1826 758 1891 823 μὴ

309 838 486 906 ε”χουσα
548 838 734 890 σκοπὸν
790 839 914 892 ὅλως
970 842 1337 906 ἀγαθοεργῆσαι,
1399 842 1704 899 δεδικαίωται,
1757 842 1782 891 ὁ
1843 841 1891 891 δὲ

308 919 522 986 Ἰσραὴλ,
569 922 716 971 καίτοι
762 925 828 990 τῷ
869 920 945 972 διὰ
991 921 1209 974 Μωσέως
1256 920 1383 991 νόμῳ
1426 921 1544 988 πρὸς
1589 921 1892 985 δικαιοσύνην

308 1002 765 1068 παιδαγωγούμενος,
808 1002 1031 1069 διήμαρτε
1075 1006 1157 1066 τῆς
1196 1005 1387 1057 ἐλπίδος
1431 1006 1507 1054 καὶ
1552 1003 1779 1072 ἀμέτοχος
1815 1004 1892 1069 γε’-

308 1107 417 1150 γονε
462 1087 543 1147 τῆς
589 1089 651 1138 εἷς
691 1091 828 1135 τοῦτο
870 1088 1056 1151 δωρεᾶς.
1117 1087 1185 1138 τίς
1226 1086 1307 1136 οὖν
1349 1086 1377 1149 ἡ
1421 1087 1559 1150 αἰτία,
1602 1084 1783 1154 σαφής·
1838 1086 1892 1135 οὐ
1917 1105 1964 1130 10

309 1165 402 1231 γὰρ
446 1165 750 1232 προσήκαντο
801 1166 886 1231 τὴν
929 1167 1003 1217 διὰ
1053 1167 1256 1220 πίστεως
1306 1169 1547 1233 σωτηρίαν
1596 1168 1689 1222 καὶ4
1714 1166 1799 1231 τὴν
1844 1169 1892 1218 ἐν

308 1250 510 1316 Χριστῷ
550 1249 809 1310 δικαίωσιν,
863 1247 1087 1312 ἐνόμισαν
1132 1248 1181 1299 δὲ
1231 1249 1387 1302 αὐτοῖς
1431 1251 1586 1316 ἀρκεῖν
1631 1248 1690 1299 τὰ
1735 1251 1797 1302 ὡς
1843 1250 1891 1299 ἐν

309 1335 465 1382 σκιαῖς
498 1328 763 1396 αὐχήματα.

243 1474 290 1510 33
848 1457 970 1499 Λίθον
1009 1459 1356 1515 Προσκόμματοε.

384 1565 460 1614 Οὐ
492 1564 585 1630 γὰρ
612 1563 762 1629 δήπου
788 1565 943 1633 φαμὲν
969 1565 1039 1617 ὅτι
1075 1565 1150 1617 διὰ
1182 1571 1320 1616 τοῦτο
1352 1566 1485 1630 ἐτέθη
1511 1564 1725 1632 Χριστὸς
1752 1567 1800 1616 ἐν
1826 1567 1893 1634 τῷ
1918 1590 1965 1627 15

307 1645 525 1712 Ἰσραὴλ,
562 1647 671 1696 ἀλλ’
710 1646 864 1709 ἐπειδὴ
903 1652 1042 1698 τοῦτο
1081 1648 1391 1713 προέγνωστο
1429 1651 1495 1716 τῷ
1533 1650 1656 1716 Θεῷ,
1691 1646 1744 1698 τὸ
1782 1646 1891 1697 ε’σό-

308 1750 448 1790 μενον
486 1728 949 1796 προαναπεφώνηκεν
987 1729 1264 1794 ἀναγκαίως,
1310 1730 1371 1782 ὡς
1417 1730 1622 1779 κείσεται
1662 1727 1747 1792 μὲν
1786 1727 1888 1779 ὅλι-

310 1814 430 1863 σθος
468 1814 528 1863 εἷς
567 1809 625 1860 τὰ
664 1808 859 1873 θεμέλια
900 1810 1037 1873 Σιὼν,
1078 1810 1316 1874 μέλλουσι
1351 1810 1399 1861 δὲ
1437 1811 1730 1876 περιπίπτειν
1767 1811 1893 1879 αὐτῷ

311 1896 405 1941 τῶν
437 1892 677 1942 ἀσυνέτων
707 1892 838 1954 τινὲς,
866 1895 942 1943 καὶ
973 1898 1112 1943 τοῦτο
1149 1892 1353 1960 πάσχειν
1389 1893 1447 1961 ἐξ
1478 1894 1723 1946 ἀπειθείας.
1770 1894 1894 1944 ἐποί-
2022 1958 2027 1965 .

311 1996 403 2023 ειτο
439 1973 486 2024 δὲ
521 1973 606 2037 τὴν
641 1973 990 2040 προαγόρευσιν
1029 1976 1290 2042 χρησίμως,
1317 1975 1404 2042 οὐχ
1438 1975 1513 2025 ἵνα
1547 1974 1892 2042 προσκόψειαν,
1917 2005 1965 2029 20
2021 1993 2027 2041 j

312 2056 422 2105 ἀλλ’
452 2056 526 2106 ἵνα
553 2055 897 2121 προεγνωκότες
924 2056 1136 2119 ἀμείνους
1174 2056 1384 2122 γένοιντο
1410 2062 1493 2107 τοῦ
1531 2062 1687 2107 κακοῦ.
1729 2057 1896 2106 οὐκοῦν

311 2136 506 2188 τέθειται
545 2138 630 2201 μὲν
656 2139 681 2189 ὁ
707 2137 920 2204 Χριστὸς
955 2141 1016 2192 ὡς
1055 2139 1190 2192 λίθος
1227 2139 1391 2202 τίμιος,
1419 2138 1548 2202 πλὴν
1585 2143 1682 2191 τοῖς
1719 2137 1804 2200 μὲν
1841 2137 1899 2206 ἐξ
2024 2139 2027 2162 “

311 2220 534 2273 ἀπιστίας
567 2220 970 2286 προσκόπτουσιν,
997 2220 1193 2287 ὄλεθρος
1218 2218 1276 2284 ἦν
1302 2221 1330 2284 ἡ
1357 2220 1506 2287 ζημία·
1559 2225 1655 2273 τοῖς
1681 2219 1728 2270 δὲ
1759 2242 1895 2270 πεπι-
2018 2187 2027 2290 3

312 2301 552 2364 στευκόσι,
580 2300 671 2366 ζωὴ
698 2304 772 2353 καὶ
800 2304 1039 2356 δικαίωσις
1065 2301 1119 2353 τὸ
1147 2301 1317 2368 κερδος.
2018 2309 2027 2365 4

94 2460 194 2507 Κεφ.
214 2455 291 2497 ι’.2
833 2454 1054 2511 ΛΛαρτυΡὼ
1092 2455 1168 2510 Γὰρ
1207 2451 1363 2495 αὐτοῖς.
1471 2447 1475 2451 ’
1917 2458 1965 2496 25
2019 2457 2027 2490 -2

391 2565 639 2627 Μαρτυρεῖ
665 2563 820 2612 τοίνυν
845 2564 1000 2615 αὐτοῖς
1025 2561 1108 2611 τὸν
1133 2566 1195 2615 εἰς
1222 2564 1328 2613 Θεὶν
1358 2561 1504 2631 ζῆλον·
1558 2558 1688 2623 πλὴν
1713 2559 1896 2626 ἐλέγχει
2017 2581 2027 2605 Ἰῑ

315 2645 717 2706 πεπλανημένους·
791 2643 860 2693 ὅτι
913 2644 1017 2694 δέον
1061 2642 1308 2709 θαυμάζειν
1353 2643 1434 2692 τὸν
1478 2640 1693 2708 Χριστὸν
1738 2642 1794 2710 ἐξ
1831 2639 1896 2691 ὧν

363 2806 395 2838 3.
418 2794 496 2828 Hoc
523 2794 679 2827 scholion
706 2794 905 2838 suppeditat
923 2794 965 2828 A.
992 2807 1025 2838 p.
1045 2796 1124 2838 3.)(),
1151 2800 1282 2838 partem
1302 2800 1416 2827 autem
1444 2794 1678 2837 posteriorem,
1700 2793 1895 2827 ἀπαιτεῖς-

316 2857 336 2873 ιι
323 2841 525 2884 ”υθρωπος
507 2847 552 2875 ὼν
566 2841 662 2885 (vide
676 2840 829 2874 Crameri
844 2841 871 2873 C
875 2846 919 2875 zm
936 2841 1015 2885 364
1032 2851 1121 2885 27-—
1124 2842 1203 2885 365.
1216 2841 1252 2884 6)
1273 2853 1381 2886 quum
1400 2853 1419 2874 a
1434 2840 1471 2873 S.
1485 2840 1604 2885 Cymlli
1623 2840 1701 2874 stilo
1719 2839 1892 2880 abhorret,

317 2888 421 2932 inque
441 2888 643 2921 Oecumenii
663 2887 794 2921 Catena
814 2888 937 2921 Photio
956 2888 1027 2967 fe123
1043 2888 1217 2929 tribuitur,
1235 2888 1348 2921 omis¹
1559 2898 1610 2929 14.
1641 2886 1718 2919 Hoc
1736 2885 1894 2919 scholion

318 2935 418 2967 nobis
438 2934 635 2979 suppeditat
657 2937 696 2968 A.
716 2946 747 2978 p.
763 2945 842 2976 400.
1036 2934 1151 2968 .Hoc
1170 2935 1327 2968 scholion
1346 2934 1446 2968 nobis
1466 2933 1664 2978 suppeditat
1683 2933 1725 2966 A.
1744 2945 1777 2976 p.
1797 2942 1876 2975 405.
