2012 3272
124 557 322 602 Ἀἐίωοιε
362 558 608 601 {whom-:1001
651 560 712 613 τῷ
755 558 862 612 ἀπίῳ
905 558 1100 614 Κυρίλλῳ
1141 560 1278 612 πιστῷ
1322 555 1523 615 ἀρχιερεῖ,
1564 557 1722 613 ΓνΗσῖῳ

177 644 408 699 θεράποντι
446 643 570 694 Θεοῦ,
609 642 716 697 tis-iq>
756 641 949 699 Κυρίλλῳ
988 642 1311 698 ὰρχιεΠισκόΠῳ
1342 641 1674 699 Ἀλεξανδρείας

629 724 744 782 Παρὰ
783 728 859 766 τῆς
897 725 1213 780 ἀδελφότι-ιτοε.

120 891 208 934 Ἠν
239 895 312 945 μὲν
344 896 384 935 εὖ
413 894 522 948 ἔχειν
549 896 647 946 ἡμᾶς
676 894 956 948 ἡσυχάζοντας,
981 896 1015 935 εἰ
1047 893 1110 934 καί
1143 911 1179 934 τι
1213 896 1494 946 κατορθοῦντας
1521 894 1614 935 ἴσως
1646 896 1723 933 τῶν

85 975 110 1012 5

127 1166 184 1206 Τὸ

62 1317 110 1343 10

61 1658 107 1694 15

59 2005 108 2030 20

180 2658 193 2680 1

217 963 554 1014 σπουδαζομένων,
578 964 689 1004 οὐδὲν
711 965 752 1003 δὲ
781 963 897 1013 ἧττον
925 964 1102 1003 κάκεῖθεν
1131 963 1437 1013 ἀποδημοῦντας,
1459 962 1557 1012 ἡμᾶς
1587 961 1724 1004 αὐτοὺς

214 1030 458 1082 ὠφελεῖσθαι
489 1032 694 1082 νομίζομεν
716 1033 778 1072 διὰ
808 1031 877 1082 τὴν
908 1031 983 1081 σὴν
1013 1032 1137 1082 μόνον
1166 1029 1269 1080 θέαν,
1294 1030 1356 1070 καὶ
1385 1028 1560 1079 μάλιστα
1592 1032 1724 1080 κερδα-

214 1101 355 1148 νοῦμεν
376 1098 422 1149 ἐξ
440 1100 556 1140 αὐτοῦ
578 1104 646 1140 τοῦ
669 1100 862 1151 στόματός
884 1116 956 1139 σου
980 1099 1046 1150 τὴν
1069 1099 1280 1149 εὐσέβειαν
1301 1098 1587 1149 διδασκόμενοι.

215 1168 289 1218 μὲν
319 1169 396 1220 γὰρ
428 1169 489 1208 καὶ
520 1169 650 1221 πόῤῥω
681 1170 755 1220 γῆς
786 1166 1104 1221 κατησχημένους
1135 1167 1422 1219 ἀναγινώσκειν
1453 1167 1519 1208 τας
1551 1165 1724 1217 βίβλους

215 1235 277 1276 καὶ
307 1237 354 1275 τὰ
384 1235 588 1286 πονήματα
623 1239 687 1286 τῆς
719 1238 789 1286 σῆς
821 1236 1033 1286 ὁσιότητος,
1067 1234 1188 1275 καλὸν
1219 1234 1299 1284 ἅμα
1332 1233 1391 1274 καὶ
1428 1233 1629 1285 ὠφέλιμον
1660 1234 1723 1274 καὶ

216 1306 270 1346 εἰς
299 1306 345 1344 τὰ
374 1305 509 1356 πρόσω
542 1303 667 1356 φέρον
695 1304 782 1346 τοὺς
813 1303 1097 1356 προσέχοντας·
1140 1302 1184 1342 τὸ
1214 1301 1245 1342 δ’
1278 1300 1323 1351 ἐξ
1351 1302 1475 1342 αὐτῶν
1507 1305 1581 1342 τῶν
1614 1301 1724 1342 θείαν

213 1372 328 1426 χάριν
355 1373 416 1412 καὶ
447 1372 709 1423 πνευματικὴν
729 1372 948 1424 γλυκύτητα
978 1372 1230 1423 πηγαζόντων
1251 1369 1418 1423 χειλέων
1437 1369 1508 1420 τὴν
1539 1373 1722 1410 διδασκα-

212 1442 302 1481 λίαν
324 1442 567 1492 ἀρδεύεσθαι,
589 1441 854 1491 βεβαιότερον
876 1440 954 1490 ἅμα
984 1440 1047 1479 καὶ
1072 1440 1330 1490 ζωτικώτερον
1359 1438 1538 1491 ὑπάρχει,
1580 1438 1724 1488 ἥκομεν

212 1510 343 1549 τοίνυν
366 1510 473 1551 αῦθις
498 1511 561 1549 διὰ
591 1509 660 1559 τὴν
683 1510 737 1550 εἰς
768 1510 815 1548 σὲ
849 1508 908 1547 καὶ
940 1508 1010 1557 τὴν
1043 1507 1252 1558 εὐσέβειαν
1283 1508 1499 1557 ἐπιθυμίαν,
1522 1505 1723 1558 προκοπήν

213 1575 251 1616 θ’
280 1576 470 1629 ἡμετέραν
501 1577 580 1627 ἅμα
609 1576 671 1616 καὶ
702 1575 844 1627 ἑτέρων
872 1577 1090 1627 διόρθωσιν.
1134 1574 1338 1626 δεξάμενοι
1368 1576 1442 1627 γὰρ
1476 1575 1649 1626 πρόσθεν
1682 1575 1724 1614 ἐκ

214 1649 290 1685 τῶν
326 1649 409 1685 σῶν
441 1646 564 1697 ἁγίων
596 1648 737 1698 χειρῶν
773 1644 843 1694 τὴν
877 1644 964 1695 περὶ
999 1647 1075 1684 τῶν
1109 1643 1197 1683 καθ’
1231 1644 1328 1694 ἡμᾶς
1361 1644 1485 1695 ὀρθῶν
1520 1642 1724 1695 δογμάτων

215 1712 372 1763 ζήτησιν
403 1714 642 1753 ἐπιλύουσαν
671 1713 835 1763 βίβλον,
868 1712 935 1752 οὐκ
966 1713 1108 1764 ὀλίγην
1135 1711 1205 1762 τὴν
1237 1713 1375 1761 ὄνησιν
1407 1710 1721 1762 ἀπηνεγκάμεθα.

214 1781 303 1832 ἡμῖν
327 1783 398 1832 μὲν
419 1783 492 1834 γὰρ
516 1781 681 1833 γέγονεν
703 1782 757 1823 εἰς
786 1781 1011 1832 βεβαίωσιν
1034 1781 1053 1819 ὁ
1074 1781 1210 1831 λόγος,
1235 1780 1379 1830 ἑτέροις
1406 1778 1449 1819 δὲ
1481 1780 1534 1821 εἷς
1564 1779 1723 1828 διόρθω-

213 1864 290 1890 σιν·
332 1850 463 1902 ὀλίγοι
492 1848 521 1890 δ’
546 1849 645 1889 εἰσὶν
671 1851 706 1889 οἱ
737 1848 788 1899 μὴ
819 1848 1108 1900 προσελθόντες
1138 1850 1185 1902 τῇ
1217 1848 1446 1902 ὑγιαινούσῃ
1477 1846 1721 1899 διδασκαλίᾳ,

209 1919 262 1958 ὧν
292 1918 490 1971 ἐνεφράγη
516 1919 564 1958 τὰ
593 1919 783 1968 στόματα.
827 1915 914 1956 ἀλλ’
939 1918 975 1956 οἱ
997 1919 1061 1967 τῆς
1081 1914 1301 1966 Ἀβηλινῆς
1328 1916 1459 1968 χώρας
1487 1918 1609 1956 κακῶς
1630 1913 1725 1966 πρὸς

212 1986 410 2037 ἀλλήλους
441 1987 721 2037 διατεινόμενοι
752 1988 994 2038 δογματικῶν
1027 1985 1141 2025 ἕνεκα
1173 1988 1288 2024 τινῶν
1318 1983 1541 2035 ζητημάτων
1575 1985 1626 2026 εἷς
1659 1999 1723 2022 το-

213 2058 355 2095 σοῦτον
383 2056 524 2105 μανίας
553 2055 710 2105 ἤλασαν
741 2054 790 2095 ὡς
815 2053 877 2093 καὶ
907 2052 1148 2105 καθαιρέσεις
1179 2053 1241 2093 καὶ
1272 2052 1610 2103 ἀναθεματισμοὺς
1641 2053 1722 2091 κατ’

214 2122 402 2172 ἀλλήλων
423 2123 564 2174 ὁρίζειν
591 2123 653 2162 καὶ
681 2121 868 2173 διωγμοὺς
899 2120 992 2172 πρὸς
1023 2120 1223 2171 ἀλλήλους
1250 2119 1384 2172 φέρειν
1413 2120 1474 2160 καὶ
1505 2120 1723 2171 διαρπαγὰς

213 2191 423 2241 ὑπομένειν
446 2191 506 2229 καὶ
527 2189 611 2240 μητ’
635 2190 862 2230 ἐπισκόποις
881 2187 977 2238 μήτε
1005 2187 1199 2240 πατράσιν
1222 2189 1340 2228 εἴκειν
1360 2191 1439 2229 τοῖς
1461 2187 1602 2235 αὐτόθι,
1625 2186 1722 2237 μήτε

213 2258 289 2308 μὴν
311 2261 390 2300 τοῖς
417 2256 504 2309 παρ’
527 2257 631 2308 ἡμῖν,
653 2255 736 2306 μήτ’
761 2257 901 2298 ἄλλοις
927 2256 1030 2295 τισὶν
1052 2256 1174 2307 ἁγίων
1196 2259 1459 2308 παραχωρεῖν,
1481 2254 1525 2294 τὸ
1549 2255 1722 2305 μείζονος

212 2325 351 2377 μέτρου
372 2326 556 2378 γνώσεως
585 2325 784 2376 ἠξιῶσθαι,
805 2325 902 2364 οὕτω
930 2322 1164 2375 κατακράτος
1184 2324 1206 2373 ἡ
1229 2323 1417 2373 σατανικὴ
1448 2322 1721 2362 ἀκαταστασία

213 2395 339 2446 πόῤῥω
371 2396 438 2444 τῆς
469 2394 575 2434 θείας
607 2394 756 2445 εἰρήνης
788 2392 924 2434 αὐτοὺς
956 2390 1269 2446 ἐξῃχμαλώτισε.
1313 2390 1408 2442 πρὸς
1438 2391 1585 2432 τούτοις
1615 2390 1721 2431 αὖθις

216 2462 278 2501 καὶ
304 2465 380 2502 τῶν
402 2462 625 2514 Αἰγυπτίων
646 2462 749 2503 τινὲς
777 2460 845 2500 οὐκ
875 2461 994 2512 ὀρθῶς
1016 2463 1178 2512 φρονεῖν
1200 2458 1286 2511 περὶ
1308 2462 1415 2499 Θεοῦ
1438 2457 1720 2510 δεδιδαγμένοι,

215 2529 284 2580 τὴν
326 2529 445 2580 αὐτὴν
485 2530 648 2571 ἐκείνοις
689 2531 899 2570 νοσοῦντες
934 2529 1086 2578 μανίαν,
1121 2531 1200 2570 τοῖς
1239 2529 1342 2569 ’ίσοις
1384 2529 1450 2577 τῆς
1490 2526 1721 2575 πλεονεξίας

201 2673 209 2681 .
237 2646 386 2680 Codices
404 2647 437 2680 A
454 2645 607 2689 (=Cod.
628 2645 854 2680 Laur.-Med.
873 2646 965 2680 Plut.
983 2645 1028 2679 vi.
1052 2654 1089 2690 17
1116 2657 1183 2679 sec.
1207 2645 1269 2688 xi).
1296 2644 1325 2678 C
1356 2644 1524 2689 (capitula
1549 2642 1720 2688 quaedam

137 2693 268 2727 =C0d.
288 2693 374 2737 Reg.
395 2692 492 2726 Paris
515 2703 601 2735 1115
621 2693 891 2737 fol.117—121).
912 2693 945 2726 D
965 2691 1118 2735 (=Cod.
1139 2692 1175 2726 S.
1191 2692 1303 2725 Marc.
1321 2691 1446 2725 Venet.
1464 2701 1526 2724 122
1547 2701 1614 2723 sec.
1633 2688 1720 2731 xiv).

133 2739 243 2784 [Cum
267 2739 419 2772 editione
441 2739 512 2772 fere
532 2739 695 2773 convenit
722 2739 785 2783 D.]
839 2739 895 2773 Cf.
920 2739 1006 2772 tomi
1024 2739 1131 2783 hujus
1150 2738 1413 2782 praefationem.
1460 2736 1719 2770 Monachorum

130 2785 175 2820 ad
199 2786 235 2820 S.
256 2785 429 2830 Cyrillum
453 2785 632 2829 requisitio
655 2786 711 2819 cui
735 2785 916 2829 responsio
940 2785 1102 2829 capitula,
1122 2797 1163 2818 ex
1185 2785 1215 2818 A
1242 2784 1317 2830 (qui
1344 2785 1458 2818 solum
1483 2782 1637 2824 exhibet)
1659 2781 1719 2814 fol.

133 2831 200 2866 206
226 2843 247 2865 v
272 2832 308 2866 in
333 2831 503 2876 catalogo
527 2830 699 2866 Codicum
719 2832 934 2865 Graecorum
959 2831 1195 2866 Bibliothecae
1219 2828 1654 2865 Mediceo-Laurentianae
1678 2826 1720 2871 (i.

136 2879 212 2917 128,
236 2878 320 2923 129)
339 2877 449 2912 edidit
466 2877 600 2923 primus
620 2877 829 2918 Bandinius,
849 2878 985 2912 contuli
1001 2877 1044 2912 de
1061 2889 1153 2912 novo
1172 2878 1257 2922 ipse.
1441 2885 1493 2909 10.
1519 2877 1585 2908 τῶν
1602 2873 1721 2908 omisit

133 2924 344 2959 Bandinius.
539 2923 591 2958 16.
616 2925 757 2965 βιβλίον
774 2923 851 2958 cod„

872 2992 991 3031 4A2
