2027 3257
91 206 165 247 [44
181 204 261 246 Μ-]

129 749 179 783 30
200 749 279 785 sqq.

145 1989 201 2023 45
224 1988 285 2024 Μ.

294 140 379 179 244
466 138 517 178 Β.
546 135 793 178 CYRILLI
829 132 1177 174 ALEXANDR.
1216 129 1589 171 FRAGMENTA
1646 128 1701 168 xi.
1718 141 1771 182 30
1786 143 1872 182 sqq.

296 246 552 313 γεγόνασιν
578 244 730 314 ἐχθροί·
783 241 1194 309 προσκεκρούκασι
1227 240 1320 305 γὰρ
1352 237 1428 288 διὰ
1461 237 1546 301 τὴν
1572 239 1633 290 εἷς
1658 233 1876 301 Χριστὸν

297 328 535 389 ἀσέβειαν·
592 325 668 378 δια
698 326 746 377 δὲ
781 326 866 389 τὴν
892 329 985 375 τῶν
1011 325 1220 390 πατέρων
1247 319 1475 385 εὐγένειαν
1509 318 1552 369 οἳ
1587 317 1877 382 ἐτιμήθησαν

299 413 360 463 ὡς
391 408 515 475 ἅγιοι
541 410 615 459 καὶ
643 411 893 476 θεοφιλεῖς,
923 407 1189 470 λογισθεῖεν
1215 401 1272 452 ἂν
1298 399 1410 452 εἶναι
1435 401 1490 452 δι’
1519 400 1713 452 ἐκείνους
1744 402 1872 465 αἶγα-

299 494 439 551 πητοὶ·
486 490 610 554 ὅμως
643 487 774 558 ἐχθροὶ
807 485 1063 553 γεγόνασιν
1088 485 1164 535 ἵνα
1188 487 1299 550 τεθῇ
1330 487 1392 536 εἰς
1416 480 1757 548 παραζήλωσιν
1782 484 1878 533 τοῖς

299 571 644 636 ἀπιστήσασιν.
1899 576 1921 613 5

393 726 566 782 “ΩσΠερ
604 725 681 781 Γὰρ
720 725 788 765 καὶ
826 721 943 772 ὑμεῖς
982 738 1085 764 Ποτε
1124 722 1360 763 ιἰπιθήσατε
1398 722 1460 773 τῷ
1498 719 1595 773 Θεῷ
1631 721 1777 762 κ.τ.λ.

365 830 482 881 ’Ίσα
517 829 723 881 δείκνυσι
753 827 812 879 τὰ
839 830 1017 895 ἀμφοῖν
1043 826 1333 891 ἐγκλήματα,
1360 826 1434 875 καὶ
1465 827 1551 892 μιᾷ
1576 822 1729 890 χάριτι
1754 825 1881 873 τεθε-

298 911 611 979 ραπευμένους
652 911 758 964 τούς
796 933 846 961 τε
881 909 937 978 ἐξ
968 911 1115 960 ἐθνῶν
1153 909 1227 958 καὶ
1265 906 1348 958 τὸν
1384 903 1604 971 Ἰσραήλ·
1660 904 1881 968 κέκληται

299 994 384 1057 μὲν
422 993 516 1059 γὰρ
547 991 667 1043 κατὰ
707 991 892 1057 καιροὺς
930 989 1006 1041 διὰ
1044 995 1126 1040 τοῦ
1154 989 1372 1041 Μωσέως
1399 989 1424 1038 ὁ
1448 985 1663 1052 Ἰσραὴλ,
1689 987 1765 1037 καὶ
1799 988 1883 1049 τῆς

300 1078 348 1125 ἐν
383 1074 612 1143 Αἰγύπτῳ
646 1073 967 1139 ταλαιπωρίας
1006 1069 1242 1140 ἐξῄρηται·
1298 1070 1407 1120 ἀλλ’
1435 1072 1477 1120 οἱ
1516 1073 1611 1118 τῶν
1649 1066 1882 1131 δαιμόνων
1905 1089 1954 1115 10

301 1157 592 1222 θεραπευταὶ,
635 1154 849 1206 τουτέστι
888 1153 947 1204 τὰ
988 1154 1110 1216 ἔθνη,
1154 1155 1216 1206 ὡς
1259 1151 1334 1202 διά
1378 1173 1431 1216 γε
1473 1154 1568 1200 τῶν
1610 1149 1884 1219 Αἰγυπτίων

302 1237 540 1300 νοούμενα,
569 1238 682 1289 τέως
718 1234 952 1296 ἠπείθησαν
983 1240 1042 1304 τῷ
1069 1234 1179 1285 ἐλέει
1207 1237 1301 1284 τῶν
1339 1233 1395 1301 ἐξ
1425 1230 1643 1296 Ἰσραήλ·
1699 1231 1753 1280 οὐ
1791 1229 1884 1297 γὰρ

300 1318 642 1369 πεπιστεύκασι
678 1322 778 1370 ταῖς
810 1316 1084 1380 θεοσημίαις
1109 1320 1209 1369 ταῖς
1243 1313 1318 1365 διὰ
1346 1313 1576 1374 Μωσέως,
1604 1313 1686 1363 οὐκ
1710 1312 1885 1376 ἤθελον

301 1400 464 1450 εἰδέναι
491 1398 572 1450 τὸν
599 1403 693 1449 τῶν
718 1399 958 1464 Ἑβραίων
986 1397 1124 1448 Θεόν.
1179 1397 1289 1447 ἀλλ’
1319 1394 1604 1464 ἐξεπέμπετο
1635 1392 1721 1457 μὲν
1747 1392 1885 1456 μόλις

302 1480 622 1547 ἱερουργήσων
643 1479 762 1531 κατὰ
788 1479 873 1543 τὴν
893 1479 1064 1545 ε”ρημον
1083 1482 1177 1530 τῶν
1197 1478 1435 1529 Ἰουδαίων
1462 1478 1487 1527 ὀ
1508 1479 1670 1540 δῆμος·
1704 1475 1884 1543 εἴχοντο
1907 1494 1953 1532 15

302 1562 350 1613 δὲ
370 1564 519 1613 ἀὐτοὶ
556 1566 638 1626 τῆς
674 1562 870 1629 ἀρχαίας
910 1560 1105 1625 ἀπάτης,
1140 1559 1271 1610 ἀλλὰ
1304 1564 1386 1610 νῦν
1415 1557 1636 1623 ἠλέηνται
1669 1579 1881 1624 προσκε-

300 1645 550 1710 κρουκότος
576 1649 659 1695 τοῦ
683 1642 902 1709 Ἰσραὴλ,
931 1641 980 1696 ὃς
1007 1645 1081 1693 καὶ
1108 1641 1336 1706 ἠπείθησε
1370 1646 1429 1709 τῷ
1466 1640 1573 1691 ἐλέει
1605 1643 1699 1690 τῶν
1724 1640 1884 1700 ἐθνῶν,

300 1726 372 1777 ’ἱνα
413 1733 491 1777 καὶ
538 1724 675 1779 αὐτὸς
716 1725 922 1789 ἐλεηθείη
969 1723 1088 1775 κατὰ
1134 1722 1334 1789 καιρούς.
1388 1722 1472 1772 ’ίσα
1515 1726 1778 1787 τοιγαροῦν,
1823 1722 1885 1773 ὡς

302 1807 435 1874 ἔφην,
455 1806 514 1858 τὰ
541 1809 719 1875 ἀμφοῖν
745 1804 1035 1871 ἐγκλήματα,
1065 1808 1144 1869 τῆς
1170 1810 1253 1855 τοῦ
1279 1804 1672 1869 κατοικτείροντος
1697 1804 1882 1854 ἐπικου-

302 1890 404 1954 ρίας
442 1891 490 1938 ἐν
515 1888 607 1957 ’ίσῳ
645 1886 806 1957 τρόπῳ
846 1886 1112 1951 δεδεημένα·
1167 1888 1539 1951 συγκεκλεῖσθαι
1565 1884 1620 1935 δέ
1640 1888 1762 1952 φησι
1789 1884 1884 1938 τοὶς
1905 1916 1954 1941 20

306 1971 483 2025 πάντας
511 1975 570 2024 εἰς
603 1969 825 2021 απείθειαν
850 1967 981 2034 παρὰ
1006 1972 1144 2030 Θεοῦ,
1168 1968 1240 2019 Γἶνα
1266 1966 1362 2020 τοὶς
1387 1965 1566 2021 πάντας
1593 1966 1761 2039 ἐλεήσῃ.
1810 1967 1886 2016 καὶ

306 2052 365 2101 οὔ
395 2073 439 2101 τι
463 2073 556 2102 που
581 2053 663 2114 τῆς
700 2050 822 2103 θείας
858 2052 1038 2112 βουλῆς
1074 2048 1213 2114 ἔργον
1247 2047 1469 2113 γενέσθαι
1509 2046 1796 2112 λογιούμεθα
1831 2046 1886 2098 τὸ

307 2131 563 2195 ἀπειθῆσαί
594 2154 734 2193 τινας,
761 2131 836 2181 ἵνα
862 2132 938 2181 καὶ
964 2130 1347 2195 κατοικτείροιντο
1384 2128 1610 2181 πεσόντες
1645 2132 1707 2181 εἰς
1731 2133 1884 2179 τοῦτο·

306 2214 556 2265 συνέκλεισε
606 2212 654 2263 δὲ
703 2216 894 2276 μᾶλλον
947 2217 1007 2266 εἰς
1055 2210 1294 2273 ἀπείθειαν,
1334 2209 1524 2277 ἐνόχους
1574 2208 1712 2263 ὄντας
1761 2212 1883 2260 ἀπο-

306 2293 488 2362 φαίνων
524 2298 621 2347 τοῖς
659 2294 891 2346 ἀπειθείας
929 2291 1212 2358 ἐγκλήμασι,
1252 2294 1327 2343 καὶ
1369 2285 1467 2342 οἷον
1507 2291 1564 2359 ἐξ
1600 2292 1752 2341 αὐτῶν
1792 2295 1887 2342 τῶν
1906 2314 1956 2354 25

304 2374 597 2441 πραγμάτων
637 2373 991 2439 ἐληλεγμένους·
1047 2376 1108 2427 ὡς
1154 2377 1216 2427 εἷς
1259 2379 1397 2424 τοῦτο
1436 2372 1605 2424 λοιπὸν
1643 2373 1887 2424 καθίκοντο

307 2457 618 2524 δυσπραξίας,
645 2458 706 2509 ὡς
736 2454 936 2519 μονονοὺ
973 2457 1156 2506 δεῖσθαι
1190 2461 1272 2505 τοῦ
1305 2453 1707 2519 κατοικτείρεσθαῖ
1728 2476 1776 2503 τε
1812 2455 1888 2504 καὶ

306 2539 556 2587 ἐλεεῖσθαι.

356 2672 387 2707 7.
416 2662 490 2696 Ino.
509 2664 598 2696 ὥστε
616 2661 677 2696 'lo-a
695 2662 737 2696 A.
1001 2672 1053 2706 17.
1080 2663 1133 2696 καὶ
1152 2674 1221 2696 om.
1240 2663 1284 2697 Λ.
1548 2674 1603 2697 20.
1630 2664 1721 2709 τόπῳ
1741 2663 1824 2708 (Sic)
1844 2664 1887 2698 A.

308 2719 363 2753 25.
389 2708 476 2754 τοῖς]
501 2713 536 2749 -1-
558 2710 615 2752 τῆς
633 2710 675 2742 Α.
866 2707 920 2742 26.
947 2709 1133 2742 καθίκοιντο
1152 2709 1196 2742 A.
1394 2719 1450 2753 27.
1474 2710 1616 2753 μονονοὺ
1634 2710 1678 2743 Α.
1697 2712 1800 2753 μόνου
1819 2710 1887 2744 Ed.

309 2757 364 2789 28.
392 2756 455 2789 Est
481 2755 516 2788 in
543 2756 573 2788 A
601 2754 758 2789 scholion
781 2755 816 2787 in
842 2755 899 2788 xii.
918 2765 951 2798 3.
978 2767 995 2788 e
1021 2755 1126 2788 Thes.
1151 2764 1219 2799 355
1247 2767 1263 2787 c
1291 2754 1550 2799 depromptum.
1608 2756 1827 2801 Sequebatur
1851 2757 1887 2790 in

307 2802 374 2835 Ed.
403 2802 510 2836 schol.
537 2801 571 2835 in
599 2813 674 2845 cap.
701 2801 771 2834 xiv.
789 2800 821 2835 6.
849 2800 953 2845 quod,
972 2813 1082 2846 quum
1102 2802 1264 2846 pleraque
1284 2809 1366 2835 sunt
1388 2802 1432 2836 Ι).
1453 2801 1695 2847 Chrysostomi
1715 2802 1822 2836 Hom.
1843 2802 1886 2836 26

307 2848 350 2882 ad
368 2849 433 2882 loc.
455 2857 518 2893 703
538 2860 555 2882 e
577 2858 640 2893 704
654 2859 671 2881 a
689 2847 801 2881 omisi.
