1986 3282
100 124 214 166 xviii.
236 139 302 170 20.
355 129 430 170 IN
463 131 506 172 S.
530 131 870 176 JOANNEM.
933 136 1061 177 LIB.
1086 137 1162 179 XI.
1227 139 1362 182 CAP.
1386 142 1491 184 XII.
1635 147 1690 185 33

98 236 469 298 σημαίνων.οὐ
495 240 588 309 γὰρ
612 241 710 310 ᾔδει
737 243 791 294 τὸ
819 245 1043 311 ἁμαρτεῖν
1070 248 1095 297 ὁ
1122 247 1405 314 κρινόμενος.
1464 253 1614 321 ἐρωτᾷ
1640 254 1688 304 δὲ

96 339 188 385 περι
234 344 308 379 της
354 317 547 386 ὃιὸαχης
593 326 736 387 αὐτου,
778 326 978 393 πότερόν
1022 351 1136 381 ποτε
1179 336 1276 385 τοῖς
1320 332 1395 383 διὰ
1442 334 1689 389 Μωυσέως

92 400 279 468 ἀπωδός
315 404 418 455 ἐστι
456 405 629 469 νόμοις,
656 407 802 473 ἠγουν
826 413 921 462 τοῖς
959 408 1110 461 πάλαι
1145 416 1532 511 τεθεσπισμένοις
1569 418 1682 480 ὁμο·
1705 426 1729 467 b

89 481 264 547 στιβὴς
299 487 375 535 καὶ
410 487 691 554 σύνδρομος,
721 492 796 540 καὶ
833 514 902 545 τις
936 491 1028 558 ἄρα
1066 498 1161 547 τοῖς
1200 496 1274 546 ὑπ’
1305 498 1430 548 αὐτῶ
1464 505 1680 566 μεμαθη-

46 576 68 615 5
89 585 322 627 τευμενοις
361 568 610 638 ἐνυπάρχει
649 571 844 635 σκοπὸς,
885 578 981 628 τοῖς
1019 576 1230 644 ἀρχαίοις
1268 577 1396 630 ἐθεσι
1433 584 1678 648 παιδαγω-

88 651 276 711 γεῖσθαι
331 654 502 718 φιλεῖν,
560 652 709 718 ἤγουν
763 654 868 705 τινὰ
927 655 1065 724 ξενην
1121 662 1196 709 καὶ
1252 665 1542 728 καινοπρεπῆ
1600 668 1683 729 τῆς

89 731 307 795 λατρείας
344 733 626 798 ἐπιτηδευειν
658 735 745 800 τὴν
777 739 986 802 ἀγωγην.
1032 742 1173 791 ἐποιει
1214 741 1263 793 δὲ
1301 751 1441 796 τοῦτο
1480 749 1681 814 δυστρό-

86 829 200 865 πως·
241 811 358 883 ᾠετο
393 838 486 883 γαρ
518 816 587 868 ὅτι
616 823 803 885 κατερεῖ
822 819 908 883 μὲν
934 823 1140 888 ἐναργῶς
1167 830 1250 875 τοῦ
1276 826 1420 889 νόμου
1446 829 1676 895 Χριστὸς,

86 893 343 961 ἀπόβλητα
369 897 416 949 δὲ
443 921 503 949 τα
530 898 607 950 διὰ
635 903 883 956 Μωυσεως
911 904 1067 966 εἰπὼν,
1094 906 1232 960 αὐτὸς
1271 908 1377 959 καθ’
1404 911 1570 962 ἑαυτοῦ
1597 916 1678 976 τῆς

19 996 66 1022 10
85 980 181 1027 τῶν
217 979 456 1031 ”Ιουδαιων
506 986 863 1050 γλωσσαλγιας
916 987 1187 1051 ἀνακινήσει
1236 989 1430 1056 θράσος,
1477 1017 1550 1044 ινα
1603 998 1678 1047 καὶ

85 1060 308 1126 φαίνηται
353 1061 526 1114 λοιπὸν
572 1066 753 1116 δικαίαν
801 1090 965 1135 ωσπερ
1009 1070 1258 1126 ἀποτιννυς
1302 1079 1385 1124 τοῦ
1430 1078 1679 1146 θεομαχεῖν

83 1140 278 1193 ελέσθαι
323 1142 409 1208 τὴν
448 1147 598 1211 δίκην.
673 1152 922 1217 θεομαχεῖν
967 1151 1062 1217 γὰρ
1113 1152 1329 1220 ἀντικρυς
1372 1154 1430 1220 ἧν
1476 1182 1529 1209 το
1581 1167 1716 1215 τοῖςο

83 1224 220 1277 θείοις
259 1224 620 1280 ἀντιταττεσθαι
660 1230 831 1294 νόμοις,
871 1231 999 1300 είπερ
1038 1257 1106 1289 τις
1143 1235 1235 1302 ἄρα
1274 1242 1368 1288 τῶν
1407 1241 1514 1291 καθ’
1556 1242 1677 1305 ἡμᾶς

83 1304 185 1368 ηλω
211 1329 257 1357 τι
281 1313 493 1361 τοιοῦτον
520 1334 664 1363 ειπων
690 1310 718 1376 ὴ
746 1313 944 1380 δράσας.
1000 1318 1062 1370 ὡς
1089 1318 1323 1389 ἀνθρώπω
1355 1320 1403 1372 δὲ
1439 1322 1504 1373 ἐτι
1541 1328 1677 1393 ψιλῶ

15 1404 379 1456 Ι57ϊροσεχουσι
414 1396 481 1441 τῶ
515 1396 732 1463 Χριστῷ,
766 1397 843 1446 καὶ
881 1396 964 1448 τὸν
994 1404 1078 1449 τοῦ
1117 1399 1262 1464 νόμου
1296 1403 1525 1469 Κυριον’
1504 1410 1578 1457 επὶ
1616 1409 1675 1475 τῇ

80 1475 164 1520 τοῦ
188 1469 334 1535 νόμου
359 1474 636 1539 παραβάσει
663 1478 849 1532 δικαίως
874 1479 1078 1531 εὐθυνειν
1105 1481 1387 1548 νομιζουσιν,
1415 1487 1468 1536 οὐ
1493 1511 1669 1553 μεμνη-

76 1552 206 1614 μένοι
256 1559 339 1604 τοῦ
389 1555 614 1621 λεγοντος
655 1565 681 1588 “
707 1558 919 1623 Ασεβὴς
968 1563 992 1612 ὁ
1045 1563 1201 1628 λεγων
1252 1571 1454 1626 βασιλεῖ
1498 1573 1663 1637 Παρα·
1735 1574 1827 1605 ΗΜ)

1733 1629 1835 1649 XXXIV
1842 1645 1846 1649 .

76 1639 103 1661 ιε
247 1638 267 1648 ‘³
308 1633 332 1651 ”

131 1656 302 1698 νομεις.
1736 1662 1785 1693 18.

69 1771 301 1829 ἈΠεκρίΘΗ
341 1775 459 1829 αὐτῳ
496 1778 517 1818 ὁ
547 1778 750 1820 ἸΗοοῦε’
766 1779 860 1827 Επεὶ)
898 1782 1111 1842 ΠαρρΗοίᾳ
1151 1787 1371 1828 λελάλΗκα
1411 1791 1472 1843 †sp
1511 1806 1668 1847 κοομω,
1691 1816 1739 1841 20

6 1871 56 1897 20
140 1856 228 1903 ἐΓὼ
276 1858 463 1900 Πάντοτε
512 1858 691 1905 {bibam
735 1864 778 1905 ἐν
824 1880 1047 1924 <summu-¹31
1101 1868 1170 1908 καὶ
1213 1869 1256 1911 ἐν
1297 1872 1359 1925 τῷ
1403 1870 1514 1929 ἱερῷ,
1558 1876 1667 1916 ὅπου

140 1940 297 1982 Πάντες
323 1940 528 1985 Ἰουδαῖοι
561 1946 850 2002 συνέρχονται,
879 1949 948 1990 καὶ
981 1949 1027 1991 ἐν
1055 1956 1229 2007 κρυπτῷ
1254 1954 1445 1997 ἐλάλΗοα
1479 1956 1617 1999 οὐδέν.

1686 2019 1713 2060 d

159 2052 230 2104 Τὸ
288 2059 424 2119 πᾶσι,
477 2061 643 2125 φησιν,
704 2062 1008 2126 ἐγνωσμενον
1064 2067 1126 2119 ὡς
1185 2067 1362 2134 ἆφανες
1419 2069 1664 2170 ἐπιζητεῖν,

70 2138 244 2188 εἰκαῖον
289 2136 347 2188 ἂν
388 2139 486 2207 ε’χοι
538 2163 621 2192 τον
664 2141 836 2242 πόνον,
875 2148 950 2196 καὶ
1004 2170 1133 2216 ωπερ
1177 2148 1236 2200 ἂν
1287 2173 1445 2203 εποιτο
1494 2152 1550 2204 τὸ
1600 2179 1666 2219 μη

70 2217 345 2283 ἀγνοεῖσθαι
383 2243 543 2288 τυχον,
575 2228 676 2278 πῶς
717 2225 773 2276 ἂν
806 2226 872 2277 ἐτι
910 2230 1113 2293 προσείη
1152 2253 1236 2282 του
1274 2237 1438 2284 λαθεῖν
1473 2235 1502 2298 ἡ
1543 2236 1657 2287 ὑπό-

3 2320 51 2358 25
71 2303 254 2368 ληψις;
302 2325 378 2353 και
419 2305 546 2355 δοκεῖ
577 2328 663 2368 μεν
691 2330 793 2361 πως
834 2308 941 2372 ημῖν
975 2313 1108 2362 ταυτὶ
1147 2311 1203 2376 δη
1245 2312 1391 2382 φαναι
1427 2317 1660 2382 Χριστὸς,

70 2380 185 2448 ὑπὲρ
210 2388 294 2434 τοῦ
319 2407 402 2438 τας
431 2385 579 2440 αἰτίας
606 2389 1011 2458 ἀποφορτίζεσθαι
1044 2393 1120 2444 δια
1156 2397 1239 2459 τῆς
1272 2400 1367 2447 τῶν
1392 2397 1664 2463 ἡγουμένων

67 2486 294 2531 πονηριας
341 2470 701 2533 συντεθειμένας
745 2494 794 2522 τε
839 2472 929 2538 ἠδη
975 2497 1051 2525 και
1097 2477 1416 2546 δυσμηχανως
1460 2480 1660 2550 ἐξηρτυ-

65 2568 224 2607 μενας·
265 2545 393 2612 οἶμαι
428 2549 487 2600 δέ
512 2573 556 2601 τι
591 2553 667 2602 καὶ
706 2552 863 2620 ἕτερον
890 2556 1161 2621 ὑποδηλοῦν
1186 2558 1262 2610 διὰ
1292 2560 1472 2614 τούτων
1498 2564 1656 2615 αυτόν.

65 2626 153 2693 ἐγω
188 2629 282 2695 γάρ
318 2636 471 2697 φησιν
503 2633 540 2683 ἐν
573 2637 795 2705 ποιρῥησισι
830 2637 1080 2699 λελάληκα
1115 2646 1178 2710 τῷ
1215 2646 1388 2714 κάει-μω,
1422 2667 1655 2708 τουτεστι,

0 2733 46 2770 30
63 2732 122 2760 τα
160 2709 236 2760 διὰ
274 2715 356 2776 τῆς
399 2715 646 2769 Μωυσέως
687 2718 793 2779 ὑμῖν
827 2722 1065 2782 μεσιτείας
1103 2726 1539 2795 κεχρησμωδημενα
1581 2727 1656 2777 διὰ

110 2850 143 2880 4.
169 2839 472 2885 μεμαθητευμένοις
491 2842 531 2876 Ε.
550 2844 876 2889 μεμαθητευομενοις
895 2847 961 2882 Ed.
1059 2850 1092 2884 S.
1119 2866 1160 2894 αρ
1163 2855 1230 2896 ’γὼς
1250 2853 1290 2887 Ε.
1392 2854 1501 2887 :1-18
1521 2861 1574 2887 οη
1569 2862 1601 2888 tt
1621 2868 1652 2897 p.

67 2893 120 2929 17.
146 2884 313 2931 Ἀσεβὴς]
338 2892 374 2927 -1-
397 2888 492 2922 ἐστιν
509 2901 543 2933 Ρ.
727 2903 783 2927 20.
809 2893 860 2937 ἐν]
887 2898 920 2934 *¹1-
945 2897 982 2938 τῇ
1004 2895 1070 2931 Ed.
1090 2897 1199 2932 invito
1220 2899 1260 2932 Ε.
1442 2912 1495 2943 23.
1523 2901 1592 2945 ἔχει
1614 2902 1652 2935 Ε.

62 2942 120 2976 30.
147 2931 221 2977 της]
247 2938 281 2973 -ἦ-
303 2936 364 2968 τοῦ
383 2934 449 2969 Ed.
468 2935 578 2971 invito
598 2937 639 2972 E.

119 2999 211 3027 VOL.
237 3001 303 3028 ΠΙ.
855 3007 877 3033 F
