2017 3252
305 122 388 160 604
742 125 790 164 B.
825 124 1069 164 CYRILLI
1105 124 1450 165 ALEXANDR.

303 228 600 294 ἐγκλήμασιν
639 232 903 297 ὑπενεγκεῖν
945 232 1201 295 δυνάμενον
1239 232 1343 285 τοὺς
1390 233 1510 282 οὕτω
1550 236 1739 301 φρονεῖν
1777 233 1883 282 ἑλο-

84 317 169 351 364
189 317 240 352 A·
265 309 485 372 ἣμένους.
545 311 646 363 ε”στι
686 312 769 374 μὲν
807 312 900 378 γὰρ
940 312 1327 378 ὁμολογουμένως
1367 314 1462 363 κατ’
1505 311 1657 363 εἰκόνα
1697 316 1820 363 Θεοῦ
1861 314 1885 362 ὁ

84 488 106 537 β
128 488 226 518 Joan.

83 542 126 561 lv,
146 540 197 571 24.

84 1229 178 1259 Hier.

85 1272 178 1302 xxiii.
195 1281 243 1312 24.

89 1795 103 1815 2
122 1786 195 1816 Cor.

86 1829 140 1858 xii.
156 1837 167 1857 1
178 1838 202 1859 1.

307 391 568 457 ἄνθρωπος,
601 394 628 457 ἡ
665 394 712 444 δὲ
752 394 967 458 ὁμοιότης
1007 395 1061 444 οὐ
1099 393 1364 457 σωματική·
1419 396 1443 444 ὁ
1476 394 1570 460 γὰρ
1604 392 1724 446 Θεός
1756 395 1887 444 ἐστιν

1573 474 1585 491 Ι

307 473 573 537 ἀσώματος.
608 476 842 525 καὶτοῦτο
862 476 1037 543 διδοῖξει
1063 476 1218 540 λε’γων
1238 474 1376 528 αὐτὸς
1403 477 1427 525 ὁ
1450 479 1616 542 Σωτηρ
1644 483 1670 504 “
1691 479 1887 538 Πνεῦμα

307 562 334 583 (ί

306 635 411 685 εἴδει
450 641 719 705 σωματικῷ.
774 637 828 688 τὸ
868 636 959 703 γὰρ
999 638 1090 706 ἔξω
1129 638 1365 700 σώματος,
1399 638 1489 706 ἔξω
1529 640 1603 688 καὶ
1641 637 1888 705 σχήματος

305 718 372 781 εἰἠ
400 719 473 768 ἄν.
529 719 715 769 ἄποσον
741 718 834 785 γὰρ
862 722 937 770 καὶ
971 719 1336 787 ἀσχημάτιστόν
1364 722 1466 770 ἐστι
1496 719 1550 771 τὸ
1583 724 1721 770 θεῖον.
1776 723 1813 770 εὶ
1840 718 1888 770 δὲ

306 800 588 866 νομίζουσιν,
629 799 700 851 ὅτι
745 800 864 851 κατὰ
902 801 987 864 τὴν
1025 807 1108 852 τοῦ
1146 803 1441 867 ἀνθρωπίνου
1479 801 1702 864 σώματος
1740 800 1890 869 φύσιν

306 883 639 949 ἐσχηματίσθη
680 884 756 933 καὶ
794 882 932 936 αὐτὸς
973 884 996 933 ὁ
1032 884 1106 934 ἐπὶ
1145 883 1338 934 ποίντων
1365 882 1497 945 Θεὸς,
1538 883 1813 948 λεγέτωσαν
1851 886 1889 932 εἱ

306 1043 565 1111 ἐργάζηται,
593 1046 668 1096 καὶ
707 1044 988 1113 ὀφθαλμοὺς
1026 1046 1101 1096 ἵνα
1131 1045 1288 1113 βλὲπῃ
1314 1048 1367 1096 δι’
1397 1047 1565 1098 αὐτῶν.
1619 1052 1710 1097 ποῦ
1735 1047 1890 1096 τοίνυν

305 1131 583 1192 περιπατεῖ;
640 1125 668 1190 ὴ
710 1129 760 1177 ἐκ
798 1128 946 1178 ποίων
984 1127 1142 1178 τόπων
1181 1131 1242 1180 εἷς
1279 1128 1441 1181 ποίους
1478 1128 1727 1195 ἀπέρχεται
1769 1128 1793 1177 ὁ
1831 1126 1891 1177 τὰ

305 1207 462 1259 πάντα
485 1212 684 1274 πληρῶν
707 1230 719 1270 ;
765 1208 856 1277 ε”φη
882 1207 976 1275 γάρ
1003 1216 1030 1238 “
1050 1208 1136 1272 Μὴ
1155 1209 1256 1276 οὐχὶ
1282 1208 1364 1259 τὸν
1384 1207 1582 1275 οὐρανὸν
1602 1211 1676 1260 καὶ
1696 1209 1782 1273 τὴν
1799 1212 1891 1275 γῆν

308 1296 333 1318 “
360 1288 451 1355 ἐγὼ
478 1294 648 1355 πληρῶ
675 1290 803 1354 λέγει
833 1289 1005 1355 Κύριος
1027 1291 1078 1353 ;”
1119 1288 1148 1354 ἢ
1175 1291 1312 1344 ποίας
1347 1295 1505 1358 χεῖρας
1536 1295 1597 1344 εἷς
1632 1291 1746 1356 ε”ργα
1779 1295 1897 1341 κινεῖ

306 1372 331 1421 ὁ
357 1370 432 1421 διὰ
463 1370 631 1436 ζῶντος
659 1369 818 1437 Λόγου
845 1374 1172 1438 δημιουργῶνς
1220 1374 1294 1422 καὶ
1319 1375 1354 1422 εἰ
1381 1373 1486 1422 καθ’
1516 1373 1635 1436 ἡμᾶς
1661 1373 1753 1440 ε”χει
1783 1370 1890 1426 τοὺς

305 1452 586 1519 ὀφθαλμοὺς
621 1454 682 1506 ὡς
720 1454 768 1503 ἐν
794 1453 1041 1522 προσώπῳ
1068 1454 1311 1517 κειμένους,
1340 1455 1426 1520 οὐχ
1462 1455 1549 1522 ὁρᾷ
1579 1477 1671 1505 που
1703 1453 1891 1507 πάντως

308 1533 365 1585 τὰ
406 1535 578 1585 ὀπίσω·
638 1536 748 1584 ἀλλ’
790 1535 903 1585 ὅταν
940 1534 1059 1601 πρὸς
1097 1535 1332 1588 ἀνατολὰς
1369 1535 1544 1603 βλέπῃ,
1586 1536 1669 1586 οὐκ
1714 1533 1807 1587 οἶδε
1848 1535 1898 1586 τί

307 1615 600 1682 πράττουσιν
632 1619 673 1666 οἱ
709 1617 758 1666 ἐν
790 1619 1021 1680 δυσμαῖς;
1070 1615 1158 1668 κᾶν
1189 1621 1249 1670 εἷς
1289 1616 1474 1680 δυσμὰς
1510 1617 1584 1685 ’ίδῃ
1619 1616 1780 1679 πάλιν,
1806 1617 1893 1684 οὐχ

310 1699 397 1766 ὁρᾷ
421 1696 528 1751 τοὺς
555 1699 603 1748 ἐν
631 1702 731 1751 ταῖς
759 1699 1010 1752 ἀνατολαῖς
1036 1720 1048 1761 3
1092 1704 1238 1749 ταῦτα
1266 1702 1341 1749 καὶ
1365 1697 1566 1766 γράφειν
1594 1698 1892 1766 αἰσχύνομαι,

310 1779 386 1830 διὰ
424 1779 473 1829 δὲ
507 1778 592 1843 τὴν
631 1784 768 1829 τινῶν
804 1778 1029 1830 ἀπόνοιαν
1067 1780 1239 1846 γε’γονα
1278 1781 1459 1848 ἄφρων,
1494 1782 1580 1848 οὐχ
1614 1779 1732 1831 ἑκὼν
1769 1785 1893 1843 μᾶλ-

310 1870 411 1924 λον,
456 1861 586 1911 ἀλλὰ
635 1862 744 1926 παρ’
794 1863 948 1911 αὐτῶν
992 1861 1367 1927 ἠναγκασμένος.
1422 1862 1893 1927 ἐπιστομιζέσθωσαν

307 1942 460 1993 τοίνυν
498 1946 540 1993 οἱ
578 1948 724 1992 ταῦτα
766 1947 1098 2010 φλυαροῦντες,
1131 1945 1192 1996 ὡς
1227 1945 1430 2005 ἀμαθεῖς,
1458 1946 1532 1994 καὶ
1567 1943 1889 2009 ἠρεμείτωσαν

308 2023 372 2087 μὴ
400 2022 652 2087 ἁπτόμενοι
692 2028 786 2074 τῶν
813 2023 927 2089 ὑπὲρ
955 2025 1162 2088 δύναμιν,
1190 2030 1380 2088 μᾶλλον
1413 2024 1460 2076 δὲ
1499 2024 1563 2088 μὴ
1604 2025 1890 2076 καταλαλεῖ-

363 2211 391 2233 1.
418 2200 558 2244 φρονεῖν
576 2199 756 2243 ἑλομένους
773 2199 839 2233 hoc
857 2199 978 2234 ordine
997 2201 1039 2234 A.
1302 2211 1333 2234 2.
1362 2200 1476 2235 Pauca
1493 2201 1549 2235 hic
1568 2207 1600 2235 et
1617 2201 1706 2235 infra
1723 2202 1803 2236 citat
1822 2203 1894 2236 col-

311 2246 412 2280 lectio
428 2246 707 2280 testimoniorum
725 2246 865 2291 Syriace
882 2247 959 2280 cod.
981 2247 1077 2281 Mus.
1098 2247 1183 2281 Brit.
1201 2246 1280 2281 add.
1304 2257 1413 2292 14532
1433 2248 1491 2282 fol.
1509 2256 1564 2292 79,
1584 2249 1684 2282 titulo
1703 2249 1893 2292 praemisso

361 556 385 604 ὁ
413 556 577 609 Θεός.”
630 556 796 607 οὐκοῦν
822 557 903 607 οὐκ
931 556 1216 619 ἐνσώματος,
1245 561 1282 607 εἰ
1319 556 1501 619 πνεῦμά
1539 559 1682 619 ἐστιν,
1710 556 1813 607 οὐδὲ
1839 557 1887 606 ἐν
1906 574 1930 611 5

261 965 382 1015 Ιοκαὶ
421 963 559 1017 αὐτὸς
597 963 690 1030 ἔχει
727 964 875 1017 πόδας
910 965 985 1015 ἵνα
1026 969 1280 1032 περιπατῇ,
1323 969 1478 1031 χεῖρας
1515 965 1590 1015 ἵνα
1635 966 1689 1015 δι’
1736 965 1889 1015 αὐτῶν
1912 990 1960 1014 10

1914 1396 1960 1433 15

1914 1796 1963 1821 20

313 2311 615 2348 &amaad
632 2294 880 2351 oza-iamin
908 2294 1046 2351 &iah
1082 2302 1312 2369 κὸήὲχκ
1330 2319 1398 2371 ρο
1426 2296 1667 2353 mamm:
1694 2314 1892 2354 mana
1938 2348 1942 2352 .

313 2363 668 2435 κλῦωιωῖκη
698 2378 815 2412 Sancti
844 2378 964 2423 Cyrilli
987 2391 1027 2412 ex
1054 2379 1199 2423 epistola
1225 2379 1267 2412 ad
1287 2379 1439 2413 Calsoris
1461 2380 1673 2424 Episcopum
1692 2381 1893 2415 Arsenoite-

313 2453 412 2474 num.
431 2441 491 2483 μὲν
508 2441 573 2485 ’γὰρ
592 2441 634 2474 Α.
655 2440 731 2485 Syr.
750 2442 811 2484 μὲν
828 2441 886 2475 οὖν
904 2442 956 2475 καὶ
974 2443 1039 2487 γὰρ
1060 2442 1105 2476 D.
1125 2442 1190 2475 Ed.
1257 2453 1289 2486 3.
1318 2442 1412 2476 ε’στιν
1430 2442 1608 2486 ἀσώματος
1625 2443 1691 2477 hoc
1710 2443 1831 2478 ordine
1849 2445 1892 2479 A.

314 2487 346 2521 6.
373 2490 551 2531 σωματικῷ
572 2487 614 2520 Α.
635 2490 793 2530 σώματος
813 2488 880 2521 Ed.
1162 2490 1195 2522 8.
1221 2491 1280 2522 τοῦ
1298 2488 1506 2532 ἀνθρωπίνου
1528 2491 1685 2532 σώματος
1702 2490 1811 2533 φύσιν
1828 2490 1894 2524 hoc

314 2533 435 2566 ordine
454 2534 495 2567 A.
512 2532 621 2577 φύσιν
639 2540 718 2567 ante
735 2536 794 2567 τοῦ
813 2535 1009 2578 transponit,
1027 2534 1094 2568 Ed.
1295 2546 1347 2568 12.
1372 2537 1548 2579 περιπατεῖ
1564 2539 1608 2568 Α.
1626 2535 1808 2581 ἀπέρχεται
1828 2537 1893 2571 Ed.

316 2580 441 2613 Statim
460 2578 477 2622 ἢ
498 2579 540 2612 Α.
560 2579 611 2612 καὶ
631 2579 697 2612 Ed.
771 2579 954 2623 ἀπέρχεται
972 2581 1015 2614 Α.
1033 2581 1226 2623 μεταβαίνει
1246 2580 1312 2614 Ed.
1581 2594 1633 2624 14.
1660 2583 1752 2627 λέγει
1772 2582 1896 2627 Κύριος

315 2626 458 2659 accessit
476 2637 516 2658 ex
536 2626 578 2659 A.
651 2627 767 2669 χεῖρας
785 2626 831 2661 εἷς
848 2627 930 2670 ἔργα
948 2626 1014 2660 hoe
1032 2627 1153 2661 ordine
1171 2627 1213 2660 A.
1558 2628 1610 2662 18.
1637 2628 1780 2673 δυσμαῖς
1793 2629 1820 2673 3]
1843 2630 1895 2663 Ita

315 2672 532 2716 interpungit
550 2672 592 2705 A.
667 2671 979 2715 οὐχ-ἀνατολαῖς;
1009 2673 1052 2706 Α.
1080 2675 1141 2716 ὁρᾷ
1172 2679 1251 2717 post
1280 2673 1459 2708 ἀνατολαῖς
1488 2679 1724 2719 transponunt
1751 2676 1797 2709 D.
1826 2676 1893 2710 Ed.

322 2731 372 2762 19·
399 2720 470 2752 ταῖς
487 2723 707 2761 assumptum
727 2730 767 2751 ex
787 2718 879 2751 A.D.
1062 2730 1117 2752 21.
1143 2720 1234 2752 ἀλλὰ
1252 2726 1472 2762 assumptum
1491 2732 1532 2753 ex
1552 2720 1646 2755 A.D.
1719 2722 1893 2764 ἐπιστομι-

317 2764 679 2808 ζέσθωσαν-ἀμαθεῖς
704 2764 746 2798 Α.
772 2764 882 2798 τοίνυν
907 2765 937 2798 οἱ
963 2767 1066 2798 ταῦτα
1091 2767 1352 2810 φληναφοῦντες
1376 2767 1420 2800 ὡς
1444 2767 1582 2809 ἀμαθεῖς
1607 2767 1894 2811 ε’πιστομιζέσθω-

317 2826 381 2845 σαν
400 2811 464 2845 Ed.
615 2822 669 2844 22.
695 2809 1111 2855 ἠρεμείτωσαν--δύναμιν
1129 2811 1194 2845 hoc
1212 2811 1333 2845 ordine
1352 2812 1394 2846 A.
1412 2810 1642 2857 ἦρεμείτωσαν
1660 2820 1740 2858 post
1757 2814 1895 2858 δύναμιν

317 2858 513 2902 transponit
532 2857 598 2891 Ed.
910 2868 963 2901 23·
989 2858 1033 2901 μὴ
1054 2859 1352 2892 καταλαλείτωσαν
1369 2862 1428 2892 τοῦ
1447 2862 1534 2893 Θεοῦ
1552 2860 1617 2894 hoc
1635 2860 1756 2895 ordine
1773 2861 1817 2895 A.
1835 2863 1896 2895 τοῦ

318 2907 404 2937 Θεοῦ
422 2904 465 2947 μὴ
484 2904 783 2938 καταλαλείτωσαν
804 2903 868 2937 Ed.
