2017 3252
124 340 156 390 S:
169 340 266 371 Joan.

124 394 168 414 XI.
183 392 233 422 43.

123 499 174 531 ΙΙ).
192 500 233 530 iv.
254 499 282 531 6.

347 139 430 178 586
787 139 833 177 B.
869 136 1114 177 CYRILLI
1148 136 1492 177 ALEXANDR.

301 253 327 293 b
347 246 405 312 τῇ
444 244 627 308 θεότητι
667 250 749 295 τοῦ
778 248 1096 309 Μονογενοῦς,
1124 243 1227 294 οὐδὲ
1267 243 1351 306 τὴν
1383 243 1578 307 θεότητα
1616 248 1673 311 τῇ
1707 244 1848 309 σαρκὶ
1883 243 1931 292 ἐν

346 331 446 380 ταῖς
482 327 890 391 θαυματουργίαις·
946 324 974 389 ἢ
1003 329 1077 375 καὶ
1113 325 1183 375 ὅτι
1209 323 1291 375 τὸν
1321 325 1536 390 Λοίζαρον
1563 325 1746 390 ἤγειρεν
1773 326 1821 373 ἐκ
1848 329 1931 373 τοῦ

346 409 570 471 μνημείου
598 406 827 473 φωνήσας
863 408 887 455 ὁ
921 406 1042 459 Θεὸς
1072 406 1229 470 Λόγος
1267 408 1342 456 καὶ
1381 407 1467 472 οὐχ
1500 407 1524 456 ὁ
1562 405 1822 470 ἄνθρωπος,
1855 407 1930 454 καὶ

347 488 416 539 ὅτι
441 490 528 555 οὐχ
555 489 579 538 ὀ
601 488 720 541 Θεὸς
748 487 996 538 ἐκοπίασεν
1024 489 1072 537 ἐν
1093 492 1150 554 τῇ
1173 487 1428 554 ὁδοιπορίᾳ,
1451 488 1561 536 ἀλλ’
1587 488 1610 537 ὁ
1638 486 1930 553 ἀναληφθεὶς

345 569 606 634 ἄνθρωπος,
634 571 708 619 καὶ
748 568 887 621 αὐτὸς
925 570 1140 619 ε’πείνασε
1180 571 1253 619 καὶ
1292 569 1494 635 ἐδίψησε
1537 570 1611 618 καὶ
1652 566 1929 631 ἐσταυρώθη

345 652 420 700 καὶ
441 649 685 700 ἀπέθανεν·
720 650 994 715 ὁλοτρόπως
1021 653 1103 713 τῆς
1124 650 1346 713 ἀληθείας
1373 647 1732 712 διημαρτηκέναι
1760 647 1929 714 φαμὲν,

345 732 421 781 καὶ
446 734 528 794 τῆς
553 730 670 793 μετὰ
697 730 877 797 σαρκός
912 731 1175 793 οἰκονομίας
1208 732 1443 795 ἀγνοῆσαι
1469 729 1523 780 τὸ
1549 727 1828 795 μυστήριον.
1876 729 1930 779 οὐ

344 811 439 876 γὰρ
482 811 600 863 εἷναί
641 817 798 880 φαμεν
842 812 967 865 υἱοὺς
1005 811 1101 875 δυό,
1146 811 1250 863 οὐδὲ
1295 812 1378 862 δύο
1420 811 1659 879 χριστοῦς,
1699 811 1809 860 ἀλλ’
1849 810 1930 860 ἕνα

305 893 560 960 ΟΧριστὸν
599 896 675 945 καὶ
711 894 841 956 Υἱὸν,
880 893 963 945 τὸν
1001 896 1050 944 ἐκ
1090 898 1215 945 Θεοῦ
1254 892 1338 956 μὲν
1384 892 1574 960 Πατρὸς
1613 892 1707 958 πρὸ
1752 890 1929 944 παντὸς

344 979 508 1030 αἰῶνος
547 978 623 1027 καὶ
661 977 832 1043 χρόνου
870 975 1151 1041 γεννηθέντα
1190 974 1315 1026 Θεὸν
1352 977 1603 1040 Μονογενῆ
1643 976 1718 1024 καὶ
1757 971 1922 1023 ἔνυπό-

343 1080 523 1108 στατον
548 1059 691 1109 αὐτοῦ
717 1057 891 1122 Λόγον,
919 1058 968 1107 ἐν
993 1056 1213 1124 ἐσχάτοις
1245 1055 1293 1107 δὲ
1322 1062 1405 1108 τοῦ
1443 1060 1608 1110 αἰῶνος
1647 1061 1821 1121 καιροῖς
1846 1055 1929 1106 τὸν

342 1137 484 1188 αὐτὸν
510 1138 629 1189 κατὰ
664 1138 823 1203 σάρκα
861 1139 911 1188 ἐκ
944 1136 1178 1203 γυναικός.
1233 1137 1297 1201 μὴ
1324 1138 1479 1188 τοίνυν
1504 1136 1929 1203 ἀποδιοριζέτωσαν

342 1220 404 1272 ὡς
443 1220 653 1287 δίψυχοι,
678 1218 794 1283 μηδὲ
835 1219 917 1270 δύο
955 1220 1065 1283 ἡμῖν
1104 1219 1496 1286 εἷσκομιζέτωσαν
1537 1218 1680 1282 υἱοὺς,
1709 1219 1820 1269 ἀλλ’
1848 1218 1929 1268 ἕνα

342 1302 418 1351 καὶ
462 1299 545 1351 τὸν
588 1301 731 1352 αὐτὸν
777 1301 1179 1366 ὁμολογείτωσαν,
1221 1303 1283 1354 ὡς
1327 1299 1760 1367 ε’νανθρωπήσαντα
1803 1303 1928 1350 Θεοῦ

343 1380 519 1446 Λόγον,
558 1384 634 1433 καὶ
672 1383 814 1433 αὐτοῦ
852 1381 1008 1433 πάντα
1047 1384 1124 1433 καὶ
1164 1381 1326 1449 φωνὰς
1366 1385 1440 1432 καὶ
1479 1382 1718 1447 ἐνεργείας.
1772 1379 1926 1445 ἐπειδὴ

342 1463 436 1528 γὰρ
461 1462 519 1526 ἧν
546 1465 570 1514 ὁ
598 1463 736 1517 αὐτὸς
764 1464 885 1518 Θεός
919 1487 966 1514 τε
995 1465 1113 1527 ὁμοῦ
1145 1466 1219 1514 καὶ
1258 1464 1517 1529 ἄνθρωπος,
1545 1468 1689 1514 λαλεῖ
1715 1464 1788 1514 καὶ
1816 1466 1922 1513 θεο-

297 1558 322 1597 d
343 1550 532 1611 πρεπῶς
573 1548 648 1596 καὶ
688 1547 1007 1611 ἀνθρωπίνως·
1061 1548 1238 1611 ἐνεργεῖ
1274 1545 1321 1596 δὲ
1357 1547 1526 1608 ὁμοίως
1553 1544 1711 1596 καὶτὰ
1737 1544 1923 1610 ἀνθρώ-

340 1650 454 1678 πινα
492 1629 568 1678 καὶ
606 1627 665 1678 τὰ
704 1630 953 1693 θεοπρεπῆ.
1007 1627 1120 1678 ὅταν
1158 1628 1313 1678 τοίνυν
1352 1629 1657 1693 ὁμολογῶσιν
1690 1626 1771 1678 ἕνα
1809 1626 1927 1678 Υὶὸν

341 1712 416 1759 καὶ
455 1710 672 1775 Χριστὸν
711 1711 786 1759 καὶ
821 1709 1011 1775 Κύριον,
1051 1708 1377 1760 πεπαύσονται
1416 1712 1696 1774 διαιροῦντες
1735 1710 1926 1772 ἀμαθῶς

340 1792 416 1840 καὶ
450 1790 712 1844 διιστάντες
738 1794 800 1843 εἰς
827 1790 924 1852 δύο,
952 1793 1013 1844 ὡς
1040 1791 1120 1840 ἕνα
1155 1790 1240 1853 μὲν
1267 1794 1420 1844 ἷδικῶς
1447 1792 1522 1840 καὶ
1549 1789 1638 1840 ἀνὰ
1664 1790 1802 1856 μέρος
1827 1789 1925 1841 υἱὸν

341 1875 549 1922 νοεῖσθαι
575 1871 656 1922 τὸν
684 1873 732 1921 ἐκ
760 1875 885 1922 Θεοῦ
915 1871 1106 1937 Πατρὸς
1134 1871 1314 1937 Λόγον,
1344 1872 1500 1937 ἕτερον
1526 1872 1573 1922 δὲ
1599 1871 1747 1922 πάλιν
1773 1874 1925 1924 ὶδικῶς

341 1955 416 2003 καὶ
442 1951 531 2002 ἀνὰ
549 1953 688 2017 με’ρος
715 1951 813 2002 υἱὸν
839 1951 934 2015 τὸν,
955 1955 1017 2006 ὡς
1043 1954 1177 2003 αὐτοί
1200 1958 1366 2021 φασιν,
1384 1953 1718 2020 ἀναληφθέντα
1739 1952 1921 2020 ἅνθρω-

340 2057 446 2085 πον.
504 2034 630 2096 ἡμεῖς
669 2033 762 2099 γὰρ
793 2035 880 2101 οὐχ
919 2036 1065 2087 οὕτως
1105 2034 1273 2101 φαμὲν,
1301 2032 1405 2084 οὐδὲ
1443 2036 1589 2088 οὕτως
1626 2034 1923 2099 πιστεύομεν,

342 2116 453 2165 ἀλλ’
477 2115 546 2165 ὅτι
569 2114 689 2168 Θεὸς
711 2113 776 2165 ὧν
796 2116 820 2165 6
843 2116 999 2181 Λόγος
1025 2116 1213 2181 γε’γονεν
1239 2115 1371 2184 σὰρξ
1393 2116 1638 2166 τουτέστιν
1665 2117 1922 2182 ἄνθρωπος,

340 2197 424 2247 οὐκ
463 2197 726 2257 ἀποβαλὼν
752 2196 806 2247 τὸ
834 2195 946 2247 εἶναι
975 2197 1108 2259 Θεὸς,
1135 2196 1266 2247 ἀλλὰ
1305 2199 1380 2248 καὶ
1409 2198 1676 2261 μεμενηκὼς
1715 2197 1830 2264 ὅπερ
1867 2198 1923 2263 ἧν

340 2279 581 2344 ἀτρέπτως
625 2280 699 2329 καὶ
751 2279 1103 2340 ἀναλλοιώτως,
1152 2281 1227 2329 καὶ
1278 2279 1582 2346 μετεσχηκὼς
1626 2278 1803 2344 σαρκὸς
1848 2283 1924 2331 καὶ

447 2383 579 2426 η’γειρεν
597 2382 632 2414 ἐκ
649 2384 709 2415 τοῦ
726 2382 887 2425 μνημείου
905 2381 972 2417 hoc
990 2381 1111 2415 ordine
1129 2383 1173 2416 A.
1430 2393 1463 2426 3.
1490 2384 1508 2415 6
1527 2383 1611 2417 Θεὸς
1629 2384 1738 2427 Λόγος
1754 2397 1806 2416 και
1824 2384 1888 2429 οὐχ
1905 2386 1923 2419 6

340 2428 515 2470 ἅνθρωπος
534 2428 576 2461 A.
595 2428 730 2461 favente
756 2435 788 2461 et
814 2433 849 2461 Γ.
877 2429 940 2472 οὐχ
964 2430 981 2461 6
1005 2427 1040 2473 [6
1058 2440 1127 2462 om.
1146 2427 1285 2472 Migne]
1306 2429 1481 2471 ἅνθρωπος
1497 2428 1575 2462 ἀλλ’
1594 2431 1611 2461 ὁ
1631 2434 1716 2464 Θεος
1734 2431 1839 2474 λόγος
1855 2430 1922 2466 Ed.

341 2483 374 2515 5.
400 2474 556 2507 ἐπείνασε
569 2475 612 2506 A.
625 2474 779 2516 ἐπείνησε
801 2474 845 2508 D.
865 2474 931 2507 Ed.
991 2475 1188 2518 ἐσταυρώθη
1203 2475 1245 2507 Α.
1253 2475 1296 2507 D.
1313 2482 1345 2507 et
1359 2482 1405 2508 lta
1416 2482 1506 2508 mter
1519 2481 1628 2508 errata
1641 2476 1782 2519 corrigit
1779 2444 1922 2510 qulca-

340 2520 432 2553 nius,
451 2519 683 2562 ἐνεσταυρώθη
704 2520 783 2561 (sic)
804 2520 833 2553 F
838 2520 871 2553 d.
968 2527 971 2529 '
1233 2520 1265 2554 6.
1291 2523 1349 2563 τῆς
1365 2521 1523 2564 ἀληθείας
1540 2521 1793 2565 διημαρτηκέναι
1810 2523 1923 2566 φαμὲν

340 2565 407 2599 hoc
425 2565 545 2599 ordine
564 2565 606 2598 A.
625 2567 737 2609 φαμέν
754 2566 1008 2609 διημαρτηκέναι
1025 2568 1083 2609 τῆς
1099 2566 1257 2610 ἀληθείας
1276 2567 1341 2600 Ed.
1538 2578 1550 2600 Ι
1562 2578 1590 2601 1
1615 2568 1716 2601 αὐτοῦ
1732 2569 1838 2613 λόγον
1854 2568 1921 2603 hoc

340 2612 461 2645 ordine
479 2612 522 2645 A.
826 2623 877 2645 12.
903 2613 946 2655 μὴ
965 2614 1075 2646 τοίνυν
1093 2612 1430 2656 ἅποδιοριζέτωσαν”
1415 2628 1459 2647 ως
1476 2613 1620 2658 δίψυχοι
1645 2614 1712 2648 hoc
1737 2614 1858 2648 Ordine
1875 2615 1920 2649 A.

340 2659 458 2692 Τοίνυν
483 2659 526 2692 ὡς
551 2657 694 2702 δίψυχοι
715 2656 884 2703 [δίψυχον
903 2658 985 2703 Ε11.]
1012 2659 1056 2701 μὴ
1082 2658 1389 2702 ἀποδιοριζετωσαν
1408 2659 1454 2692 D.
1474 2659 1540 2693 Ed.
1747 2671 1816 2720 13.
1841 2660 1920 2695 ἀλλ’

341 2705 383 2737 Α.
391 2705 435 2738 D.
454 2704 545 2737 ἀλλὰ
564 2703 630 2737 Ed.
890 2715 942 2745 14.
968 2705 1166 2749 ὁμολογὴτο
1170 2720 1235 2739 σαν
1252 2706 1295 2739 A.
1549 2705 1602 2740 16.
1629 2705 1668 2749 ἣν
1684 2707 1702 2739 ὁ
1720 2707 1818 2742 αυτὸς
1835 2713 1867 2741 et
1883 2722 1921 2741 τε

340 2752 424 2792 ὁμοῦ
441 2750 508 2784 1100
525 2749 646 2783 ordine
664 2750 707 2783 A.
964 2751 1016 2784 18.
1042 2766 1082 2784 τα
1101 2757 1321 2794 assumptum
1339 2763 1380 2785 ex
1398 2752 1441 2786 A.
1448 2752 1493 2785 D.
1568 2754 1766 2798 ὁμολογῶσι
1783 2753 1826 2786 A.
1831 2758 1866 2787 Γ.
1872 2754 1919 2788 D.

341 2812 399 2830 ουκ
417 2798 627 2842 ὁμολογοῦσι
648 2795 712 2829 Ed.
954 2808 1006 2840 19.
1032 2796 1264 2831 πεπαύσονται
1282 2798 1484 2842 διαιροῦντες
1501 2799 1636 2843 ἀμαθῶς
1652 2799 1718 2833 hoc
1735 2799 1856 2833 ordine
1872 2800 1917 2834 A.

339 2843 570 2877 πεπαύσονται
589 2845 668 2886 post
685 2842 820 2884 ἀμαθῶς
838 2843 1034 2887 transponit
1053 2843 1118 2876 Ed.
1334 2856 1387 2888 23.
1414 2844 1506 2887 ἡμεῖς
1522 2846 1587 2890 γὰρ
1605 2860 1667 2890 ουχ
1685 2860 1790 2880 ουτως
1807 2846 1920 2889 φαμὲν

340 2889 406 2923 hoc
425 2889 546 2922 ordine
565 2890 606 2922 A.
626 2889 738 2933 φαμέν
756 2895 788 2922 et
805 2888 897 2931 ἡμεῖς
915 2890 1003 2922 inter
1020 2901 1055 2922 se
1073 2890 1270 2934 transponit
1289 2890 1354 2924 Ed.
1406 2892 1532 2925 Statim
1550 2892 1627 2925 οὐδὲ
1645 2892 1688 2925 Α.
1695 2891 1739 2925 D.
1758 2890 1828 2925 οὐδ’
1848 2891 1914 2926 Ed.

340 2947 396 2977 24.
421 2935 624 2969 τουτέστιν(
614 2935 789 2979 ἰνθρωπος
806 2942 1027 2979 assumptum
1044 2947 1084 2969 ex
1104 2936 1146 2969 A.
1152 2942 1187 2970 Γ.
1411 2937 1461 2970 26.
1487 2939 1704 2982 μετεσχηκὼς
1721 2938 1846 2981 σαρκὸς
1864 2939 1917 2971 καὶ

339 2981 477 3025 αι’ματος
494 2981 560 3015 hoc
578 2981 699 3015 ordine
718 2983 759 3014 A.
781 2983 997 3025 μετεσχηκὼς
1016 2988 1093 3026 post
1111 2997 1141 3015 αι
1140 2981 1247 3026 ’ματος
1265 2984 1460 3027 tiansponit
1480 2984 1544 3017 Ed.

1951 595 1972 632 5

1951 1001 1999 1026 10

1947 1819 1997 1843 20
