2027 3257
119 189 285 231 [56M.]

98 824 166 855 Col.
181 823 200 854 i.
218 823 266 855 18.

101 1397 117 1418 2
131 1387 164 1420 S.
181 1388 254 1419 Pet.
267 1387 288 1419 i.

98 1441 129 1469 4.

318 125 404 165 264
554 124 603 164 B.
628 122 877 164 CYRILLI
907 121 1259 162 ALEXANDR.
1292 120 1676 162 FRAGMENTA.
1757 119 1812 161 vi.
1836 129 1899 174 15.

317 234 366 283 ἐν
400 232 510 296 ἡμῖν
544 233 606 285 ὡς
646 230 737 298 ζωὴ
776 232 852 281 καὶ
891 227 1127 296 ζωοποιὸς,
1158 228 1234 280 ἵνα
1272 228 1355 280 τὸν
1395 233 1490 282 τοῖς
1532 226 1730 293 μέλεσιν
1769 228 1902 292 ἡμῶν

317 313 655 382 ἐπισκήψαντα
680 312 883 364 θάνατον
908 311 1189 378 καταργήσῃ
1215 311 1269 361 δι’
1297 312 1473 361 ἑαυτοῦ·
1517 312 1593 361 καὶ
1618 315 1755 361 τοῦτο
1780 309 1902 372 ἡμᾶς

316 394 631 447 ἀπαλλάσσει
666 398 849 463 φθορᾶς
884 395 959 444 καὶ
984 397 1079 443 τῶν
1105 397 1188 443 τοῦ
1216 391 1420 443 θανάτου
1446 391 1638 460 βρόχων
1663 393 1738 442 καὶ
1764 391 1896 455 ἀμεί-

319 500 425 531 νους
464 481 590 529 ποιεῖ
619 480 786 527 παθῶν
826 478 1080 541 σαρκικῶν.
1134 476 1210 524 καὶ
1249 471 1478 540 δεχόμεθα
1514 472 1600 537 τὴν
1641 472 1814 538 ἄζυμον
1853 472 1903 522 ἐν

318 559 496 612 ἑαυτοῖς
537 558 848 608 διδασκαλίαν
885 561 979 607 τῶν
1018 556 1154 606 θείων
1196 556 1373 620 λογίων
1410 554 1496 618 τὴν
1536 554 1808 621 τρέφουσαν
1848 551 1901 604 τὸ
1922 572 1944 630 ξ

318 638 610 706 ἡγεμονικὸν,
637 640 712 688 καὶ
739 637 953 703 συζῶμεν
978 639 1194 705 Χριστῷ,
1221 638 1368 699 δῆλον
1394 635 1442 686 δὲ
1469 634 1539 686 ὅτι
1565 639 1901 699 πνευματικῶς,

318 720 664 788 περιγενόμενοι
693 724 788 770 τῶν
813 722 895 783 τῆς
926 717 1106 784 σαρκὸς
1131 719 1313 768 παθῶν.
1368 720 1405 767 εὶ
1431 717 1586 767 τοίνυν
1610 717 1748 770 αὐτός
1774 717 1904 766 ἐστιν

320 810 347 833 ‘⁶
368 803 396 866 ἡ
424 801 610 870 κεφαλὴ
637 806 719 852 τοῦ
745 800 967 864 σώματος
993 802 1076 863 τῆς
1102 799 1394 862 ἐκκλησίας,”
1423 798 1551 861 ἡμεῖς
1577 798 1668 864 ἄρα
1693 796 1836 860 ἐσμὲν
1862 798 1904 847 οἱ

321 885 425 936 καθ’
455 884 633 934 ἕκαστα
662 880 802 946 μέλη·
852 881 966 932 ὅταν
1000 881 1081 932 οὖν
1115 884 1177 934 εἷς
1218 879 1421 933 ἀτόπους
1462 879 1630 943 ἡδονὰς
1673 879 1902 929 καταπίπ-

320 988 487 1028 τωμεν,
508 965 613 1016 τότε
640 963 697 1027 δὴ
723 963 827 1015 τότε
852 961 1266 1027 πλημμελήσομεν
1283 965 1345 1015 εἰς
1365 959 1519 1024 αὑτὸν,
1540 960 1593 1011 οὗ
1614 964 1689 1011 καὶ
1709 959 1905 1026 γεγόνα-
1928 981 1976 1007 10

321 1071 407 1112 μεν
432 1044 570 1111 μέλη·
612 1045 804 1112 πόρνοις
823 1044 917 1111 γὰρ
937 1043 1099 1110 ὥσπερ
1120 1043 1179 1094 τὰ
1199 1044 1340 1094 αὐτοῦ
1365 1042 1664 1110 χαριούμεθα·
1705 1040 1764 1092 τὰ
1783 1040 1906 1104 με’λη

323 1130 465 1180 αὐτοῦ
503 1127 789 1192 μολύνονται
832 1131 890 1194 τῇ
932 1126 1137 1194 ἁμαρτίᾳ
1175 1125 1251 1175 καὶ
1297 1125 1446 1193 πόρνης
1484 1129 1724 1175 ποιοῦνται
1768 1123 1903 1191 μέλη.

320 1211 484 1277 ὥσπερ
510 1209 604 1276 γὰρ
628 1210 652 1260 ὁ
680 1212 862 1275 γυναικὶ
889 1206 1190 1271 κολλώμενος
1219 1206 1268 1256 ἓν
1286 1205 1406 1272 πρὸς
1427 1204 1571 1269 αὐτὴν
1591 1204 1724 1255 ε”σται
1751 1208 1907 1268 σῶμα,

321 1293 468 1345 οὕτως
512 1292 588 1341 καὶ
630 1292 655 1341 ὁ
699 1293 807 1359 Θεῷ
847 1287 1258 1351 συνδεσμούμενος
1299 1291 1472 1351 νοητῶς
1517 1286 1565 1337 ἓν
1607 1286 1726 1353 πρὸς
1766 1285 1908 1336 αὑτὸν

323 1373 459 1424 ἔσται
478 1377 673 1436 πνεῦμα·
701 1370 963 1437 γεγόναμεν
979 1369 1074 1436 γὰρ
1094 1376 1121 1398 “
1129 1370 1253 1423 θείας
1273 1370 1484 1419 κοινωνοὶ
1505 1368 1735 1437 φύσεως,”
1763 1366 1905 1432 συνή-
1930 1391 1977 1430 15

325 1454 510 1524 φθημέν
537 1477 585 1505 τε
612 1455 688 1505 καὶ
712 1451 982 1519 ἡγιάσμεθα
1008 1450 1084 1502 διὰ
1109 1456 1193 1502 τοῦ
1221 1449 1496 1513 Πνεύματος
1521 1451 1569 1500 ἐν
1595 1451 1808 1518 Χριστῷ.

374 1605 404 1628 ῐ.
432 1594 496 1638 ζωὴ
518 1593 565 1627 Η.
586 1594 650 1636 ζωῆ
671 1591 751 1637 (Sic)
768 1591 810 1625 A.
830 1592 893 1633 ζῶν
912 1590 997 1625 Mai.
1065 1588 1287 1624 ἵνα-ἑαυτοῦ
1305 1599 1374 1622 om.
1397 1588 1443 1622 Η.
1635 1596 1713 1632 2-7.
1739 1588 1908 1622 καὶτοῦτο

323 1641 486 1700 -παθῶν
506 1641 602 1674 Haec
620 1644 842 1673 accesserunt
860 1649 902 1671 ex
921 1638 969 1671 H.
1148 1644 1250 1693 7—11.
1276 1634 1438 1678 εἷ-μέλη
1465 1633 1579 1679 prius]
1601 1634 1723 1669 Paullo
1741 1634 1839 1668 aliter
1859 1635 1907 1669 H.

325 1688 397 1722 ἐπεὶ
418 1687 476 1721 οὐν
494 1689 511 1720 ὁ
530 1687 678 1730 Χριστὸς
701 1684 833 1729 κεφαλή
852 1684 947 1718 ἐστιν
963 1684 1021 1725 τῆς·
1043 1681 1235 1726 ἐκκλησίας,
1252 1683 1384 1716 πάντως
1400 1680 1493 1724 ἡμεῖς
1519 1682 1549 1714 οἱ
1573 1681 1647 1715 καθ’
1667 1695 1793 1716 εκαστα
1809 1680 1908 1724 μέλη.

325 1735 383 1768 ἐὰν
400 1733 458 1768 οὐν
473 1731 724 1778 πορνεὺσωμεν,
744 1731 790 1766 εἷς
806 1732 864 1764 τὸν
879 1731 1026 1775 χριστὸν
1042 1731 1317 1773 πλημμελοῦμεν,
1337 1727 1375 1761 οὗ
1392 1729 1576 1772 γεγόναμεν
1592 1727 1689 1771 με’λη.
1797 1728 1831 1762 8.
1857 1727 1906 1773 οἱ]

325 1782 367 1815 τὰ
384 1780 546 1814 emendat
565 1779 699 1823 Migne,
719 1776 779 1812 sed
797 1788 878 1811 cum
896 1776 996 1810 editis
1015 1781 1186 1809 consonat
1206 1775 1267 1815 H.
1286 1775 1332 1809 cf.
1347 1781 1420 1808 not.
1439 1786 1550 1818 praec.
1703 1784 1756 1807 10.
1783 1774 1836 1807 καὶ
1854 1786 1909 1808 as-

327 1832 509 1871 sumptum
529 1837 570 1859 ex
588 1825 633 1858 A.
830 1834 883 1857 11.
909 1822 1123 1867 χαρισόμεθα
1141 1822 1184 1856 A.
1201 1820 1594 1867 πόρνοις-χαριούμεθα
1611 1831 1684 1854 non
1701 1820 1840 1854 exhibet
1860 1821 1908 1854 H.

329 1874 429 1910 Quae
458 1877 655 1917 sequuntur
683 1869 786 1904 nobis
814 1869 1014 1915 suppeditat
1044 1868 1092 1903 H.
1319 1878 1372 1909 14.
1400 1869 1474 1912 Θεῷ
1492 1867 1595 1910 edidi,
1615 1868 1700 1902 Θεὸς
1717 1873 1777 1900 aut
1796 1867 1829 1901 H
1849 1872 1909 1901 aut

327 1921 414 1954 male
432 1917 692 1954 transcribens
685 1928 770 1962 1pse.
