<?xml version="1.0" encoding="UTF-8"?>
<!DOCTYPE html PUBLIC "-//W3C//DTD XHTML 1.0 Transitional//EN"
    "http://www.w3.org/TR/xhtml1/DTD/xhtml1-transitional.dtd">
<html xmlns="http://www.w3.org/1999/xhtml" xml:lang="en" lang="en">
 <head>
  <title>
</title>
<meta http-equiv="Content-Type" content="text/html;charset=utf-8" />
  <meta name='ocr-system' content='tesseract 3.04.00' />
  <meta name='ocr-capabilities' content='ocr_page ocr_carea ocr_par ocr_line ocrx_word'/>
</head>
<body>
  <div class='ocr_page' id='page_1' title='image "./operacyrilli05cyriuoft/operacyrilli05cyriuoft_0292.png"; bbox 0 0 2027 3257; ppageno 0'>
   <div class='ocr_carea' id='block_1_1' title="bbox 114 187 277 228">
    <p class='ocr_par' dir='ltr' id='par_1_1' title="bbox 114 187 277 228">
     <span class='ocr_line' id='line_1_1' title="bbox 114 187 277 228; baseline -0.012 -9"><span class='ocrx_word' id='word_1_1' title='bbox 114 187 277 228; x_wconf 49' lang='grc' dir='ltr'>ΜΛΝ</span> 
     </span>
    </p>
   </div>
   <div class='ocr_carea' id='block_1_2' title="bbox 97 534 262 587">
    <p class='ocr_par' dir='ltr' id='par_1_2' title="bbox 97 534 262 587">
     <span class='ocr_line' id='line_1_2' title="bbox 97 534 262 587; baseline 0 -13"><span class='ocrx_word' id='word_1_2' title='bbox 97 537 200 587; x_wconf 82' lang='grc' dir='ltr'>Κεφ.</span> <span class='ocrx_word' id='word_1_3' title='bbox 226 534 262 575; x_wconf 80' lang='grc' dir='ltr'>ι’.</span> 
     </span>
    </p>
   </div>
   <div class='ocr_carea' id='block_1_3' title="bbox 92 2294 283 2376">
    <p class='ocr_par' dir='ltr' id='par_1_3' title="bbox 92 2294 283 2376">
     <span class='ocr_line' id='line_1_3' title="bbox 92 2294 283 2325; baseline 0.005 -1"><span class='ocrx_word' id='word_1_4' title='bbox 92 2294 195 2325; x_wconf 84' lang='lat' dir='ltr'><strong>Num.</strong></span> <span class='ocrx_word' id='word_1_5' title='bbox 208 2305 283 2325; x_wconf 82' lang='lat' dir='ltr'>xxv.</span> 
     </span>
     <span class='ocr_line' id='line_1_4' title="bbox 98 2346 167 2376; baseline 0 -9"><span class='ocrx_word' id='word_1_6' title='bbox 98 2346 167 2376; x_wconf 81' lang='lat'><strong>1—3.</strong></span> 
     </span>
    </p>
   </div>
   <div class='ocr_carea' id='block_1_4' title="bbox 314 120 1892 164">
    <p class='ocr_par' dir='ltr' id='par_1_4' title="bbox 314 120 1892 164">
     <span class='ocr_line' id='line_1_5' title="bbox 314 120 1892 164; baseline 0.001 -2"><span class='ocrx_word' id='word_1_7' title='bbox 314 122 398 162; x_wconf 77' lang='lat'>278</span> <span class='ocrx_word' id='word_1_8' title='bbox 548 121 598 161; x_wconf 93' lang='lat' dir='ltr'>B.</span> <span class='ocrx_word' id='word_1_9' title='bbox 632 120 879 161; x_wconf 90' lang='lat' dir='ltr'>CYRILLI</span> <span class='ocrx_word' id='word_1_10' title='bbox 917 121 1266 162; x_wconf 87' lang='lat' dir='ltr'><strong>ALEXANDR.</strong></span> <span class='ocrx_word' id='word_1_11' title='bbox 1305 122 1677 163; x_wconf 83' lang='lat' dir='ltr'><strong>FRAGMENTA</strong></span> <span class='ocrx_word' id='word_1_12' title='bbox 1799 140 1836 164; x_wconf 84' lang='lat' dir='ltr'>x.</span> <span class='ocrx_word' id='word_1_13' title='bbox 1860 138 1892 164; x_wconf 86' lang='lat'>1.</span> 
     </span>
    </p>
   </div>
   <div class='ocr_carea' id='block_1_5' title="bbox 704 382 1509 431">
    <p class='ocr_par' dir='ltr' id='par_1_5' title="bbox 704 382 1509 431">
     <span class='ocr_line' id='line_1_6' title="bbox 704 382 1509 431; baseline 0.001 -1"><span class='ocrx_word' id='word_1_14' title='bbox 704 382 978 430; x_wconf 86' lang='grc' dir='ltr'><strong>ΤΟΜΟΣ</strong></span> <span class='ocrx_word' id='word_1_15' title='bbox 1037 383 1080 429; x_wconf 89' lang='grc' dir='ltr'>Δ</span> <span class='ocrx_word' id='word_1_16' title='bbox 1141 382 1398 430; x_wconf 84' lang='grc' dir='ltr'><strong>ΛΟΓΟΣ</strong></span> <span class='ocrx_word' id='word_1_17' title='bbox 1457 383 1509 431; x_wconf 93' lang='grc' dir='ltr'>Γ.</span> 
     </span>
    </p>
   </div>
   <div class='ocr_carea' id='block_1_6' title="bbox 373 533 1830 593">
    <p class='ocr_par' dir='ltr' id='par_1_6' title="bbox 373 533 1830 593">
     <span class='ocr_line' id='line_1_7' title="bbox 373 533 1830 593; baseline 0 -17"><span class='ocrx_word' id='word_1_18' title='bbox 373 536 431 576; x_wconf 86' lang='grc' dir='ltr'>Οὐ</span> <span class='ocrx_word' id='word_1_19' title='bbox 470 537 585 577; x_wconf 72' lang='grc' dir='ltr'>Θέλω</span> <span class='ocrx_word' id='word_1_20' title='bbox 623 536 667 577; x_wconf 70' lang='grc' dir='ltr'>δὲ</span> <span class='ocrx_word' id='word_1_21' title='bbox 708 537 814 585; x_wconf 68' lang='grc' dir='ltr'>ὑμᾶς</span> <span class='ocrx_word' id='word_1_22' title='bbox 853 533 1034 587; x_wconf 62' lang='grc' dir='ltr'>οἶς-νοεῖν,</span> <span class='ocrx_word' id='word_1_23' title='bbox 1073 535 1270 592; x_wconf 72' lang='grc' dir='ltr'>ἀδελφοὶ,</span> <span class='ocrx_word' id='word_1_24' title='bbox 1307 537 1372 578; x_wconf 81' lang='grc' dir='ltr'>ὅτι</span> <span class='ocrx_word' id='word_1_25' title='bbox 1410 535 1447 577; x_wconf 82' lang='grc' dir='ltr'>οἰ</span> <span class='ocrx_word' id='word_1_26' title='bbox 1486 537 1671 593; x_wconf 73' lang='grc' dir='ltr'>Πατὲρεε</span> <span class='ocrx_word' id='word_1_27' title='bbox 1709 536 1830 585; x_wconf 63' lang='grc' dir='ltr'>ἡμῶν</span> 
     </span>
    </p>
   </div>
   <div class='ocr_carea' id='block_1_7' title="bbox 719 616 1498 675">
    <p class='ocr_par' dir='ltr' id='par_1_7' title="bbox 719 616 1498 675">
     <span class='ocr_line' id='line_1_8' title="bbox 719 616 1498 675; baseline 0.006 -16"><span class='ocrx_word' id='word_1_28' title='bbox 719 620 876 660; x_wconf 70' lang='grc' dir='ltr'>Πάντες</span> <span class='ocrx_word' id='word_1_29' title='bbox 914 619 995 661; x_wconf 80' lang='grc' dir='ltr'>ὑπὸ</span> <span class='ocrx_word' id='word_1_30' title='bbox 1033 619 1110 660; x_wconf 59' lang='grc' dir='ltr'>τήν</span> <span class='ocrx_word' id='word_1_31' title='bbox 1148 620 1335 675; x_wconf 78' lang='grc' dir='ltr'>νεφὲλΗν</span> <span class='ocrx_word' id='word_1_32' title='bbox 1375 616 1498 664; x_wconf 59' lang='grc' dir='ltr'>ἦσαν.</span> 
     </span>
    </p>
   </div>
   <div class='ocr_carea' id='block_1_8' title="bbox 313 726 1970 2669">
    <p class='ocr_par' dir='ltr' id='par_1_8' title="bbox 314 726 1939 1201">
     <span class='ocr_line' id='line_1_9' title="bbox 392 726 1897 793; baseline 0 -16"><span class='ocrx_word' id='word_1_33' title='bbox 392 727 728 792; x_wconf 84' lang='grc' dir='ltr'>Παραγγείλας</span> <span class='ocrx_word' id='word_1_34' title='bbox 765 727 788 776; x_wconf 84' lang='grc' dir='ltr'>ὁ</span> <span class='ocrx_word' id='word_1_35' title='bbox 822 731 1017 780; x_wconf 78' lang='grc' dir='ltr'>Παῦλος</span> <span class='ocrx_word' id='word_1_36' title='bbox 1055 726 1119 791; x_wconf 82' lang='grc' dir='ltr'>μὴ</span> <span class='ocrx_word' id='word_1_37' title='bbox 1160 727 1333 778; x_wconf 85' lang='grc' dir='ltr'>ἐσθίειν</span> <span class='ocrx_word' id='word_1_38' title='bbox 1372 727 1585 793; x_wconf 77' lang='grc' dir='ltr'>ἱερόθυτα</span> <span class='ocrx_word' id='word_1_39' title='bbox 1623 732 1719 781; x_wconf 82' lang='grc' dir='ltr'>τοῖς</span> <span class='ocrx_word' id='word_1_40' title='bbox 1759 729 1897 789; x_wconf 81' lang='grc' dir='ltr'>δῆθεν</span> 
     </span>
     <span class='ocr_line' id='line_1_10' title="bbox 315 807 1939 875; baseline 0 -17"><span class='ocrx_word' id='word_1_41' title='bbox 315 809 496 860; x_wconf 84' lang='grc' dir='ltr'>τελείαν</span> <span class='ocrx_word' id='word_1_42' title='bbox 534 808 697 875; x_wconf 80' lang='grc' dir='ltr'>ε”χουσι</span> <span class='ocrx_word' id='word_1_43' title='bbox 734 813 931 873; x_wconf 83' lang='grc' dir='ltr'>γνῶσιν,</span> <span class='ocrx_word' id='word_1_44' title='bbox 961 813 1175 875; x_wconf 82' lang='grc' dir='ltr'>πειρᾶται</span> <span class='ocrx_word' id='word_1_45' title='bbox 1213 807 1383 859; x_wconf 81' lang='grc' dir='ltr'>λοιπὸν</span> <span class='ocrx_word' id='word_1_46' title='bbox 1414 810 1678 860; x_wconf 82' lang='grc' dir='ltr'>ἀναπείθειν</span> <span class='ocrx_word' id='word_1_47' title='bbox 1715 810 1764 859; x_wconf 86' lang='grc' dir='ltr'>ἐκ</span> <span class='ocrx_word' id='word_1_48' title='bbox 1802 813 1896 859; x_wconf 83' lang='grc' dir='ltr'>τῶν</span> <span class='ocrx_word' id='word_1_49' title='bbox 1917 828 1939 866; x_wconf 89' lang='lat'>5</span> 
     </span>
     <span class='ocr_line' id='line_1_11' title="bbox 315 888 1893 958; baseline 0 -19"><span class='ocrx_word' id='word_1_50' title='bbox 315 894 409 943; x_wconf 80' lang='grc' dir='ltr'>τοῖς</span> <span class='ocrx_word' id='word_1_51' title='bbox 443 889 755 956; x_wconf 75' lang='grc' dir='ltr'>ἀρχαιοτέροις</span> <span class='ocrx_word' id='word_1_52' title='bbox 791 888 1096 953; x_wconf 77' lang='grc' dir='ltr'>συμβάντων,</span> <span class='ocrx_word' id='word_1_53' title='bbox 1125 890 1195 940; x_wconf 80' lang='grc' dir='ltr'>ὅτι</span> <span class='ocrx_word' id='word_1_54' title='bbox 1227 889 1280 941; x_wconf 82' lang='grc' dir='ltr'>τὸ</span> <span class='ocrx_word' id='word_1_55' title='bbox 1307 893 1467 958; x_wconf 81' lang='grc' dir='ltr'>χρῆμα</span> <span class='ocrx_word' id='word_1_56' title='bbox 1494 891 1577 940; x_wconf 84' lang='grc' dir='ltr'>οὐκ</span> <span class='ocrx_word' id='word_1_57' title='bbox 1614 890 1744 940; x_wconf 71' lang='grc' dir='ltr'>ἔστιν</span> <span class='ocrx_word' id='word_1_58' title='bbox 1769 889 1893 940; x_wconf 83' lang='grc' dir='ltr'>ε’πώ-</span> 
     </span>
     <span class='ocr_line' id='line_1_12' title="bbox 316 970 1898 1039; baseline -0.001 -17"><span class='ocrx_word' id='word_1_59' title='bbox 316 979 472 1039; x_wconf 88' lang='grc' dir='ltr'>φελες,</span> <span class='ocrx_word' id='word_1_60' title='bbox 494 971 623 1022; x_wconf 81' lang='grc' dir='ltr'>ἀλλὰ</span> <span class='ocrx_word' id='word_1_61' title='bbox 649 976 840 1034; x_wconf 82' lang='grc' dir='ltr'>μᾶλλον</span> <span class='ocrx_word' id='word_1_62' title='bbox 866 971 1145 1039; x_wconf 79' lang='grc' dir='ltr'>ἐπισφαλὲς,</span> <span class='ocrx_word' id='word_1_63' title='bbox 1165 974 1240 1022; x_wconf 80' lang='grc' dir='ltr'>καὶ</span> <span class='ocrx_word' id='word_1_64' title='bbox 1267 972 1337 1022; x_wconf 80' lang='grc' dir='ltr'>ὅτι</span> <span class='ocrx_word' id='word_1_65' title='bbox 1363 977 1458 1025; x_wconf 83' lang='grc' dir='ltr'>τοῖς</span> <span class='ocrx_word' id='word_1_66' title='bbox 1484 973 1656 1022; x_wconf 82' lang='grc' dir='ltr'>ἀδικεῖν</span> <span class='ocrx_word' id='word_1_67' title='bbox 1682 970 1898 1021; x_wconf 78' lang='grc' dir='ltr'>εἰωθόσιν</span> 
     </span>
     <span class='ocr_line' id='line_1_13' title="bbox 314 1050 1897 1120; baseline -0.002 -17"><span class='ocrx_word' id='word_1_68' title='bbox 314 1056 544 1117; x_wconf 82' lang='grc' dir='ltr'>ἐπιπηδᾶν</span> <span class='ocrx_word' id='word_1_69' title='bbox 583 1055 665 1104; x_wconf 78' lang='grc' dir='ltr'>οὐκ</span> <span class='ocrx_word' id='word_1_70' title='bbox 703 1052 907 1118; x_wconf 72' lang='grc' dir='ltr'>ἀζήμιον·</span> <span class='ocrx_word' id='word_1_71' title='bbox 961 1053 1228 1119; x_wconf 73' lang='grc' dir='ltr'>ἀποκομίζει</span> <span class='ocrx_word' id='word_1_72' title='bbox 1273 1053 1368 1120; x_wconf 79' lang='grc' dir='ltr'>γὰρ</span> <span class='ocrx_word' id='word_1_73' title='bbox 1413 1057 1474 1106; x_wconf 82' lang='grc' dir='ltr'>εἰς</span> <span class='ocrx_word' id='word_1_74' title='bbox 1512 1052 1566 1104; x_wconf 81' lang='grc' dir='ltr'>τὸ</span> <span class='ocrx_word' id='word_1_75' title='bbox 1607 1056 1721 1118; x_wconf 80' lang='grc' dir='ltr'>δρᾶν</span> <span class='ocrx_word' id='word_1_76' title='bbox 1763 1050 1794 1102; x_wconf 79' lang='grc' dir='ltr'><em>ἃ</em></span> <span class='ocrx_word' id='word_1_77' title='bbox 1832 1050 1897 1115; x_wconf 88' lang='grc' dir='ltr'>μὴ</span> 
     </span>
     <span class='ocr_line' id='line_1_14' title="bbox 315 1134 1894 1201; baseline -0.002 -15"><span class='ocrx_word' id='word_1_78' title='bbox 315 1136 456 1198; x_wconf 80' lang='grc' dir='ltr'>θέμις,</span> <span class='ocrx_word' id='word_1_79' title='bbox 495 1136 893 1199; x_wconf 87' lang='grc' dir='ltr'>καταδονουμένης</span> <span class='ocrx_word' id='word_1_80' title='bbox 930 1134 1134 1189; x_wconf 79' lang='grc' dir='ltr'>εὐκόλως</span> <span class='ocrx_word' id='word_1_81' title='bbox 1171 1138 1253 1199; x_wconf 79' lang='grc' dir='ltr'>τῆς</span> <span class='ocrx_word' id='word_1_82' title='bbox 1291 1134 1542 1201; x_wconf 84' lang='grc' dir='ltr'>ἀνθρώπου</span> <span class='ocrx_word' id='word_1_83' title='bbox 1581 1135 1783 1186; x_wconf 82' lang='grc' dir='ltr'>διανοίας</span> <span class='ocrx_word' id='word_1_84' title='bbox 1822 1134 1894 1201; x_wconf 87' lang='grc' dir='ltr'>ἐφ’</span> 
     </span>
    </p>

    <p class='ocr_par' dir='ltr' id='par_1_9' title="bbox 313 1215 1970 2669">
     <span class='ocr_line' id='line_1_15' title="bbox 315 1215 1970 1284; baseline -0.002 -17"><span class='ocrx_word' id='word_1_85' title='bbox 315 1216 347 1267; x_wconf 81' lang='grc' dir='ltr'><em>ἃ</em></span> <span class='ocrx_word' id='word_1_86' title='bbox 371 1217 434 1280; x_wconf 83' lang='grc' dir='ltr'>μὴ</span> <span class='ocrx_word' id='word_1_87' title='bbox 460 1220 672 1283; x_wconf 85' lang='grc' dir='ltr'>προσῆκε</span> <span class='ocrx_word' id='word_1_88' title='bbox 697 1215 816 1267; x_wconf 75' lang='grc' dir='ltr'>κατὰ</span> <span class='ocrx_word' id='word_1_89' title='bbox 841 1216 1015 1284; x_wconf 80' lang='grc' dir='ltr'>βραχύ.</span> <span class='ocrx_word' id='word_1_90' title='bbox 1072 1216 1252 1284; x_wconf 85' lang='grc' dir='ltr'>δέχεται</span> <span class='ocrx_word' id='word_1_91' title='bbox 1291 1217 1446 1267; x_wconf 83' lang='grc' dir='ltr'>τοίνυν</span> <span class='ocrx_word' id='word_1_92' title='bbox 1480 1217 1562 1267; x_wconf 78' lang='grc' dir='ltr'>οὐκ</span> <span class='ocrx_word' id='word_1_93' title='bbox 1599 1218 1799 1279; x_wconf 82' lang='grc' dir='ltr'>ἀκαλλῆ</span> <span class='ocrx_word' id='word_1_94' title='bbox 1815 1220 1897 1265; x_wconf 84' lang='grc' dir='ltr'>τοῦ</span> <span class='ocrx_word' id='word_1_95' title='bbox 1923 1239 1970 1263; x_wconf 94' lang='lat'>10</span> 
     </span>
     <span class='ocr_line' id='line_1_16' title="bbox 313 1296 1897 1367; baseline -0.001 -18"><span class='ocrx_word' id='word_1_96' title='bbox 313 1299 591 1365; x_wconf 80' lang='grc' dir='ltr'>πράγματος</span> <span class='ocrx_word' id='word_1_97' title='bbox 635 1297 800 1360; x_wconf 81' lang='grc' dir='ltr'>εἰκόνα,</span> <span class='ocrx_word' id='word_1_98' title='bbox 840 1303 1031 1361; x_wconf 81' lang='grc' dir='ltr'>μᾶλλον</span> <span class='ocrx_word' id='word_1_99' title='bbox 1073 1297 1121 1349; x_wconf 83' lang='grc' dir='ltr'>δὲ</span> <span class='ocrx_word' id='word_1_100' title='bbox 1165 1301 1241 1349; x_wconf 84' lang='grc' dir='ltr'>καὶ</span> <span class='ocrx_word' id='word_1_101' title='bbox 1280 1301 1389 1349; x_wconf 87' lang='grc' dir='ltr'>λίαν</span> <span class='ocrx_word' id='word_1_102' title='bbox 1428 1296 1800 1367; x_wconf 79' lang='grc' dir='ltr'>ἐμφερεστάτην,</span> <span class='ocrx_word' id='word_1_103' title='bbox 1838 1296 1897 1348; x_wconf 79' lang='grc' dir='ltr'>τὰ</span> 
     </span>
     <span class='ocr_line' id='line_1_17' title="bbox 313 1378 1893 1449; baseline -0.001 -18"><span class='ocrx_word' id='word_1_104' title='bbox 313 1386 408 1433; x_wconf 80' lang='grc' dir='ltr'>τοῖς</span> <span class='ocrx_word' id='word_1_105' title='bbox 453 1381 510 1449; x_wconf 77' lang='grc' dir='ltr'>ἐξ</span> <span class='ocrx_word' id='word_1_106' title='bbox 550 1380 743 1443; x_wconf 85' lang='grc' dir='ltr'>αἵματος</span> <span class='ocrx_word' id='word_1_107' title='bbox 784 1379 987 1446; x_wconf 86' lang='grc' dir='ltr'>Ἰσραὴλ</span> <span class='ocrx_word' id='word_1_108' title='bbox 1031 1380 1373 1444; x_wconf 76' lang='grc' dir='ltr'>συμβεβηκότα</span> <span class='ocrx_word' id='word_1_109' title='bbox 1414 1379 1534 1431; x_wconf 79' lang='grc' dir='ltr'>κατὰ</span> <span class='ocrx_word' id='word_1_110' title='bbox 1576 1378 1662 1443; x_wconf 88' lang='grc' dir='ltr'>τὴν</span> <span class='ocrx_word' id='word_1_111' title='bbox 1706 1379 1893 1445; x_wconf 68' lang='grc' dir='ltr'>ἔρημον·</span> 
     </span>
     <span class='ocr_line' id='line_1_18' title="bbox 314 1460 1896 1528; baseline -0.001 -16"><span class='ocrx_word' id='word_1_112' title='bbox 314 1462 605 1513; x_wconf 80' lang='grc' dir='ltr'>ἀποδεικνύοι</span> <span class='ocrx_word' id='word_1_113' title='bbox 639 1460 688 1512; x_wconf 78' lang='grc' dir='ltr'>δὲ</span> <span class='ocrx_word' id='word_1_114' title='bbox 723 1463 798 1512; x_wconf 79' lang='grc' dir='ltr'>καὶ</span> <span class='ocrx_word' id='word_1_115' title='bbox 832 1461 965 1525; x_wconf 81' lang='grc' dir='ltr'>μάλα</span> <span class='ocrx_word' id='word_1_116' title='bbox 996 1466 1195 1528; x_wconf 82' lang='grc' dir='ltr'>γοργῶς,</span> <span class='ocrx_word' id='word_1_117' title='bbox 1223 1461 1293 1512; x_wconf 77' lang='grc' dir='ltr'>ὅτι</span> <span class='ocrx_word' id='word_1_118' title='bbox 1318 1461 1372 1512; x_wconf 80' lang='grc' dir='ltr'>τὸ</span> <span class='ocrx_word' id='word_1_119' title='bbox 1398 1461 1551 1528; x_wconf 73' lang='grc' dir='ltr'>συζῆν</span> <span class='ocrx_word' id='word_1_120' title='bbox 1578 1460 1757 1512; x_wconf 76' lang='grc' dir='ltr'>ἐθέλειν</span> <span class='ocrx_word' id='word_1_121' title='bbox 1783 1460 1896 1511; x_wconf 86' lang='grc' dir='ltr'>ἀπί-</span> 
     </span>
     <span class='ocr_line' id='line_1_19' title="bbox 314 1540 1898 1610; baseline -0.001 -16"><span class='ocrx_word' id='word_1_122' title='bbox 314 1567 447 1598; x_wconf 85' lang='grc' dir='ltr'>στοις</span> <span class='ocrx_word' id='word_1_123' title='bbox 479 1544 575 1594; x_wconf 79' lang='grc' dir='ltr'>οὐδ’</span> <span class='ocrx_word' id='word_1_124' title='bbox 604 1542 662 1594; x_wconf 79' lang='grc' dir='ltr'>ἂν</span> <span class='ocrx_word' id='word_1_125' title='bbox 687 1544 842 1597; x_wconf 83' lang='grc' dir='ltr'>αὐτοῖς</span> <span class='ocrx_word' id='word_1_126' title='bbox 872 1544 1055 1610; x_wconf 84' lang='grc' dir='ltr'>γένοιτο</span> <span class='ocrx_word' id='word_1_127' title='bbox 1093 1548 1189 1597; x_wconf 84' lang='grc' dir='ltr'>τοῖς</span> <span class='ocrx_word' id='word_1_128' title='bbox 1227 1543 1570 1609; x_wconf 85' lang='grc' dir='ltr'>ἐρηρεισμένοις</span> <span class='ocrx_word' id='word_1_129' title='bbox 1609 1541 1816 1607; x_wconf 78' lang='grc' dir='ltr'>ἀζήμιον.</span> <span class='ocrx_word' id='word_1_130' title='bbox 1873 1540 1898 1592; x_wconf 72' lang='grc' dir='ltr'><strong><em>ὃ</em></strong></span> 
     </span>
     <span class='ocr_line' id='line_1_20' title="bbox 315 1624 1969 1692; baseline -0.002 -16"><span class='ocrx_word' id='word_1_131' title='bbox 315 1625 363 1677; x_wconf 80' lang='grc' dir='ltr'>δὲ</span> <span class='ocrx_word' id='word_1_132' title='bbox 403 1626 540 1691; x_wconf 80' lang='grc' dir='ltr'>λέγει,</span> <span class='ocrx_word' id='word_1_133' title='bbox 580 1625 719 1676; x_wconf 79' lang='grc' dir='ltr'>τοῦτό</span> <span class='ocrx_word' id='word_1_134' title='bbox 759 1627 905 1676; x_wconf 84' lang='grc' dir='ltr'>ἐστιν·</span> <span class='ocrx_word' id='word_1_135' title='bbox 965 1627 1251 1676; x_wconf 81' lang='grc' dir='ltr'>ἐτελειοῦντο</span> <span class='ocrx_word' id='word_1_136' title='bbox 1291 1624 1368 1675; x_wconf 76' lang='grc' dir='ltr'>διὰ</span> <span class='ocrx_word' id='word_1_137' title='bbox 1404 1628 1486 1688; x_wconf 81' lang='grc' dir='ltr'>τῆς</span> <span class='ocrx_word' id='word_1_138' title='bbox 1519 1624 1719 1692; x_wconf 84' lang='grc' dir='ltr'>νεφέλης</span> <span class='ocrx_word' id='word_1_139' title='bbox 1754 1625 1802 1673; x_wconf 86' lang='grc' dir='ltr'>ἐν</span> <span class='ocrx_word' id='word_1_140' title='bbox 1840 1626 1898 1690; x_wconf 84' lang='grc' dir='ltr'>τῇ</span> <span class='ocrx_word' id='word_1_141' title='bbox 1923 1651 1969 1690; x_wconf 86' lang='lat'>15</span> 
     </span>
     <span class='ocr_line' id='line_1_21' title="bbox 315 1705 1896 1775; baseline -0.002 -17"><span class='ocrx_word' id='word_1_142' title='bbox 315 1707 560 1775; x_wconf 78' lang='grc' dir='ltr'>θαλάσσῃ,</span> <span class='ocrx_word' id='word_1_143' title='bbox 585 1706 734 1771; x_wconf 88' lang='grc' dir='ltr'>μέσης</span> <span class='ocrx_word' id='word_1_144' title='bbox 768 1707 1086 1773; x_wconf 87' lang='grc' dir='ltr'>ἐπηρτημένης</span> <span class='ocrx_word' id='word_1_145' title='bbox 1121 1707 1276 1761; x_wconf 79' lang='grc' dir='ltr'>αὐτοῖς</span> <span class='ocrx_word' id='word_1_146' title='bbox 1311 1710 1394 1771; x_wconf 82' lang='grc' dir='ltr'>τῆς</span> <span class='ocrx_word' id='word_1_147' title='bbox 1429 1707 1646 1775; x_wconf 78' lang='grc' dir='ltr'>νεφέλης,</span> <span class='ocrx_word' id='word_1_148' title='bbox 1676 1705 1896 1770; x_wconf 83' lang='grc' dir='ltr'>μεσιτεύ-</span> 
     </span>
     <span class='ocr_line' id='line_1_22' title="bbox 315 1787 1899 1856; baseline -0.001 -17"><span class='ocrx_word' id='word_1_149' title='bbox 315 1812 448 1842; x_wconf 89' lang='grc' dir='ltr'>οντος</span> <span class='ocrx_word' id='word_1_150' title='bbox 477 1789 709 1851; x_wconf 78' lang='grc' dir='ltr'>Μωσέως,</span> <span class='ocrx_word' id='word_1_151' title='bbox 737 1792 778 1839; x_wconf 82' lang='grc' dir='ltr'>οἱ</span> <span class='ocrx_word' id='word_1_152' title='bbox 805 1792 887 1852; x_wconf 83' lang='grc' dir='ltr'>τῆς</span> <span class='ocrx_word' id='word_1_153' title='bbox 923 1789 1136 1843; x_wconf 86' lang='grc' dir='ltr'>δουλείας</span> <span class='ocrx_word' id='word_1_154' title='bbox 1171 1789 1550 1854; x_wconf 82' lang='grc' dir='ltr'>ἀπηλλαγμένοι·</span> <span class='ocrx_word' id='word_1_155' title='bbox 1603 1788 1785 1856; x_wconf 76' lang='grc' dir='ltr'>ἔφαγον</span> <span class='ocrx_word' id='word_1_156' title='bbox 1816 1787 1899 1839; x_wconf 81' lang='grc' dir='ltr'>τὸν</span> 
     </span>
     <span class='ocr_line' id='line_1_23' title="bbox 315 1868 1898 1939; baseline -0.001 -18"><span class='ocrx_word' id='word_1_157' title='bbox 315 1871 458 1937; x_wconf 79' lang='grc' dir='ltr'>ἄρτον</span> <span class='ocrx_word' id='word_1_158' title='bbox 483 1870 565 1921; x_wconf 82' lang='grc' dir='ltr'>τὸν</span> <span class='ocrx_word' id='word_1_159' title='bbox 590 1871 647 1939; x_wconf 75' lang='grc' dir='ltr'>ἐξ</span> <span class='ocrx_word' id='word_1_160' title='bbox 669 1871 881 1936; x_wconf 80' lang='grc' dir='ltr'>οὐρανοῦ,</span> <span class='ocrx_word' id='word_1_161' title='bbox 907 1870 1037 1921; x_wconf 76' lang='grc' dir='ltr'>ἔπιον</span> <span class='ocrx_word' id='word_1_162' title='bbox 1066 1870 1120 1921; x_wconf 80' lang='grc' dir='ltr'>τὸ</span> <span class='ocrx_word' id='word_1_163' title='bbox 1146 1869 1279 1932; x_wconf 89' lang='grc' dir='ltr'>πόμα</span> <span class='ocrx_word' id='word_1_164' title='bbox 1303 1869 1357 1921; x_wconf 82' lang='grc' dir='ltr'>τὸ</span> <span class='ocrx_word' id='word_1_165' title='bbox 1384 1869 1624 1936; x_wconf 74' lang='grc' dir='ltr'>ζωοποιόν·</span> <span class='ocrx_word' id='word_1_166' title='bbox 1677 1868 1898 1921; x_wconf 90' lang='grc' dir='ltr'>πεπότικε</span> 
     </span>
     <span class='ocr_line' id='line_1_24' title="bbox 314 1949 1900 2018; baseline -0.001 -16"><span class='ocrx_word' id='word_1_167' title='bbox 314 1952 407 2018; x_wconf 75' lang='grc' dir='ltr'>γὰρ</span> <span class='ocrx_word' id='word_1_168' title='bbox 446 1951 613 2006; x_wconf 74' lang='grc' dir='ltr'>αὐτοὺς</span> <span class='ocrx_word' id='word_1_169' title='bbox 652 1953 676 2002; x_wconf 85' lang='grc' dir='ltr'><strong>ὁ</strong></span> <span class='ocrx_word' id='word_1_170' title='bbox 704 1950 917 2018; x_wconf 79' lang='grc' dir='ltr'>Χριστὸς</span> <span class='ocrx_word' id='word_1_171' title='bbox 955 1951 1093 2006; x_wconf 81' lang='grc' dir='ltr'>αὐτὸς</span> <span class='ocrx_word' id='word_1_172' title='bbox 1131 1950 1195 2002; x_wconf 77' lang='grc' dir='ltr'>ὧν</span> <span class='ocrx_word' id='word_1_173' title='bbox 1234 1952 1261 2014; x_wconf 85' lang='grc' dir='ltr'>ἡ</span> <span class='ocrx_word' id='word_1_174' title='bbox 1300 1951 1465 2016; x_wconf 88' lang='grc' dir='ltr'>πέτρα·</span> <span class='ocrx_word' id='word_1_175' title='bbox 1522 1953 1598 2002; x_wconf 78' lang='grc' dir='ltr'>καὶ</span> <span class='ocrx_word' id='word_1_176' title='bbox 1636 1949 1728 2017; x_wconf 81' lang='grc' dir='ltr'>γάρ</span> <span class='ocrx_word' id='word_1_177' title='bbox 1767 1952 1900 2001; x_wconf 86' lang='grc' dir='ltr'>ἐστιν</span> 
     </span>
     <span class='ocr_line' id='line_1_25' title="bbox 315 2031 1970 2099; baseline -0.001 -15"><span class='ocrx_word' id='word_1_178' title='bbox 315 2035 583 2099; x_wconf 79' lang='grc' dir='ltr'>ἄθραυστος</span> <span class='ocrx_word' id='word_1_179' title='bbox 621 2036 682 2087; x_wconf 85' lang='grc' dir='ltr'>ὡς</span> <span class='ocrx_word' id='word_1_180' title='bbox 710 2032 831 2087; x_wconf 75' lang='grc' dir='ltr'>Θεὸς</span> <span class='ocrx_word' id='word_1_181' title='bbox 872 2033 958 2084; x_wconf 77' lang='grc' dir='ltr'>κᾶν</span> <span class='ocrx_word' id='word_1_182' title='bbox 983 2037 1020 2084; x_wconf 79' lang='grc' dir='ltr'>εἶ</span> <span class='ocrx_word' id='word_1_183' title='bbox 1055 2033 1287 2085; x_wconf 91' lang='grc' dir='ltr'>πέπονθεν</span> <span class='ocrx_word' id='word_1_184' title='bbox 1313 2032 1430 2083; x_wconf 82' lang='grc' dir='ltr'>ἑκὼν</span> <span class='ocrx_word' id='word_1_185' title='bbox 1456 2039 1539 2084; x_wconf 84' lang='grc' dir='ltr'>τοῦ</span> <span class='ocrx_word' id='word_1_186' title='bbox 1573 2032 1775 2084; x_wconf 77' lang='grc' dir='ltr'>θανάτου</span> <span class='ocrx_word' id='word_1_187' title='bbox 1813 2031 1899 2096; x_wconf 86' lang='grc' dir='ltr'>τὴν</span> <span class='ocrx_word' id='word_1_188' title='bbox 1921 2059 1970 2084; x_wconf 90' lang='lat'>20</span> 
     </span>
     <span class='ocr_line' id='line_1_26' title="bbox 315 2112 1903 2183; baseline -0.001 -17"><span class='ocrx_word' id='word_1_189' title='bbox 315 2116 504 2183; x_wconf 76' lang='grc' dir='ltr'>ἔφοδον.</span> <span class='ocrx_word' id='word_1_190' title='bbox 565 2121 877 2179; x_wconf 87' lang='grc' dir='ltr'>πνευματικοῦ</span> <span class='ocrx_word' id='word_1_191' title='bbox 921 2114 969 2166; x_wconf 76' lang='grc' dir='ltr'>δὲ</span> <span class='ocrx_word' id='word_1_192' title='bbox 1007 2115 1286 2181; x_wconf 81' lang='grc' dir='ltr'>πράγματος</span> <span class='ocrx_word' id='word_1_193' title='bbox 1323 2116 1744 2181; x_wconf 84' lang='grc' dir='ltr'>προανατυπώσεις</span> <span class='ocrx_word' id='word_1_194' title='bbox 1783 2112 1903 2165; x_wconf 76' lang='grc' dir='ltr'>εἶναι’</span> 
     </span>
     <span class='ocr_line' id='line_1_27' title="bbox 316 2196 1899 2265; baseline 0.001 -17"><span class='ocrx_word' id='word_1_195' title='bbox 316 2204 472 2265; x_wconf 88' lang='grc' dir='ltr'>φαμεν</span> <span class='ocrx_word' id='word_1_196' title='bbox 515 2196 575 2247; x_wconf 77' lang='grc' dir='ltr'>τὰ</span> <span class='ocrx_word' id='word_1_197' title='bbox 617 2203 823 2248; x_wconf 85' lang='grc' dir='ltr'>τοιαῦτα·</span> <span class='ocrx_word' id='word_1_198' title='bbox 883 2199 959 2248; x_wconf 81' lang='grc' dir='ltr'>καὶ</span> <span class='ocrx_word' id='word_1_199' title='bbox 1003 2198 1051 2248; x_wconf 85' lang='grc' dir='ltr'>τί</span> <span class='ocrx_word' id='word_1_200' title='bbox 1091 2196 1210 2260; x_wconf 78' lang='grc' dir='ltr'>μετὰ</span> <span class='ocrx_word' id='word_1_201' title='bbox 1257 2202 1395 2248; x_wconf 84' lang='grc' dir='ltr'>τοῦτο</span> <span class='ocrx_word' id='word_1_202' title='bbox 1439 2201 1535 2250; x_wconf 82' lang='grc' dir='ltr'>τοῖς</span> <span class='ocrx_word' id='word_1_203' title='bbox 1579 2196 1899 2263; x_wconf 67' lang='grc' dir='ltr'>ἀρχαιοτεροις</span> 
     </span>
     <span class='ocr_line' id='line_1_28' title="bbox 315 2277 1901 2346; baseline -0.002 -17"><span class='ocrx_word' id='word_1_204' title='bbox 315 2279 493 2343; x_wconf 80' lang='grc' dir='ltr'>συνέβη</span> <span class='ocrx_word' id='word_1_205' title='bbox 515 2301 527 2342; x_wconf 82' lang='lat'><em>3</em></span> <span class='ocrx_word' id='word_1_206' title='bbox 563 2277 976 2346; x_wconf 82' lang='grc' dir='ltr'>προσκεκρούκασι</span> <span class='ocrx_word' id='word_1_207' title='bbox 1004 2279 1052 2329; x_wconf 80' lang='grc' dir='ltr'>δὲ</span> <span class='ocrx_word' id='word_1_208' title='bbox 1078 2279 1182 2330; x_wconf 87' lang='grc' dir='ltr'>τίνα</span> <span class='ocrx_word' id='word_1_209' title='bbox 1206 2278 1383 2344; x_wconf 89' lang='grc' dir='ltr'>τρόπον</span> <span class='ocrx_word' id='word_1_210' title='bbox 1404 2299 1415 2339; x_wconf 89' lang='grc'><strong>;</strong></span> <span class='ocrx_word' id='word_1_211' title='bbox 1449 2277 1828 2341; x_wconf 84' lang='grc' dir='ltr'>ἐβεβηλώθησαν</span> <span class='ocrx_word' id='word_1_212' title='bbox 1852 2278 1901 2326; x_wconf 83' lang='grc' dir='ltr'>ἐν</span> 
     </span>
     <span class='ocr_line' id='line_1_29' title="bbox 317 2357 1893 2427; baseline -0.001 -16"><span class='ocrx_word' id='word_1_213' title='bbox 317 2364 475 2423; x_wconf 75' lang='grc' dir='ltr'>Σαττὶ,</span> <span class='ocrx_word' id='word_1_214' title='bbox 502 2361 874 2427; x_wconf 81' lang='grc' dir='ltr'>λελατρεύκασιν</span> <span class='ocrx_word' id='word_1_215' title='bbox 900 2359 1121 2423; x_wconf 77' lang='grc' dir='ltr'>εἰδώλοις,</span> <span class='ocrx_word' id='word_1_216' title='bbox 1146 2359 1469 2424; x_wconf 84' lang='grc' dir='ltr'>ἐτελέσθησαν</span> <span class='ocrx_word' id='word_1_217' title='bbox 1495 2361 1561 2427; x_wconf 72' lang='grc' dir='ltr'>τῷ</span> <span class='ocrx_word' id='word_1_218' title='bbox 1588 2357 1893 2426; x_wconf 81' lang='grc' dir='ltr'>Βεελφεγώρ.</span> 
     </span>
     <span class='ocr_line' id='line_1_30' title="bbox 315 2441 1968 2511; baseline -0.002 -18"><span class='ocrx_word' id='word_1_219' title='bbox 315 2444 444 2509; x_wconf 78' lang='grc' dir='ltr'>ἄθρει</span> <span class='ocrx_word' id='word_1_220' title='bbox 483 2442 540 2507; x_wconf 88' lang='grc' dir='ltr'>δὴ</span> <span class='ocrx_word' id='word_1_221' title='bbox 565 2444 646 2493; x_wconf 78' lang='grc' dir='ltr'>οὖν</span> <span class='ocrx_word' id='word_1_222' title='bbox 672 2442 798 2496; x_wconf 81' lang='grc' dir='ltr'>ὅπως</span> <span class='ocrx_word' id='word_1_223' title='bbox 826 2447 868 2493; x_wconf 78' lang='grc' dir='ltr'>οἱ</span> <span class='ocrx_word' id='word_1_224' title='bbox 903 2445 950 2493; x_wconf 84' lang='grc' dir='ltr'>ἐν</span> <span class='ocrx_word' id='word_1_225' title='bbox 976 2445 1034 2511; x_wconf 83' lang='grc' dir='ltr'>τῇ</span> <span class='ocrx_word' id='word_1_226' title='bbox 1070 2443 1244 2511; x_wconf 86' lang='grc' dir='ltr'>νεφέλῃ</span> <span class='ocrx_word' id='word_1_227' title='bbox 1276 2445 1351 2493; x_wconf 80' lang='grc' dir='ltr'>καὶ</span> <span class='ocrx_word' id='word_1_228' title='bbox 1377 2444 1425 2493; x_wconf 87' lang='grc' dir='ltr'>ἐν</span> <span class='ocrx_word' id='word_1_229' title='bbox 1450 2447 1508 2510; x_wconf 85' lang='grc' dir='ltr'>τῇ</span> <span class='ocrx_word' id='word_1_230' title='bbox 1541 2441 1772 2509; x_wconf 78' lang='grc' dir='ltr'>θαλάσσῃ</span> <span class='ocrx_word' id='word_1_231' title='bbox 1810 2447 1894 2501; x_wconf 79' lang='grc' dir='ltr'>βε-</span> <span class='ocrx_word' id='word_1_232' title='bbox 1920 2460 1968 2498; x_wconf 87' lang='lat'>25</span> 
     </span>
     <span class='ocr_line' id='line_1_31' title="bbox 315 2522 1899 2592; baseline -0.001 -18"><span class='ocrx_word' id='word_1_233' title='bbox 315 2522 642 2587; x_wconf 88' lang='grc' dir='ltr'>βαπτισμένοι,</span> <span class='ocrx_word' id='word_1_234' title='bbox 670 2525 817 2574; x_wconf 90' lang='grc' dir='ltr'>καίτοι</span> <span class='ocrx_word' id='word_1_235' title='bbox 845 2523 1078 2592; x_wconf 84' lang='grc' dir='ltr'>φάγοντες</span> <span class='ocrx_word' id='word_1_236' title='bbox 1110 2523 1193 2574; x_wconf 81' lang='grc' dir='ltr'>τὸν</span> <span class='ocrx_word' id='word_1_237' title='bbox 1219 2524 1362 2590; x_wconf 78' lang='grc' dir='ltr'>ἄρτον</span> <span class='ocrx_word' id='word_1_238' title='bbox 1387 2522 1469 2573; x_wconf 79' lang='grc' dir='ltr'>τὸν</span> <span class='ocrx_word' id='word_1_239' title='bbox 1500 2523 1556 2591; x_wconf 75' lang='grc' dir='ltr'>ἐξ</span> <span class='ocrx_word' id='word_1_240' title='bbox 1588 2524 1786 2589; x_wconf 80' lang='grc' dir='ltr'>οὐρανοῦ</span> <span class='ocrx_word' id='word_1_241' title='bbox 1823 2526 1899 2573; x_wconf 88' lang='grc' dir='ltr'>καὶ</span> 
     </span>
     <span class='ocr_line' id='line_1_32' title="bbox 314 2603 1893 2669; baseline -0.001 -13"><span class='ocrx_word' id='word_1_242' title='bbox 314 2605 445 2669; x_wconf 90' lang='grc' dir='ltr'>πόμα</span> <span class='ocrx_word' id='word_1_243' title='bbox 482 2606 666 2658; x_wconf 87' lang='grc' dir='ltr'>πίοντες</span> <span class='ocrx_word' id='word_1_244' title='bbox 699 2604 753 2656; x_wconf 80' lang='grc' dir='ltr'>τὸ</span> <span class='ocrx_word' id='word_1_245' title='bbox 787 2604 1099 2668; x_wconf 81' lang='grc' dir='ltr'>πνευματικὸν</span> <span class='ocrx_word' id='word_1_246' title='bbox 1124 2603 1498 2668; x_wconf 80' lang='grc' dir='ltr'>συνεπλάκησαν</span> <span class='ocrx_word' id='word_1_247' title='bbox 1524 2604 1608 2668; x_wconf 80' lang='grc' dir='ltr'>μὲν</span> <span class='ocrx_word' id='word_1_248' title='bbox 1635 2609 1730 2658; x_wconf 82' lang='grc' dir='ltr'>τοῖς</span> <span class='ocrx_word' id='word_1_249' title='bbox 1762 2607 1893 2655; x_wconf 81' lang='grc' dir='ltr'>εἰδω-</span> 
     </span>
    </p>
   </div>
   <div class='ocr_carea' id='block_1_9' title="bbox 315 2707 1898 2985">
    <p class='ocr_par' dir='ltr' id='par_1_10' title="bbox 315 2707 1898 2985">
     <span class='ocr_line' id='line_1_33' title="bbox 367 2707 1897 2755; baseline -0.001 -11"><span class='ocrx_word' id='word_1_250' title='bbox 367 2721 442 2755; x_wconf 81' lang='lat'><strong>1—3.</strong></span> <span class='ocrx_word' id='word_1_251' title='bbox 471 2710 524 2744; x_wconf 86' lang='lat' dir='ltr'>Ita</span> <span class='ocrx_word' id='word_1_252' title='bbox 543 2710 590 2744; x_wconf 90' lang='lat' dir='ltr'>H.</span> <span class='ocrx_word' id='word_1_253' title='bbox 890 2723 924 2752; x_wconf 89' lang='lat'>4.</span> <span class='ocrx_word' id='word_1_254' title='bbox 952 2710 994 2744; x_wconf 91' lang='lat' dir='ltr'>In</span> <span class='ocrx_word' id='word_1_255' title='bbox 1012 2709 1078 2744; x_wconf 88' lang='lat' dir='ltr'>hoc</span> <span class='ocrx_word' id='word_1_256' title='bbox 1097 2709 1229 2743; x_wconf 84' lang='lat' dir='ltr'>scholio</span> <span class='ocrx_word' id='word_1_257' title='bbox 1247 2708 1404 2743; x_wconf 85' lang='lat' dir='ltr'>ordinem</span> <span class='ocrx_word' id='word_1_258' title='bbox 1427 2708 1473 2743; x_wconf 87' lang='lat' dir='ltr'>H.</span> <span class='ocrx_word' id='word_1_259' title='bbox 1493 2715 1664 2754; x_wconf 85' lang='lat' dir='ltr'>sequutus</span> <span class='ocrx_word' id='word_1_260' title='bbox 1682 2720 1772 2743; x_wconf 85' lang='lat' dir='ltr'>sum.</span> <span class='ocrx_word' id='word_1_261' title='bbox 1822 2707 1897 2743; x_wconf 90' lang='lat' dir='ltr'>Ine.</span> 
     </span>
     <span class='ocr_line' id='line_1_34' title="bbox 317 2755 1898 2802; baseline -0.001 -12"><span class='ocrx_word' id='word_1_262' title='bbox 317 2759 621 2802; x_wconf 84' lang='grc' dir='ltr'>Προανατυπώσεις</span> <span class='ocrx_word' id='word_1_263' title='bbox 645 2755 727 2790; x_wconf 78' lang='grc' dir='ltr'>εἶναι’</span> <span class='ocrx_word' id='word_1_264' title='bbox 752 2758 864 2800; x_wconf 84' lang='grc' dir='ltr'>φαμεν</span> <span class='ocrx_word' id='word_1_265' title='bbox 889 2758 928 2790; x_wconf 84' lang='grc' dir='ltr'>τὰ</span> <span class='ocrx_word' id='word_1_266' title='bbox 954 2756 1066 2790; x_wconf 85' lang='grc' dir='ltr'>τοιάδε</span> <span class='ocrx_word' id='word_1_267' title='bbox 1091 2759 1157 2789; x_wconf 82' lang='grc' dir='ltr'>τῶν</span> <span class='ocrx_word' id='word_1_268' title='bbox 1183 2755 1459 2799; x_wconf 85' lang='grc' dir='ltr'>κατορθωμάτων,</span> <span class='ocrx_word' id='word_1_269' title='bbox 1486 2762 1519 2789; x_wconf 81' lang='lat' dir='ltr'>et</span> <span class='ocrx_word' id='word_1_270' title='bbox 1540 2757 1653 2801; x_wconf 72' lang='lat' dir='ltr'>pergit</span> <span class='ocrx_word' id='word_1_271' title='bbox 1670 2755 1898 2799; x_wconf 73' lang='grc' dir='ltr'>καὶ-ἔφοδον</span> 
     </span>
     <span class='ocr_line' id='line_1_35' title="bbox 319 2801 1895 2848; baseline -0.001 -11"><span class='ocrx_word' id='word_1_272' title='bbox 319 2803 369 2848; x_wconf 88' lang='lat' dir='ltr'>[p.</span> <span class='ocrx_word' id='word_1_273' title='bbox 387 2814 465 2848; x_wconf 87' lang='lat'><strong>279,</strong></span> <span class='ocrx_word' id='word_1_274' title='bbox 486 2804 629 2844; x_wconf 76' lang='lat'>10-280‚</span> <span class='ocrx_word' id='word_1_275' title='bbox 643 2814 662 2847; x_wconf 84' lang='lat'><em>3</em></span> <span class='ocrx_word' id='word_1_276' title='bbox 678 2807 712 2837; x_wconf 79' lang='lat' dir='ltr'>et</span> <span class='ocrx_word' id='word_1_277' title='bbox 727 2802 815 2847; x_wconf 82' lang='lat' dir='ltr'>not.]</span> <span class='ocrx_word' id='word_1_278' title='bbox 837 2803 888 2836; x_wconf 84' lang='grc' dir='ltr'>καὶ</span> <span class='ocrx_word' id='word_1_279' title='bbox 908 2801 1223 2847; x_wconf 45' lang='grc' dir='ltr'>ιη’-*γνωσθήσεται</span> <span class='ocrx_word' id='word_1_280' title='bbox 1238 2801 1359 2847; x_wconf 88' lang='lat' dir='ltr'><strong>[22—p.</strong></span> <span class='ocrx_word' id='word_1_281' title='bbox 1373 2812 1451 2846; x_wconf 72' lang='lat'><strong>279,</strong></span> <span class='ocrx_word' id='word_1_282' title='bbox 1466 2801 1504 2847; x_wconf 90' lang='lat'>9]</span> <span class='ocrx_word' id='word_1_283' title='bbox 1521 2802 1599 2845; x_wconf 70' lang='lat' dir='ltr'>Ed„</span> <span class='ocrx_word' id='word_1_284' title='bbox 1618 2807 1791 2846; x_wconf 83' lang='lat' dir='ltr'>praeterea</span> <span class='ocrx_word' id='word_1_285' title='bbox 1805 2812 1895 2845; x_wconf 88' lang='lat'>4-19</span> 
     </span>
     <span class='ocr_line' id='line_1_36' title="bbox 317 2848 1896 2895; baseline -0.001 -13"><span class='ocrx_word' id='word_1_286' title='bbox 317 2850 417 2884; x_wconf 83' lang='lat' dir='ltr'>nobis</span> <span class='ocrx_word' id='word_1_287' title='bbox 437 2849 636 2894; x_wconf 77' lang='lat' dir='ltr'>suppeditat</span> <span class='ocrx_word' id='word_1_288' title='bbox 657 2849 708 2895; x_wconf 71' lang='lat' dir='ltr'>H.⁴</span> <span class='ocrx_word' id='word_1_289' title='bbox 864 2860 918 2893; x_wconf 70' lang='lat' dir='ltr'>23v</span> <span class='ocrx_word' id='word_1_290' title='bbox 947 2849 981 2882; x_wconf 75' lang='grc' dir='ltr'>ἐν</span> <span class='ocrx_word' id='word_1_291' title='bbox 999 2849 1097 2882; x_wconf 77' lang='grc' dir='ltr'>σιιττὶ</span> <span class='ocrx_word' id='word_1_292' title='bbox 1117 2860 1186 2882; x_wconf 86' lang='lat' dir='ltr'>om.</span> <span class='ocrx_word' id='word_1_293' title='bbox 1209 2849 1255 2882; x_wconf 91' lang='lat' dir='ltr'>H.</span> <span class='ocrx_word' id='word_1_294' title='bbox 1276 2849 1401 2882; x_wconf 81' lang='lat' dir='ltr'>retinui</span> <span class='ocrx_word' id='word_1_295' title='bbox 1420 2860 1459 2881; x_wconf 75' lang='lat' dir='ltr'>ex</span> <span class='ocrx_word' id='word_1_296' title='bbox 1481 2848 1546 2882; x_wconf 85' lang='lat' dir='ltr'>Ed.</span> <span class='ocrx_word' id='word_1_297' title='bbox 1715 2858 1769 2889; x_wconf 77' lang='lat'>24.</span> <span class='ocrx_word' id='word_1_298' title='bbox 1794 2848 1896 2887; x_wconf 83' lang='grc' dir='ltr'>βεελ-</span> 
     </span>
     <span class='ocr_line' id='line_1_37' title="bbox 315 2892 1894 2941; baseline -0.001 -12"><span class='ocrx_word' id='word_1_299' title='bbox 315 2895 451 2941; x_wconf 75' lang='grc' dir='ltr'>φεγώρ]</span> <span class='ocrx_word' id='word_1_300' title='bbox 477 2896 632 2939; x_wconf 48' lang='grc' dir='ltr'>-Ήέπειδὴ</span> <span class='ocrx_word' id='word_1_301' title='bbox 649 2893 718 2940; x_wconf 73' lang='grc' dir='ltr'>γὰβ</span> <span class='ocrx_word' id='word_1_302' title='bbox 734 2895 799 2929; x_wconf 83' lang='lat' dir='ltr'>Ed.</span> <span class='ocrx_word' id='word_1_303' title='bbox 1010 2904 1134 2939; x_wconf 81' lang='lat'><strong>25-27.</strong></span> <span class='ocrx_word' id='word_1_304' title='bbox 1161 2894 1524 2937; x_wconf 77' lang='grc' dir='ltr'>ι’ίθρει--πνευματικὸν</span> <span class='ocrx_word' id='word_1_305' title='bbox 1546 2900 1766 2929; x_wconf 74' lang='lat' dir='ltr'>accesserunt</span> <span class='ocrx_word' id='word_1_306' title='bbox 1783 2905 1823 2928; x_wconf 83' lang='lat' dir='ltr'>ex</span> <span class='ocrx_word' id='word_1_307' title='bbox 1845 2892 1894 2927; x_wconf 89' lang='lat' dir='ltr'>H.</span> 
     </span>
     <span class='ocr_line' id='line_1_38' title="bbox 318 2941 1443 2985; baseline -0.002 -9"><span class='ocrx_word' id='word_1_308' title='bbox 318 2942 441 2976; x_wconf 58' lang='lat' dir='ltr'>Statim</span> <span class='ocrx_word' id='word_1_309' title='bbox 461 2943 693 2985; x_wconf 79' lang='grc' dir='ltr'>ἐνεπλάκησαν</span> <span class='ocrx_word' id='word_1_310' title='bbox 710 2942 754 2975; x_wconf 80' lang='grc' dir='ltr'>ΙΙ.</span> <span class='ocrx_word' id='word_1_311' title='bbox 948 2951 1000 2985; x_wconf 76' lang='lat'>27.</span> <span class='ocrx_word' id='word_1_312' title='bbox 1019 2942 1078 2984; x_wconf 72' lang='grc' dir='ltr'>μέν</span> <span class='ocrx_word' id='word_1_313' title='bbox 1097 2947 1317 2984; x_wconf 74' lang='lat' dir='ltr'>assumptum</span> <span class='ocrx_word' id='word_1_314' title='bbox 1337 2954 1375 2974; x_wconf 80' lang='lat' dir='ltr'>cx</span> <span class='ocrx_word' id='word_1_315' title='bbox 1399 2941 1443 2974; x_wconf 81' lang='grc' dir='ltr'>Η.</span> 
     </span>
    </p>
   </div>
  </div>
 </body>
</html>
