1986 3282
87 154 289 208 xviii.17.
339 155 410 196 IN
452 156 495 197 S.
530 156 871 198 JOANNEM.
934 157 1060 199 LIB.
1093 158 1172 199 XI.
1235 158 1370 201 CAP.
1403 160 1508 202 XII.
1627 161 1679 201 31

88 263 253 317 παιδὸς
295 265 323 328 ἡ
367 264 567 332 τήρησις
608 267 692 317 οὐκ
734 267 980 318 ἀκίνδυνον
1019 268 1156 318 ἐτίθει
1207 273 1304 321 τοῖς
1352 269 1407 319 οὐ
1450 268 1682 335 πρότερον

89 346 404 412 ἐγνωσμένοις
442 347 528 411 τὴν
568 352 630 402 εἰς
674 347 729 399 τὸ
769 348 884 399 ε’ίσω
927 349 1253 417 παραδρομήν.
1302 352 1376 401 καὶ
1419 355 1681 416 βιασθῆναι

88 427 176 494 μὲν
213 427 267 480 τὸ
313 429 508 495 γύναιον
543 431 617 482 ὑπ’
644 431 814 498 ἀνδρὸς
851 430 909 495 ἧν
942 431 1094 496 δήπου
1131 431 1321 486 πάντως
1360 434 1414 484 οὐ
1453 433 1681 501 χαλεπὸν,

88 515 184 562 τῶν
210 511 357 577 γεμὴν
383 512 648 564 τελούντων
674 517 735 567 εἰς
756 513 954 583 ἀταξίαν
980 514 1292 580 ἐγκλημάτων
1319 516 1400 566 οὐκ
1417 515 1678 583 ἐλεύθερον.
1699 541 1722 568 e

48 612 71 650 5
91 594 292 660 εἴργεται
328 595 494 657 τοίνυν,
523 596 584 648 ὡς
620 595 677 664 ἐξ
708 594 929 662 ἀνάγκης,
956 597 1106 648 καίτοι
1140 599 1251 648 λίαν
1283 596 1443 649 ἀλύων
1470 599 1494 649 ὁ
1521 603 1677 663 μαθη-

89 673 186 739 τὴς,
212 674 374 743 μέχρις
400 675 459 727 ἂν
486 677 540 727 οὐ
565 678 763 744 μετρίως
789 682 1093 743 λελυπῆσθαι
1120 679 1197 730 διὰ
1227 680 1403 745 ταύτην
1429 680 1572 732 αὐτὸν
1596 680 1684 745 τὴν

90 759 242 809 αἰτίαν
280 757 508 823 ἐννοήσας
547 760 572 810 ὁ
616 759 783 827 ἕτερος,
828 760 1238 826 συνεισκεκόμικεν
1281 763 1444 832 ἑαυτῷ,
1484 767 1542 831 τῇ
1586 767 1684 817 τοῖς

89 844 285 891 πυλῶσι
334 841 723 911 προσεδρευούσῃ
768 843 1008 908 λαλήσας,
1054 847 1129 896 καὶ
1170 842 1310 913 χάριν
1353 843 1556 910 αἰτήσας
1601 850 1684 896 τοῦ

91 922 411 989 συζηλοῦντος
445 924 571 993 αὐτῷ
605 925 690 989 τὴν
721 925 1065 991 συνεισβολήν.

1704 1040 1909 1076 31023A.

27 1128 75 1154 10
92 1119 209 1164 ΛὲΓει
246 1117 320 1161 οὖν
347 1122 408 1175 τῷ
437 1122 592 1179 Πέτρῳ
627 1123 650 1163 ἡ
690 1122 892 1166 ambiam*
933 1124 956 1165 ἡ
997 1126 1194 1183 θυρωρός
1219 1125 1292 1167 Ma
1333 1126 1401 1167 καὶ
1435 1126 1483 1168 σὺ
1519 1126 1566 1167 ἐκ
1599 1125 1685 1168 τῶν
1709 1142 1753 1182 17

154 1215 358 1263 μαΘΗτών
386 1211 425 1257 εἶ
456 1220 531 1258 τοῦ
566 1216 800 1274 ἀνθρώπου
834 1219 1014 1272 τούτου,·
1058 1220 1173 1268 λὲι-ει
1206 1218 1371 1262 ἐκεῖνος
1398 1220 1487 1262 Οὐκ
1521 1219 1620 1270 εἰμί.

172 1344 570 1409 Προηγγελκότος
609 1344 697 1409 ἤδη
736 1349 803 1415 τῷ
842 1347 1009 1417 Πέτρῳ
1047 1347 1134 1412 τὴν
1168 1352 1230 1402 εἷς
1269 1350 1428 1413 τρίτον
1458 1348 1689 1413 ἐσομένην

96 1425 353 1494 ἐξάρνησιν
378 1431 460 1477 τοῦ
497 1430 718 1494 Σωτῆρος
752 1428 885 1492 ἡμῶν
911 1432 1143 1496 Χριστοῦ,
1169 1433 1245 1481 καὶ
1281 1430 1352 1482 ὅτι
1386 1432 1498 1497 πρὶν
1525 1430 1690 1497 ὄρνιθα

98 1511 321 1574 φωνῆσαι
354 1507 437 1559 τὸν
462 1508 584 1578 ᾠδὸν
609 1509 831 1574 ἀτονήσει
865 1535 967 1565 πως
1000 1515 1106 1579 περὶ
1141 1513 1227 1578 τὴν
1250 1514 1428 1577 πίστιν,
1455 1513 1690 1582 ἐξηγεῖται

31 1605 78 1641 Ῑ5
99 1589 269 1641 λοιπὸν
307 1589 396 1641 ἀνὰ
432 1591 572 1657 μέρος
610 1592 635 1641 ὁ
674 1592 927 1647 θεσπέσιος
964 1594 1344 1660 Εὑαγγελιστὴς,
1380 1595 1487 1647 ὅποι
1526 1618 1575 1646 τε
1614 1599 1690 1646 καὶ

100 1671 227 1726 ὅπως
264 1670 319 1724 τὸ
357 1677 557 1739 πρᾶγμα
593 1672 886 1726 τετέλεσται.
941 1676 1301 1729 διαπυνθάνεται
1338 1678 1494 1729 τοίνυν
1528 1678 1556 1742 ἡ
1594 1681 1736 1735 τοῖς-1)

98 1759 320 1806 πυλῶσιν
350 1756 671 1822 ἐνιδρυνθεῖσα
711 1756 843 1823 γυνὴ,
868 1756 934 1823 μὴ
969 1759 1061 1826 ἄρα
1095 1783 1166 1814 τις
1201 1760 1268 1825 εἰἠ
1301 1765 1397 1812 τῶν
1425 1760 1691 1812 τελούντων

100 1839 149 1888 ἐν
173 1840 403 1901 μαθηταῖς
437 1843 521 1889 τοῦ
553 1838 640 1903 τὴν
665 1838 825 1891 ἄδικον
851 1842 1163 1905 ὑπομένοντος
1188 1843 1362 1910 κρίσιν.
1417 1843 1692 1911 ἀποφάσκει

102 1918 150 1970 δὲ
182 1920 206 1969 ὁ
237 1919 432 1986 Πέτρος,
459 1922 536 1972 καὶ
571 1920 736 1988 ὥσπερ
770 1946 814 1974 τι
848 1928 942 1974 τῶν
967 1925 1280 1991 ἐγκλημάτων
1304 1926 1690 1992 ἀποσκευάζεται,

33 2022 83 2048 20
103 2001 258 2068 λέγων
284 2005 387 2053 Οὐκ
416 2007 519 2072 εἰμὶ,
545 2005 621 2054 καὶ
656 2005 759 2073 οὐχὶ
794 2004 850 2070 δὴ
883 2006 1072 2061 πάντως
1105 2010 1389 2063 καταδείσας
1423 2008 1478 2059 τὸ
1511 2010 1693 2059 ἁλῶναι

102 2082 262 2151 τυχὸν,
307 2084 411 2136 οὐδὲ
462 2084 548 2149 τὴν
591 2089 674 2150 τῆς
724 2088 948 2151 ἀληθείας
999 2089 1261 2157 ἀνάῤῥησιν
1303 2090 1691 2157 παραιτούμενος,

104 2165 236 2217 ἀλλὰ
262 2165 315 2218 τὸ
341 2171 436 2218 πᾶν
464 2168 621 2218 ὁτιοῦν
648 2170 891 2233 ὑπομεῖναι
917 2172 993 2221 καὶ
1018 2176 1113 2222 τῶν
1139 2172 1438 2238 ἀβουλήτων,
1468 2177 1506 2224 εἰ
1535 2173 1690 2242 τύχοι,

105 2248 320 2315 δεύτερον
351 2248 516 2317 ὥσπερ
553 2274 598 2302 τι
637 2254 712 2302 καὶ
751 2254 907 2304 ὀπίσω
941 2256 1081 2308 τιθεὶς
1115 2261 1199 2306 τοῦ
1233 2260 1441 2307 συνεῖναι
1472 2258 1690 2326 Χριστῷ.
1711 2287 1734 2315 0

105 2331 162 2400 ἐξ
198 2330 388 2396 ἀγάπης
433 2332 514 2382 οῦν
552 2332 643 2398 ἄρα
686 2332 741 2384 τὸ
784 2339 1018 2398 πταῖσμα,
1059 2338 1135 2387 καὶ
1171 2337 1302 2404 ῥίζαν
1339 2361 1440 2392 πως
1477 2338 1570 2406 ἔχει
1608 2338 1695 2402 τὴν

38 2428 86 2467 25
108 2413 358 2481 φιλοθεΐαν
382 2414 410 2478 ἡ
438 2414 650 2481 ἄρνησις,
677 2416 760 2467 οὐκ
787 2416 844 2486 ἐξ
865 2419 1088 2483 ἀκριβοῦς
1113 2417 1199 2482 μὲν
1223 2420 1332 2471 λίαν
1358 2422 1697 2484 συμβαίνουσα

107 2501 363 2561 λογισμοῦ,
401 2496 620 2562 μνωμένη
659 2498 703 2549 δ’
747 2500 828 2550 οῦν
866 2499 992 2562 ὅμως
1030 2503 1097 2570 τῷ
1134 2506 1342 2554 συνεῖναι
1378 2506 1602 2555 ποθοῦντι
1641 2501 1695 2554 τὸ

108 2576 504 2643 σπουδαζόμενον.

597 2712 652 2748 25.
676 2703 738 2749 μὲν
753 2712 977 2751 assumptum
995 2718 1037 2741 ex
1055 2706 1096 2742 E.
1117 2706 1210 2743 Catt.
