2027 3257
93 196 106 236 [
124 196 161 226 (η
180 196 227 226 Μ.
247 197 259 236 ]

143 900 197 934 63
215 899 275 937 Μ.

66 1780 150 1820 Eph.
170 1780 190 1810 i.
210 1789 261 1819 22,

66 1834 135 1897 ἐξῆ.
153 1866 173 1897 i,
194 1865 241 1897 18.
292 1867 318 1889 cc

148 2107 169 2140 4
188 2107 268 2143 sqq·

299 130 381 170 282
500 130 550 170 B.
581 130 826 171 CYRILLI
857 129 1207 171 ALEXANDR.
1242 129 1614 170 FRAGMENTA
1672 128 1726 167 xi.
1745 140 1769 178 4
1789 140 1874 180 sqq.

297 241 392 288 τῶν
426 238 593 288 ἄλλων
631 238 797 292 αὐτοὺς
835 237 904 288 ὅτι
943 241 1026 301 τῆς
1059 238 1379 304 βλασφημίας
1412 238 1440 301 ἡ
1475 236 1679 301 δύναμις,
1707 236 1760 286 οὑ
1794 238 1876 299 τῆς

298 320 369 387 ἐφ’
396 321 496 388 Υἱῷ
534 320 725 386 θεωρίας
764 318 937 388 ἅψεται
968 318 1128 383 μόνης,
1155 319 1365 369 διελάσει
1398 319 1447 370 δὲ
1484 316 1647 384 ὥσπερ
1686 316 1875 386 ἀσχέτῳ

297 398 553 451 διάττουσα
574 400 732 469 δρόμῳ
756 403 830 451 καὶ
858 404 920 454 εἷς
946 398 1087 450 αὐτὸν
1106 398 1189 450 τὸν
1212 400 1421 466 Πατέρα·
1463 403 1538 450 καὶ
1563 400 1667 449 τίνα
1685 398 1876 464 τρόπον,

295 482 398 545 ἐρῶ.
445 485 481 531 εὶ
506 481 598 547 γὰρ
625 481 737 532 εἶναι
764 481 960 547 γενητόν
987 485 1153 549 φασιν,
1189 483 1264 532 καὶ
1290 485 1385 534 τοῖς
1411 482 1670 543 κτίσμασιν
1696 479 1875 545 ἐναρίθ-

295 585 402 623 μιον
440 563 658 627 ἡγεῖσθαι
691 563 883 630 πρέπειν
923 561 1005 613 τὸν
1039 564 1088 613 ἐκ
1116 566 1241 613 Θεοῦ
1269 560 1460 628 Πατρὸς
1488 561 1662 627 Λόγον,
1689 562 1876 627 ἐπείπερ

294 643 385 693 ἐστὶ
422 643 604 712 κεφαλὴ
632 644 799 699 πάντες
826 642 986 713 οὶνὸρὶς,
1011 648 1111 697 πῶς
1138 644 1221 694 οὐκ
1250 642 1308 694 ἂν
1334 648 1484 694 νοοῖτο
1515 641 1633 693 κατὰ
1659 640 1742 693 τὸν
1767 642 1877 693 ἰ’σον

293 725 471 789 τρόπον
497 725 687 779 κτιστὸς
712 727 788 775 καὶ
812 725 1119 788 πεποιημένος
1141 725 1364 792 ὑπάρχειν
1383 727 1458 775 καὶ
1479 724 1616 778 αὐτὸς
1637 726 1661 775 ὃ
1685 723 1872 790 Πατὴρ,

295 805 422 871 εἴπερ
462 807 565 856 ἐστὶ
609 806 792 875 κεφαλὴ
833 812 916 858 τοῦ
951 810 1069 858 Υὶοῦ
1108 807 1282 873 σχέσιν
1321 806 1509 873 ε”χοντος
1547 806 1751 869 ούσιώδη
1789 806 1875 869 τὴν

295 886 413 953 πρὸς
448 888 580 951 ἡμᾶς,
608 888 708 952 ἤτοι
734 887 853 953 πρὸς
879 889 1148 952 κτίσματα;
1192 889 1254 941 ὡς
1279 887 1373 953 γὰρ
1400 888 1534 938 αὐτοί
1556 891 1693 955 φασι,
1719 885 1873 951 πάντη

293 990 343 1018 τε
384 971 459 1019 καὶ
496 968 684 1022 πάντως
723 970 750 1033 ἡ
790 968 975 1037 κεφχλὴ
1018 972 1084 1038 τῷ
1124 973 1279 1037 λοιπῷ
1322 969 1511 1032 σώματι
1553 972 1771 1037 φυσικοῖς
1813 972 1874 1021 εἷς

294 1048 556 1114 ταυτότητα
581 1054 817 1101 συνδεῖται
850 1050 1023 1113 νόμοις·
1071 1052 1238 1101 οὐκοῦν
1264 1051 1325 1103 ὡς
1352 1049 1427 1100 διὰ
1453 1049 1601 1113 με’σου
1624 1055 1707 1100 τοῦ
1733 1053 1869 1111 Υὶοῦ,

295 1133 371 1181 καὶ
412 1135 474 1184 εἰς
512 1130 653 1182 αὑτὸν
692 1131 792 1199 ἥξει
833 1131 915 1181 τὸν
951 1130 1075 1182 Θεὸν
1114 1133 1189 1182 καὶ
1232 1131 1424 1196 Πατέρα
1464 1129 1518 1181 τὸ
1558 1129 1676 1196 πρὸς
1716 1131 1874 1182 πάντα

293 1211 441 1277 ἄνδρα
479 1213 719 1277 συγγενές·
771 1217 870 1266 πῶς
909 1213 991 1263 οὖν
1021 1212 1086 1263 ε”τι
1124 1211 1209 1276 τὴν
1246 1216 1340 1262 τῶν
1371 1210 1636 1277 γεγονότων
1668 1213 1870 1279 ὑπερνή·

291 1315 423 1359 χεται
463 1293 642 1360 φύσιν;
705 1293 732 1358 ἢ
773 1295 877 1344 τίνα
919 1292 1194 1360 ζητήσωμεν
1239 1292 1320 1343 τὸν
1364 1292 1491 1343 ὅλων
1537 1293 1871 1359 Δημιουργόν;

291 1375 401 1424 ἀλλ’
431 1376 484 1424 οὐ
510 1380 609 1428 ταῖς
635 1376 818 1426 ἐκείνων
844 1375 1136 1441 άβελτερίαις
1163 1373 1390 1442 ἑψόμεθά
1430 1373 1606 1435 πόθεν;
1646 1375 1874 1440 ἀγένητον

292 1455 339 1505 δὲ
378 1454 492 1506 εἶναι
530 1455 814 1520 πιστεύομεν
849 1459 910 1510 ὡς
943 1457 1000 1524 ἐξ
1035 1455 1262 1521 ἀγενήτου
1296 1455 1487 1521 Πατρὸς
1526 1455 1609 1507 τὸν
1640 1457 1697 1525 ἐξ
1731 1457 1874 1508 αὑτοῦ

290 1537 445 1605 φύντα
472 1537 645 1603 Λόγον·
689 1537 900 1607 κεφαλὴν
941 1538 989 1588 δὲ
1028 1538 1303 1600 ὠνομάσθαι
1342 1537 1497 1604 φαμὲν
1523 1539 1690 1593 παντὶς
1727 1536 1874 1609 ἀνδρὸς

291 1620 353 1671 ὡς
385 1619 650 1685 ἀρχέτυπον
674 1618 771 1683 μὲν,
799 1621 861 1673 ὡς
895 1619 1029 1688 ἔφην,
1055 1618 1212 1683 ἐπειδὴ
1239 1618 1287 1669 δὲ
1321 1620 1528 1686 πέφηνεν
1554 1620 1799 1685 ἄνθρωπος
1825 1621 1874 1671 ἐν

290 1698 510 1765 ἐσχάτοις
550 1706 634 1750 τοῦ
685 1704 851 1753 αἰῶνος
896 1705 1083 1766 καιροῖς,
1121 1703 1195 1751 καὶ
1237 1703 1298 1753 ὡς
1342 1701 1605 1766 ἀνθρώποις
1649 1699 1873 1769 ὁμόφυλα

291 1780 411 1830 κατά
440 1803 492 1845 γε
519 1780 572 1831 τὸ
600 1781 894 1847 ἀνθρώπινον
920 1786 982 1835 εἷς
1008 1789 1035 1811 “’
1052 1781 1268 1850 κεφαλὴν
1293 1783 1351 1849 τῇ
1379 1782 1621 1849 ἐκκλησίᾳ,
1646 1782 1744 1845 ἥτις
1770 1784 1872 1833 ἐστὶ

344 1860 397 1910 τὸ
432 1866 573 1923 σῶμα
608 1863 796 1913 αὐτοῦ·”
851 1862 1076 1929 πρωτεύει
1110 1862 1204 1928 γὰρ
1242 1862 1379 1916 αὐτὸς
1410 1864 1458 1913 ἐν
1481 1868 1603 1913 πᾶσι
1642 1861 1760 1914 κατὰ
1787 1861 1873 1924 τὴν

289 1947 372 1992 τοῦ
403 1941 601 1993 Παύλου
629 1942 811 2010 φωνήν.

312 2087 401 2128 Πᾶς
439 2086 548 2144 ἀνὴρ
586 2089 928 2143 Προσευχόμενοο
967 2088 990 2128 ἐὶ
1030 2090 1316 2145 ΠροφΗτεύων
1356 2088 1461 2129 κατὰ
1501 2090 1696 2144 κεφαλῆς
1732 2087 1841 2143 ἔχων

601 2172 867 2226 καταισχύνει
905 2171 981 2212 τήν
1021 2171 1215 2227 κεφαλήν
1255 2172 1382 2213 αὑτοῦ
1419 2174 1559 2214 κ.τ.λ.

360 2278 509 2346 (Ορᾷς
547 2277 673 2331 ὅπως
711 2283 793 2329 τοῦ
832 2279 1031 2348 ἑκατέρῳ
1069 2278 1329 2344 πρέποντος
1366 2278 1636 2345 βραβευτὴν
1673 2281 1868 2329 ποιεῖται

335 2406 368 2436 4.
393 2408 459 2438 γαρ
480 2394 527 2428 H.
545 2394 580 2428 δὲ
600 2394 667 2429 Ed.
729 2396 820 2439 φασὶ
837 2396 995 2440 γεννητὸν
1014 2395 1092 2440 (Sic)
1114 2395 1161 2429 H.
1262 2407 1314 2429 10.
1340 2396 1501 2440 φυσικοῖς
1519 2400 1739 2440 assumptum
1756 2407 1797 2429 ex
1818 2394 1868 2430 Η.

291 2450 345 2483 13,
367 2451 420 2481 14.
446 2443 515 2475 πῶς
526 2443 777 2486 -Δημιουργόν
802 2447 1022 2475 accesserunt
1047 2453 1088 2475 ex
1117 2442 1162 2476 H.
1217 2441 1339 2476 Statim
1367 2442 1479 2486 pergit
1496 2442 1621 2486 partim
1640 2453 1675 2475 se
1697 2448 1867 2485 repetens,

286 2485 413 2530 ἀναγκη
437 2486 556 2521 αἰτους
578 2488 631 2520 καὶ
657 2489 714 2521 τὸν
732 2487 868 2530 Πατέρα
892 2489 1031 2532 γενητὸν
1048 2488 1162 2527 εἰπεῖν,
1182 2487 1318 2532 ἐπείπερ
1336 2487 1461 2532 εἴρηται
1487 2488 1619 2531 κεφαλὴ
1638 2490 1697 2521 τοῦ
1714 2491 1867 2530 Χριστοῦ

286 2534 345 2564 τοῦ
371 2532 508 2575 ἔχοντος
525 2533 568 2566 ὡς
585 2533 695 2590 φασιν
713 2533 838 2577 σχέσιν
854 2535 938 2577 πρὸς
956 2533 1039 2576 ἡμᾶς
1055 2534 1096 2567 τὰ
1113 2534 1279 2575 κτίσματα
1296 2534 1456 2576 οὐσιώὸη,
1474 2534 1528 2566 καὶ
1545 2534 1598 2566 διὰ
1615 2533 1723 2576 μέσου
1740 2536 1867 2578 τρόπον

286 2578 359 2610 τινὰ
377 2580 436 2610 τοῦ
454 2579 512 2610 Υἱο
495 2593 534 2610 ου
552 2579 604 2611 καὶ
630 2579 676 2613 εἷς
692 2579 792 2612 αὐτὸν
809 2579 880 2622 ηξει
903 2581 961 2612 τὸν
979 2580 1064 2612 Θεὸν
1081 2580 1134 2613 καὶ
1152 2580 1288 2623 Πατερα
1305 2581 1342 2613 τὸ
1359 2594 1416 2623 πρ
1409 2594 1443 2614 >ς
1459 2581 1566 2613 πάντα
1582 2580 1686 2624 ἄνδρα
1704 2581 1866 2624 συγγενὲς

287 2624 340 2655 καὶ
358 2623 481 2667 ἀνάγκη
500 2624 656 2658 λοιπὸν
638 2639 751 2668 ετερον
769 2625 971 2669 δημιουργὸν
989 2627 1096 2667 ζητεῖν
1112 2625 1189 2669 παρ’
1209 2626 1345 2659 ἐκεῖνον.
1371 2625 1453 2659 διὸ”
1441 2640 1493 2659 ινα
1513 2625 1558 2669 μὴ
1580 2625 1626 2660 εἷς
1645 2626 1704 2660 τὰς
1720 2626 1866 2662 ἀτόπους

287 2669 408 2704 ταύτας
427 2670 513 2709 εκβῶ
504 2685 575 2712 )μεν
592 2670 685 2704 εἷκαι
677 2671 826 2714 )μυθίας,
846 2685 980 2713 νοητεον
997 2671 1157 2715 αγένητον
1174 2672 1231 2704 τὸν
1248 2673 1326 2705 Υἱὺν
1343 2672 1386 2706 ὡς
1405 2672 1493 2715 (16).
1690 2674 1865 2716 Ι4.ζητὴ-

289 2730 402 2759 σωμεν
421 2716 500 2759 (sic)
524 2716 571 2749 H.
868 2716 919 2749 16
946 2718 1091 2760 Πατρός
1119 2717 1270 2772 κεφαλὴν
1287 2718 1356 2751 δέ’
1341 2732 1384 2752 ως
1401 2718 1591 2762 ἀρχέτυπον
1607 2720 1730 2753 παντὸς
1746 2718 1866 2763 ἀνδρὸς

286 2762 481 2805 ὠνομᾶσθαι
499 2761 602 2795 καθ’
589 2777 606 2794 ο
624 2761 703 2807 φύει
723 2763 816 2796 Θεός·
851 2762 965 2804 ἐπειδὴ
991 2763 1027 2796 δέ
1053 2763 1105 2796 καὶ
1130 2763 1269 2808 γέγονεν
1290 2763 1465 2808 ἅνθρωπος
1490 2765 1543 2798 καὶ
1567 2779 1612 2799 εις
1633 2765 1786 2809 κεφαλὴν
1810 2765 1863 2799 τέ-

287 2809 393 2842 θειται
410 2823 449 2851 τη
469 2808 670 2852 εκκλησίᾳ”
649 2823 720 2851 ητις
739 2809 787 2842 Η.
980 2820 1032 2852 19.
1058 2810 1217 2854 ὁμόφυλα
1235 2810 1283 2843 ita
1300 2815 1338 2843 ut
1355 2810 1424 2844 vid.
1444 2814 1478 2845 et
1495 2811 1539 2844 A.
1740 2822 1795 2845 20.
1822 2814 1862 2855 τῇ

287 2855 450 2898 ἐκκλησίᾳ
469 2854 560 2888 edidi
577 2866 618 2888 ex
639 2854 686 2888 H.
705 2856 761 2897 τῆς
779 2854 958 2897 ἐκκλησίας
977 2855 1043 2889 Ed.
1242 2867 1296 2890 21
1323 2858 1419 2899 πᾶσι,
1438 2859 1559 2890 νοεῖται
1577 2856 1629 2890 καὶ
1647 2857 1727 2890 κατὰ
1745 2871 1864 2892 τουτον

287 2915 344 2934 τον
360 2902 486 2944 τρόπον
502 2904 567 2935 τῶν
584 2900 730 2935 ι’ίλλωντ
716 2915 734 2938 η
753 2900 885 2945 κεφαλή
904 2900 975 2934 des.
998 2901 1045 2935 H.

1897 579 1919 618 5

1898 989 1946 1015 10

1897 1393 1944 1432 15

1893 1807 1944 1833 20
